2962 4736
508 177 522 206 Ι

69 231 75 252 ⁸
185 217 247 280 bil
585 231 772 280 mansuetae
795 229 959 282 cumanus

141 313 213 398 ptria
247 309 458 394 explicationes
489 309 685 376 terminorum
713 319 744 375 et
783 312 1031 377 documentorum
1057 313 1333 379 ecclesiasticorum
1363 311 1402 384 ab

141 399 298 462 notiormm
319 397 379 478 peti
399 402 542 479 possunt,
561 397 615 459 sed
644 397 743 479 potius
783 398 960 461 adversariis
974 418 1008 461 cx
1024 397 1143 477 Critica,
1156 402 1201 463 vel
1213 401 1400 484 Philologie,

141 481 355 546 attendendum
366 491 422 556 est,
436 499 495 560 quo
508 479 539 542 in
551 499 642 544 sensu
654 498 743 544 noces
783 489 841 544 etc.
857 493 1078 566 proponuntur.

142 588 160 630 a
180 565 337 644 Theologis
361 564 526 642 adhibitae,
543 573 573 627 et
591 565 742 646 quomodo

142 652 179 715 ab
200 649 333 714 Ecclesia
352 648 521 712 intellectae
539 655 569 712 et
588 648 742 712 adhibitae
1020 627 1051 699 ς’
1074 634 1151 684 ⁸⁶⁸·

141 736 263 799 luerint.
962 726 986 774 a
1002 727 1107 774 muana
1121 728 1215 776 arettas

183 821 214 882 il.
233 817 370 881 Humana
385 816 461 880 ratio
479 834 631 898 nunquam
645 822 743 897 polest
828 819 857 881 l.
873 817 1042 882 idominerit
1056 819 1144 893 ratio,
1161 820 1192 882 in
1210 820 1400 901 probationi·

140 903 210 966 fidei
227 902 385 966 articulum
405 901 544 964 condere.
566 900 644 962 Nihil
660 901 741 963 enim
783 903 840 965 bus
854 903 1026 982 dogmatum
1038 903 1269 967 christianorum
1281 908 1400 969 nudum

141 996 320 1070 potestesse
337 984 744 1048 defidecatholioacreden·
784 997 991 1066 argumentum
1032 987 1302 1070 philosophicum,
1348 991 1401 1054 sed

140 1075 224 1148 dum,
245 1072 302 1132 nisi
315 1070 394 1153 quod
407 1089 423 1131 a
435 1069 496 1132 Ileo
507 1070 669 1131 revelatum
682 1077 741 1146 est;
784 1073 878 1134 solam
893 1072 1100 1134 auctoritatem
1110 1072 1241 1134 divinam
1254 1075 1401 1138 credendi

141 1175 210 1218 nam
224 1157 312 1219 Fides
327 1173 365 1218 cc
378 1155 496 1230 auditu,
513 1154 743 1216 nuditusoulom
785 1155 940 1232 motivum,
951 1174 1004 1218 seu
1016 1157 1084 1218 fidei
1091 1157 1321 1220 fundamentum
1332 1178 1402 1220 con·

140 1236 744 1320 perverbumllei(l).Omnisergoconse-
784 1240 920 1302 stituere.
948 1239 1093 1317 Dogmata
1119 1258 1187 1318 crgo
1215 1260 1252 1303 er
1270 1241 1399 1305 Revela·

141 1323 276 1405 quentia,
294 1324 362 1385 lieet
380 1331 502 1384 certoet
519 1321 671 1384 evidenter
687 1319 744 1382 dc·
785 1323 875 1387 tionis
887 1324 1032 1400 lontibus,
1051 1325 1186 1386 Ecclesia
1203 1326 1294 1403 duce,
1315 1345 1399 1388 com·

141 1409 241 1484 ducta,
255 1416 301 1470 est
319 1406 440 1488 quidem
460 1406 608 1468 sententia
625 1405 741 1466 tlreolo·
784 1407 937 1490 probanda
955 1417 1036 1470 sunt.

141 1492 204 1570 gice
221 1501 323 1566 certa,
349 1509 409 1552 non
435 1499 534 1553 autem
558 1489 665 1569 dogma
687 1489 744 1551 lide
827 1493 858 1554 2.
876 1491 1015 1564 Quamvis
1032 1491 1127 1554 vanas
1144 1511 1162 1554 a
1177 1491 1341 1574 Theologis
1361 1494 1399 1556 ad

141 1576 290 1639 catholiea
304 1574 500 1638 credendum.
786 1576 988 1639 confirmanda
1001 1576 1138 1654 dogmata
1150 1577 1254 1640 allatas
1264 1580 1400 1641 rationes

786 1659 938 1740 ingenium
953 1670 1085 1722 nostrum
1104 1661 1287 1739 examinare,
1305 1671 1337 1724 et
1356 1664 1401 1724 in·

379 1742 409 1814 S·
430 1749 507 1797 Μ·
786 1746 931 1806 damasec
943 1743 1059 1825 ineptas
1070 1745 1194 1806 relicere
1206 1747 1313 1825 possit,
1331 1747 1400 1808 illas

249 1862 287 1911 m
301 1861 458 1920 mnsttgtooo
473 1857 627 1908 dmum
787 1838 886 1892 tamea
905 1828 1035 1890 rationes
1054 1829 1305 1905 fundamentales,
1324 1849 1400 1911 quas

582 1921 592 1950 ¹
786 1913 851 1994 ipsa
868 1912 1013 1988 Ecclesia,
1033 1931 1110 1994 quae
1131 1913 1163 1974 in
1181 1923 1262 1975 recte
1285 1915 1401 1976 intelli·

786 1997 883 2074 genda
901 2006 931 2059 et
949 1996 1122 2077 exponenda
1139 1994 1170 2058 S.
1191 1995 1349 2078 Scriptura
1371 2005 1400 2060 et

184 2084 213 2147 l.
234 2082 306 2148 Cutn
331 2075 470 2163 dogmati
499 2083 633 2167 pluribus
657 2099 747 2159 argu-
786 2079 1193 2162 Traditioneerrarenequit,
1208 2081 1400 2160 addogmata

143 2169 249 2230 mentis
261 2166 379 2249 probari
394 2170 520 2246 soleant,
536 2169 603 2229 ideo
618 2167 749 2226 bumana
787 2165 1008 2244 comprobanda
1027 2165 1123 2240 allent,
1143 2167 1187 2226 rel
1213 2185 1294 2246 quae
1312 2185 1400 2228 com-

61 2252 67 2267 '
143 2253 217 2314 ratio
235 2253 266 2312 in
288 2251 362 2314 haec
381 2253 531 2333 inquirere
548 2261 577 2313 et
597 2251 676 2312 varia
691 2249 750 2309 col·
789 2249 871 2310 muni
899 2268 1045 2310 consensu
1071 2269 1088 2312 a
1114 2245 1166 2311 SS.
1196 2247 1350 2326 Patribus,
1372 2257 1400 2311 et

143 2337 244 2416 ligere,
257 2336 439 2398 acadlribere
450 2334 747 2418 potesacumautem
787 2333 944 2410 Tltoologis
968 2333 1168 2409 adhibentur,·
1189 2351 1322 2413 negare,
1353 2334 1398 2395 vel

143 2422 231 2483 etiarn
252 2419 290 2482 ad
308 2420 505 2482 certissimum
523 2418 629 2496 dogma
643 2419 749 2478 contir-
788 2417 912 2479 relicere
932 2418 1088 2491 nonlicet,
1108 2427 1176 2479 cum
1200 2426 1231 2480 et
1254 2419 1342 2501 ipsae
1363 2418 1400 2480 ad

144 2504 284 2566 mandam
315 2503 417 2585 inepta
445 2511 619 2582 argumenta
649 2499 748 2564 atlerri
789 2502 877 2564 fidem
900 2501 1066 2580 pertineant
1085 2501 1145 2582 (ἲ).

144 2589 268 2671 possint,
288 2587 396 2649 haece
419 2589 535 2650 ratione
559 2585 747 2660 examinari,
832 2587 862 2648 3.
881 2584 964 2646 Licet
983 2585 1138 2648 harmonia
1156 2584 1236 2648 inter
1249 2585 1398 2648 rationem

144 2682 172 2734 et
190 2673 215 2734 si
234 2673 271 2734 ad
290 2671 495 2752 probationem
519 2671 618 2732 minus
642 2669 751 2731 idonea
790 2679 820 2732 et
837 2669 1046 2731 revelationem
1066 2671 1098 2730 in
1115 2670 1215 2731 multis
1234 2670 1306 2732 sulei
1325 2671 1402 2730 veri-

144 2757 345 2833 inncniantur,
365 2756 454 2816 etiam
473 2755 556 2816 reiici
572 2762 705 2836 possunt.
792 2754 900 2816 tatibus
924 2753 1138 2833 perfectissima
1157 2753 1274 2814 ostendi
1293 2753 1399 2834 possit,

182 2840 214 2902 2.
239 2840 408 2902 Adversarii
431 2841 590 2922 praecipue
614 2857 649 2900 er
676 2837 751 2899 laisa
791 2837 821 2900 ia
842 2837 942 2898 multis
961 2843 1058 2898 tamen
1078 2839 1151 2899 baec
1165 2838 1324 2899 harmonia
1338 2838 1402 2898 irni-

144 2923 337 3005 Pbllosopbia
359 2943 428 2985 suas
447 2934 550 2985 contra
567 2921 749 3000 Religionem
792 2931 838 2984 tae
856 2921 988 2982 hominis
1016 2921 1124 2984 rationi
1150 2921 1314 3002 conspicua
1341 2941 1401 2983 non

145 3009 303 3071 revelatam
321 3007 505 3069 obiectiones
524 3016 623 3088 petere
642 3006 749 3081 solent,
791 3014 847 3082 est,
867 3005 935 3067 licet
954 3005 1072 3086 probari
1084 3006 1188 3087 possit,
1203 3006 1278 3066 nibil
1292 3004 1402 3066 rationi

147 3093 217 3154 etin
232 3091 446 3154 doctrinatndei
463 3090 673 3172 repugnantias
690 3107 753 3150 me·
792 3090 975 3152 eontrarium
999 3089 1114 3167 adesse,
1139 3089 1217 3170 quod
1235 3091 1402 3168 generatim

147 3175 324 3257 tapbysicas‚
339 3176 485 3257 physicas,
500 3177 545 3237 vel
562 3175 689 3236 morales
702 3173 753 3235 ad·
792 3174 823 3235 in
842 3173 988 3254 mysteriis
997 3173 1152 3252 contingit.
1166 3172 1321 3235 Incassum
1334 3193 1402 3251 ergo

147 3279 230 3336 esse,
253 3261 410 3322 ostendere
437 3267 593 3322 conantur.
617 3257 753 3319 Rationis
792 3258 919 3333 laborat,
934 3267 963 3320 et
977 3258 1127 3319 erroribus
1141 3257 1285 3319 facillime
1303 3258 1403 3338 impli-

147 3334 207 3406 iaro
227 3361 286 3404 non
305 3345 401 3405 solum
422 3344 485 3420 ius,
505 3343 558 3404 sed
576 3351 605 3403 et
623 3341 752 3404 officium
793 3351 889 3418 catur,
906 3343 956 3422 qui
969 3341 1070 3403 omnnia
1086 3340 1288 3403 Revelationis
1306 3342 1403 3422 capita

148 3436 204 3504 est,
228 3438 405 3506 apparentes
422 3427 494 3490 istas
518 3425 752 3506 repugnantias,
794 3445 829 3488 es
845 3425 961 3488 ratione
982 3427 1114 3488 evolvere
1132 3434 1162 3488 et
1179 3425 1332 3507 explicare
1351 3443 1403 3487 eo·

148 3531 201 3575 seu
223 3511 379 3589 antilogias
393 3514 519 3588 solvere,
539 3521 569 3573 et
585 3510 754 3586 ostendere,
795 3519 894 3572 natur.

149 3597 180 3658 in
199 3594 332 3657 doctrina
347 3596 415 3656 fidei
430 3597 503 3658 nibil
518 3595 626 3658 rationi
638 3602 757 3656 contra·

151 3681 229 3743 riurn
249 3679 388 3757 inueniri,
402 3681 451 3741 sed
470 3682 550 3742 inter
567 3681 713 3742 rationem
727 3686 757 3738 et
986 3665 1158 3713 ‘mcum
1171 3663 1215 3711 ”L
1385 3741 1388 3750 ,

151 3764 363 3827 revelationem
396 3765 538 3844 optimam
570 3762 756 3826 barinoniarn
819 3773 954 3824 ttetuttoncs
968 3773 1029 3822 lotar
1043 3775 1160 3822 renonem
1174 3773 1399 3829 otrsmtattonem..

152 3849 268 3911 adosse.

195 3932 226 3994 3.
246 3931 290 3992 Ad
314 3930 460 3993 rationem
487 3928 598 4011 pariter
621 3939 758 4013 spectat,
1041 3892 1072 3964 ς’
1089 3899 1166 3948 ⁸⁰⁰⁶

155 4016 339 4078 abiectiones
357 4017 490 4090 solvere,
521 4022 550 4075 et
573 4014 761 4077 difficultates
842 4013 884 4082 Ex
903 4012 989 4076 dictis
1005 4013 1063 4075 iam
1080 4011 1177 4090 colligi
1196 4017 1308 4094 potest,
1333 4028 1406 4092 quo·

154 4118 318 4176 removere,
338 4119 414 4180 quae
439 4106 542 4161 cotatra
561 4099 760 4174 authentiam,
802 4099 890 4161 motio
912 4099 988 4160 ratio
1009 4109 1037 4159 et
1056 4097 1195 4158 revelatio
1222 4113 1255 4157 so
1281 4095 1407 4156 invicem

156 4192 208 4243 aut
232 4192 345 4244 rectum
369 4203 488 4245 sensum
514 4179 545 4245 S.
574 4181 761 4257 bibliorum,
803 4184 942 4258 babeant,
959 4200 1012 4244 sen
1030 4197 1175 4263 quaenam
1198 4179 1278 4241 inter
1294 4190 1408 4241 utram·

157 4265 336 4344 scriptorum
356 4265 408 4329 SS.
427 4267 562 4342 Petrum,
588 4275 619 4330 et
636 4266 762 4328 aliorum
803 4285 861 4349 que
876 4275 999 4344 mutuae¹
1012 4266 1171 4327 relationes
1188 4264 1358 4327 obtineant.

190 4368 220 4424 ttt
237 4368 301 4415 bom.
316 4371 354 4430 td,
368 4370 406 4418 tt.
829 4373 865 4426 (dl
876 4373 909 4421 ct
921 4375 1031 4424 Ennaton.
1041 4373 1058 4422 l.
1073 4385 1094 4423 e.
1108 4385 1160 4437 cop.
1179 4374 1213 4422 15.
1263 4439 1270 4445 ἢ

331 1977 356 2022 Δ.
372 1973 475 2020 ballonis
492 1974 549 2020 lura.
609 2025 612 2030 ,
