2962 4736
433 216 509 263 aras
525 216 569 263 nr.
589 217 690 263 sncrto
708 218 741 262 u.
761 217 854 266 carun
871 217 902 264 v.
952 183 955 190 ’
1188 199 1249 263 tte

49 292 318 360 traorrtinariorum
334 295 518 358 ahtuentiam
537 295 653 359 charis·
695 315 757 357 rem
777 313 862 368 esse,
883 315 942 376 quo
961 294 1119 377 perfectius
1137 306 1166 360 et
1188 297 1294 361 elltca-'

50 390 181 458 matum,
202 381 376 462 praesertim
396 400 450 462 per
468 381 610 443 miracula
625 387 657 442 et
696 380 759 442 cius
786 399 805 441 a
833 380 961 461 peccatis
982 381 1119 457 retrahit,
1150 383 1185 442 ad
1214 381 1292 444 trona‘

52 465 196 530 vaticinia
210 483 283 528 strae
297 464 463 528 sanctitatis
481 473 594 526 certum
611 471 656 525 te·
696 482 787 546 opera
806 474 834 524 et
851 464 991 527 virtutum
1013 464 1151 526 exercitia
1171 465 1290 542 excitat,

51 549 227 612 stimonium
238 549 580 629 divinitusacceperunt.
591 547 668 610 Imo'
696 550 732 610 ad
752 566 882 612 amorem
909 547 962 610 Dei
987 558 1016 611 et
1039 547 1164 630 proximi
1182 550 1292 630 impel-

51 653 118 696 cum
133 633 213 698 utus
230 633 356 696 maxime
371 631 504 697 liberalis
522 632 656 694 fueritin
695 629 805 696 tltetc.
823 629 874 694 Sic
896 634 986 694 ctiam
1004 634 1087 694 rudis
1105 633 1207 709 homo,
1227 633 1293 696 sine

51 714 653 798 elargiendisSpiritusS.charismatibus,
697 715 887 797 praeiudiciis
913 734 1037 782 examen
1058 717 1228 791 instituens,
1245 717 1259 777 l
1277 751 1293 763 -
1320 765 1323 784 ,

52 810 81 864 et
106 803 138 866 in
159 800 250 878 signis
267 810 297 864 et
316 800 459 882 prodigiis
477 801 600 862 edendis
617 799 657 862 ah
695 801 752 862 cite
771 799 932 878 cognoscit,
955 800 986 862 in
1010 819 1139 881 quanam
1160 799 1294 862 Ecclesia

53 885 146 951 tnttio
162 885 325 961 Ecclesiae,
346 893 380 948 ut
397 885 532 948 infideles
547 884 586 946 de
599 883 657 945 lle-
696 883 830 946 doctrina
849 903 917 946 vere
941 894 1055 962 sancta,
1083 903 1136 947 scu
1162 884 1198 947 ad
1221 901 1293 946 san·

52 967 177 1048 ligionis
195 969 377 1032 christianae
404 969 527 1030 uerihte
547 987 583 1031 ac
606 968 654 1029 di·
697 969 827 1030 etitatem
843 967 1000 1048 impellens
1016 977 1208 1050 proponatur.

51 1053 179 1118 vinitatc
206 1053 467 1135 persuaderentur,
487 1053 570 1114 omni
591 1051 656 1113 hare
741 1052 805 1115 ott.
820 1052 850 1113 E.
864 1052 907 1114 Ex
922 1053 1078 1114 sanctitate
1090 1053 1294 1115 membrorum

50 1138 195 1214 intentur,
224 1136 318 1202 Deum
336 1137 432 1207 ,etiam
452 1137 483 1198 in
506 1136 658 1198 Ecclesiae
698 1153 849 1216 nunquam
874 1153 1015 1214 exurgere
1034 1143 1130 1217 potest
1147 1146 1217 1198 nota
1235 1135 1295 1198 Ec·

52 1239 216 1303 progressu
245 1239 397 1301 nunquam
418 1221 537 1302 penitus
563 1220 657 1282 dene·
698 1221 817 1282 etesiae.
847 1215 920 1281 Nam
950 1222 1090 1283 sanctitas
1105 1220 1229 1298 interna
1251 1228 1304 1301 est,

52 1323 126 1384 gara
152 1305 384 1368 'extraordinaria
403 1304 592 1381 charismata,
612 1304 657 1366 siss
697 1302 867 1381 invisibilis,
886 1301 887 1306 ’
909 1313 1032 1366 externa
1068 1311 1167 1371 antem
1206 1323 1295 1384 saepe

53 1408 128 1468 gna,
145 1388 288 1451 miracula
302 1397 376 1465 etc,
389 1397 423 1450 ut
434 1388 657 1464 dissentientes,
700 1397 812 1450 tanturn
828 1387 999 1451 simulatur.
1017 1389 1131 1451 Dantur
1147 1388 1226 1451 eninr
1240 1389 1289 1468 hy-

54 1493 111 1535 seu
128 1470 268 1534 haeretici
286 1491 384 1535 reram
401 1472 564 1535 Ecclesiam
578 1473 658 1534 clare
700 1473 843 1554 pocritae,
874 1471 925 1552 qui
954 1473 1049 1535 sancti
1077 1473 1236 1550 videntur,
1266 1478 1294 1534 et

54 1554 657 1638 cognoscant.Verumsanesempersit,
700 1575 760 1618 non
795 1564 875 1617 sunt.
914 1555 990 1634 Ergo
1018 1575 1061 1618 ex
1094 1555 1295 1619 membrorum

56 1648 188 1722 oportet,
219 1637 548 1720 quaerimusduo:
572 1641 658 1704 Dici-
698 1639 856 1704 sanctitate
891 1641 960 1702 tera
998 1639 1132 1703 Ecclesia
1164 1638 1323 1720 dignosci

54 1727 155 1790 sionei
180 1725 542 1805 patrocinantium
561 1733 659 1789 cratem
700 1722 815 1804 nequit.

55 1809 202 1890 Spiritas,
220 1841 237 1858 ·-
250 1815 310 1870 -ct
329 1809 489 1873 divisiones
512 1809 659 1889 operatio·
740 1807 827 1888 Rcap.
859 1804 1006 1874 Sanctitas
1034 1804 1152 1874 interna
1170 1801 1312 1878 exterius

56 1912 134 1957 nnat
149 1899 231 1972 anat,
250 1893 514 1970 daemomonem,
533 1893 661 1973 podopa-
700 1909 731 1954 se
746 1891 937 1954 manifestare
954 1892 1054 1972 dehet,
1074 1901 1135 1954 tum
1156 1893 1226 1973 quia
1244 1911 1298 1953 ex-

56 1985 152 2042 ratur
172 1976 274 2041 notato
296 1977 331 2038 in
358 1978 503 2040 amaritate.
536 1977 660 2040 Unicai-
701 1985 784 2037 terna
801 1993 919 2056 quoque
943 1975 1011 2037 fidei
1031 1976 1175 2056 professio
1193 1976 1296 2056 reqiri-

58 2068 232 2142 paeantem
254 2059 347 2124 datur
367 2061 568 2143 manifestatio
589 2061 659 2142 Spi-
700 2059 787 2132 riter,
809 2069 871 2120 tam
891 2060 961 2141 quia
988 2058 1122 2123 Christus
1141 2061 1187 2140 (E)
1206 2059 1295 2122 dicit:

58 2147 141 2209 ritus
155 2145 194 2207 od
205 2144 363 2207 utilitatem
381 2153 438 2207 etc.
457 2146 516 2227 (l).
592 2189 593 2192 ,
700 2145 749 2208 Sic
765 2145 859 2207 taccat
887 2145 944 2206 lac
967 2152 1065 2208 nestra
1081 2161 1181 2206 corant
1201 2144 1296 2207 homi·

103 2229 194 2294 Nota.
221 2226 329 2289 Veram
357 2226 465 2291 Christi
497 2227 659 2292 Ecclesiam
700 2228 848 2303 niteant
867 2229 986 2292 videant
1003 2245 1092 2308 opera
1108 2236 1206 2292 oestro
1225 2231 1298 2292 hono

58 2322 198 2376 sanctam
217 2327 281 2373 esse
299 2311 499 2374 Protestantes
517 2309 575 2374 noh
600 2313 660 2375 dil·
701 2323 757 2374 etc.
772 2312 885 2374 llantur
903 2312 1024 2393 quidem
1044 2313 1226 2396 hypocritae,
1246 2332 1297 2376 seu

58 2399 195 2472 litentur,
219 2397 354 2476 quamuis
366 2397 553 2459 sanctitatem
572 2396 660 2458 istam
701 2395 866 2458 sanctitatis
894 2393 1105 2474 simulatores,
1137 2397 1190 2479 qui
1221 2397 1298 2463 horna

60 2491 206 2560 tanquam
230 2481 381 2546 Ecclesiae
403 2490 502 2544 notam
532 2489 662 2542 statuere
703 2499 794 2562 opera
819 2489 849 2542 et
873 2479 996 2543 uirtutes
1020 2492 1184 2558 exercent,
1208 2489 1241 2542 ut
1262 2480 1298 2544 ah

60 2573 215 2640 recusent,
234 2573 264 2630 et
281 2564 446 2628 doctrinam
462 2571 592 2630 nostram
607 2565 667 2626 im-
704 2563 875 2626 hominihus
899 2565 1067 2642 videantur,
1093 2565 1300 2640 aestimentur,

61 2666 201 2732 pugnare
219 2657 378 2712 conentue.
703 2657 733 2710 et
765 2648 935 2710 laudentur.
964 2648 1079 2718 httstt
1110 2667 1228 2730 quoque
1247 2666 1299 2729 pro

108 2733 175 2796 Odi.
197 2732 227 2794 t.
243 2731 346 2812 tuapte
364 2733 505 2796 stathltnr
521 2731 664 2795 sanctitas
703 2731 858 2794 sanctitate
872 2731 1021 2795 Ecclesiae
1036 2734 1237 2796 testimoninm
1254 2731 1269 2795 l
1284 2765 1298 2778 ·

65 2816 221 2880 doctrinae
250 2835 303 2896 pro
329 2826 399 2880 nota
422 2818 592 2894 Ecclesiae3
613 2817 664 2882 illa
704 2824 797 2891 runt,
828 2815 899 2896 qnia
939 2817 1006 2878 talis
1044 2816 1206 2897 hypocrisis
1241 2835 1300 2877 non

64 2901 148 2966 enim
170 2901 332 2980 conspicua
359 2921 418 2964 non
444 2910 502 2978 est,
521 2910 554 2964 nt
578 2900 664 2962 tacite
704 2908 857 2962 exercetur
880 2899 938 2961 nisi
960 2900 990 2964 in
1010 2903 1164 2973 societate,
1187 2900 1218 2962 in
1243 2919 1301 2980 qua

65 2985 205 3062 cognosci
226 2985 329 3064 possit,
342 2986 412 3066 qnia
425 2986 508 3047 rudis
526 2987 613 3069 homo
628 2984 666 3047 ad
707 2986 785 3048 hona
802 3001 892 3064 opera
913 2992 943 3046 et
959 2985 1082 3046 virtutes
1102 2985 1199 3062 raaagni
1215 2984 1302 3048 aesti-

66 3069 303 3145 cognoscendam
315 3070 500 3132 sanctitatem
514 3069 667 3132 doctrinae
708 3068 837 3131 tuantur.
851 3066 986 3130 &terum
1005 3067 1081 3130 sicut
1098 3069 1172 3130 latsa
1190 3069 1301 3131 numis-

66 3152 670 3219 deheretomuesacticulositliusdoctri-
708 3160 787 3214 mata
812 3172 828 3214 a
857 3152 1013 3230 genuinis,
1038 3152 1079 3214 ita
1099 3153 1301 3234 hypocritaea

67 3255 128 3300 nae
156 3237 340 3316 exantinare,
362 3239 440 3319 quod
464 3239 551 3320 plane
573 3237 668 3320 ipsius
708 3235 907 3299 verissanctis
921 3234 1053 3314 dignosci
1071 3246 1210 3318 possunt3
1224 3239 1304 3302 unde

67 3321 150 3382 uires
165 3329 296 3402 superat.
708 3319 842 3384 Christus
858 3320 921 3400 ipse
936 3321 983 3402 (3)
998 3321 1035 3382 de
1054 3321 1136 3383 salsis
1149 3321 1305 3405 Prophetis

111 3405 200 3484 Resp.
239 3405 282 3468 hd
320 3405 507 3468 sanctitatem
542 3404 669 3468 alicuius
709 3406 769 3467 ait:
788 3405 841 3470 Ec
855 3405 1003 3486 sanctitat
1026 3423 1129 3468 coram
1150 3424 1304 3488 connasce-

69 3489 227 3552 doctrinae
256 3491 491 3567 cognoscendam
516 3509 576 3552 non
595 3508 670 3572 opus
710 3491 748 3554 tia
778 3507 836 3553 ccc.
867 3489 958 3551 Plena
989 3498 1088 3551 autem
1127 3493 1305 3556 certitudine

70 3581 117 3634 est
133 3571 219 3634 docta
235 3572 441 3653 inquisitione,
455 3593 552 3656 neque
564 3593 670 3654 inagna
710 3575 851 3637 sanctitas
870 3591 1021 3636 servorum
1036 3571 1089 3636 uei
1104 3577 1303 3654 cognoscitur,

71 3655 251 3720 eruditionis
269 3666 423 3738 apparatu,
448 3659 518 3739 qaia
540 3660 584 3720 lex
604 3679 670 3720 nto·
711 3660 736 3722 si
763 3658 800 3721 ab
829 3657 902 3740 ipsis
932 3656 1041 3720 uirtute
1063 3658 1162 3722 divina
1185 3661 1216 3721 in
1233 3661 1304 3734 nita,

71 3741 160 3816 ratis,
189 3741 302 3821 sculpta
329 3742 361 3802 in
380 3742 520 3804 cordibus
549 3743 670 3818 nostris,
712 3752 762 3806 aut
778 3753 845 3826 post
869 3749 996 3807 mortem
1020 3742 1163 3807 miracula
1181 3751 1305 3824 patran-

72 3824 147 3890 satis
178 3824 257 3888 clare
286 3825 409 3888 cuilthet
441 3844 531 3890 sanae
564 3827 675 3889 mentis
713 3839 770 3890 tur.

73 3907 192 3972 taomlnt
215 3908 318 3984 dictat,
353 3911 462 3972 matam
486 3910 671 3988 sopiendam,
756 3910 822 3976 Oti.
849 3910 879 3972 3.
903 3907 1014 3973 Paulus
1041 3910 1088 3993 (t)
1115 3912 1193 3973 ctare
1221 3907 1307 3972 docet

74 3991 189 4054 honam
206 3991 388 4071 laciendum,
405 3993 497 4068 ileum
515 3995 673 4056 colendam
714 3994 856 4057 miracuta
881 4013 940 4056 non
965 3993 1090 4078 phopter'
1107 3995 1230 4071 sidetes,
1254 3993 1306 4054 sed

75 4083 107 4137 et
137 4094 230 4156 supet·
265 4077 366 4140 omnia
398 4077 559 4140 amandum
593 4097 674 4142 esse.
714 4077 1130 4161 proptertnhdelespatrari;
1155 4077 1305 4141 aitenirn:

74 4158 144 4240 lpsa
169 4179 241 4221 sana
267 4163 343 4222 ratio
366 4161 456 4241 igitur
473 4162 594 4223 cuilibet
618 4164 674 4224 ho·
714 4165 848 4244 Linpane
862 4165 895 4225 in
908 4165 1028 4243 sipannt
1041 4170 1123 4238 stant,
1139 4180 1199 4241 nott
1215 4155 1308 4245 fideti·

75 4244 152 4308 nrini
182 4243 267 4317 dicit,
290 4246 453 4308 doctrinam
484 4263 521 4308 en
542 4248 674 4310 sanctio·
712 4249 778 4325 hocs,
796 4248 846 4311 aed
862 4247 1045 4328 infidelitas:
1070 4265 1141 4324 ergo
1166 4247 1309 4310 miracula

105 4352 366 4415 <altmontem
426 4354 657 4414 talamana·
742 4356 905 4418 (sinitaut.
1034 4353 1252 4412 (anteactam.

214 4435 223 4464 t
