2930 4736
435 157 509 203 runs
526 159 569 202 nr.
590 155 692 202 securo
708 157 740 200 n.
760 155 854 202 curor
871 157 904 202 n.
1190 140 1247 204 aet

57 235 125 297 banc
144 235 379 317 'promissionem
401 236 437 298 ad
456 236 583 298 concilia
600 253 651 297 re·
692 253 736 295 os.
752 232 825 296 Nam
844 235 900 296 etsi
913 234 944 296 in
960 233 1071 297 rnundo
1086 234 1222 318 loquelae
1234 237 1291 298 dis·

23 355 25 360 ,
56 321 175 382 strinxit.
195 319 267 382 Sive
284 341 353 399 ergo
373 320 504 382 Ecclesia
527 319 558 381 in
577 338 651 382 cnu-
691 318 804 380 similes
821 327 902 395 sunt,
920 326 1024 397 ¹tamen
1043 319 1135 382 virtus
1156 320 1291 402 traditi07

54 403 128 474 cilio,
154 403 219 466 sire
246 415 327 466 extra
347 405 504 469 concilium
524 404 650 478 doceat,
691 403 738 462 nis
765 421 825 463 una
857 402 1022 482 eademque
1046 411 1101 464 est.
1132 403 1169 466 Et
1194 423 1291 486 oeque

55 486 89 547 ob
102 485 207 550 Christi
224 484 257 550 et
268 486 396 570 Spiritus
407 486 437 551 S.
449 487 650 550 assistentiam
691 485 759 562 bae,
776 485 889 566 quaein
901 484 1058 549 Germania
1070 487 1210 550 fundatae
1222 497 1293 551 suut

55 570 212 634 iotatttbttis
231 581 288 634 est.
309 571 378 634 ldeo
397 571 530 635 Christus
547 571 651 652 quovis
690 569 841 634 Ecclesiae
867 569 952 632 aliter
971 571 1115 647 credunt,
1132 579 1183 632 aut
1205 573 1292 634 aliter

55 663 179 733 tenpore
202 655 272 718 sine
294 657 468 736 exceptione
485 655 649 718 Ecclesiam
691 654 824 731 tradunt,
840 672 937 734 neque
949 653 1016 730 hae,
1033 655 1152 735 quaein
1167 653 1293 737 Hyberis

54 738 147 799 audire
168 738 268 802 iubet.
284 739 395 802 Paulus
414 739 579 802 Ecclesiam
599 759 652 819 per
690 745 771 814 sunt,
790 757 888 818 neque
900 739 968 812 bae,
983 757 1060 818 quae
1078 739 1108 800 in
1123 737 1224 815 Celtis,
1241 758 1291 802 ne·

52 821 146 882 orbern
170 822 341 904 dispersam
362 825 531 886 colamnam
547 832 575 887 et
592 827 649 904 plr-
690 821 843 901 quobus,
864 841 941 903 quae
969 821 1000 883 in
1029 819 1167 899 Oriente,
1194 842 1291 903 neque

52 915 228 968 numentum
243 908 376 970 veritatis
388 909 534 970 nominat.
548 907 650 988 Neque
691 905 758 981 bae,
779 905 905 986 quaein
927 905 1069 986 Aegypto,
1094 925 1191 988 neque
1210 906 1289 984 bae,

53 988 197 1068 Apostoli,
224 1001 277 1052 aut
302 990 441 1072 Episcopi
465 991 497 1052 in
523 992 649 1053 concilio
689 989 808 1070 quaein
828 990 925 1051 medio
942 990 1045 1051 ntundi
1062 998 1132 1052 sunt
1150 991 1290 1053 constitu·

50 1073 160 1133 collecti
179 1075 325 1150 fuerunt,
352 1095 420 1136 curn
449 1076 484 1137 ad
505 1075 649 1156 Ephesios
691 1083 749 1151 tae;
776 1074 828 1135 sed
847 1074 925 1136 sicut
949 1075 1005 1150 sol,
1025 1083 1159 1136 ereatura
1181 1074 1234 1136 llei
1258 1075 1291 1138 iu

26 1163 28 1173 '
52 1153 153 1218 Paulus
170 1159 335 1235 scriberet,
361 1179 378 1222 a
395 1158 456 1220 Deo
472 1169 606 1241 pastores
623 1170 649 1222 et
690 1158 827 1219 universo
845 1158 957 1219 mundo
975 1177 1053 1218 unus
1073 1168 1101 1220 et
1123 1159 1202 1220 idern
1222 1165 1288 1236 est,

51 1240 171 1302 dectores
189 1241 277 1303 datos
298 1261 378 1318 esse,
398 1245 491 1306 donec
508 1261 649 1307 occurru-
689 1241 731 1302 sic
755 1249 785 1304 et
807 1242 925 1318 lumen,
945 1242 1126 1323 praedicatio
1157 1243 1289 1305 veritatis

53 1341 221 1388 nrteomnes
238 1328 272 1388 in
290 1327 435 1390 unitatem
448 1329 530 1408 fidei,
545 1337 571 1389 ct
587 1346 650 1390 nen
691 1324 801 1404 ubique
821 1327 911 1402 lucet,
932 1336 961 1388 et
980 1345 1076 1408 neque
1094 1325 1120 1387 is
1140 1328 1190 1406 qui
1205 1327 1291 1390 valde

53 1407 134 1469 cinus
158 1411 288 1489 parenti
314 1410 512 1491 flatctuantes,
533 1420 560 1474 et
585 1413 648 1474 cir·
690 1410 839 1488 praevalet
869 1409 899 1471 in
929 1428 1080 1486 sermone,
1104 1429 1139 1472 ex
1161 1410 1217 1486 iis,
1238 1411 1289 1491 qui

53 1493 251 1572 censeremur
268 1496 353 1556 omni.
366 1504 452 1558 uento
463 1496 624 1566 doctrinae.
690 1501 831 1572 praesunt
848 1493 1000 1570 Ecclesiis,
1016 1495 1087 1568 alia,
1107 1513 1196 1576 quarn
1215 1495 1289 1556 baec

96 1575 125 1638 E.
144 1576 283 1640 Ecclesia
302 1579 392 1640 etiam
414 1579 444 1640 in
468 1579 563 1641 tribus
585 1579 648 1659 pri·
689 1585 768 1654 sunt,
789 1577 906 1639 dicet...
928 1596 1025 1657 neque
1042 1577 1180 1639 insumus
1194 1577 1225 1638 in
1240 1577 1288 1640 di-

56 1655 105 1718 mis
117 1663 259 1737 saecutis,
277 1664 345 1724 licet
360 1663 398 1724 ob
414 1662 496 1725 diras
511 1681 650 1744 persecu·
689 1660 993 1722 cendodeminorabit
1008 1662 1231 1724 traditionem.»
1250 1697 1290 1707 -

57 1739 141 1804 tiones
157 1747 320 1807 concilium
339 1748 476 1824 generale
498 1748 648 1809 celebrare
692 1746 891 1812 Tertullianus
914 1747 960 1828 (a)
981 1745 1039 1806 ait:
1067 1765 1082 1807 ‹
1107 1746 1216 1808 Christi
1233 1746 1288 1808 do-

55 1841 106 1884 non
123 1837 244 1906 posset,
261 1838 361 1892 tamen
380 1830 518 1908 dogmata
539 1831 647 1894 defini·
689 1828 813 1889 ctrinam
837 1829 985 1908 Apostolis
1003 1831 1162 1891 revelatam
1182 1848 1240 1890 non
1260 1849 1288 1891 a·

56 1906 93 1967 rit
108 1920 135 1970 et
151 1913 302 1976 credenda
328 1915 499 1994 proposuit,
526 1934 560 1977 ac
579 1914 648 1977 lidei
688 1912 756 1973 liter
767 1912 884 1993 probari
899 1913 1019 1990 debere,
1035 1913 1091 1975 nisi
1102 1933 1156 1994 per
1170 1914 1288 1975 easdem

56 1997 266 2059 controversias
283 1998 413 2074 diremit,
428 1999 469 2060 ita
482 2000 601 2080 quidem
616 2009 649 2060 ut
688 1996 848 2073 Ecclesiae,
867 2017 941 2078 quas
956 1997 1013 2078 ipsi
1031 1997 1165 2078 Apostoli
1183 1997 1288 2059 condi-

57 2091 162 2156 onnas,
181 2082 236 2162 qui
256 2083 353 2143 setall
371 2083 482 2144 iudicio
500 2083 649 2146 subiicere
688 2079 812 2157 derunt,
838 2081 912 2162 ipsis
937 2081 980 2142 eis
1009 2081 1207 2162 praedicando
1227 2090 1288 2144 tam

58 2174 239 2242 recusarunt,
260 2174 294 2227 ut
308 2165 447 2227 baeretici
467 2167 599 2229 damuati
619 2175 649 2230 et
688 2165 753 2226 viva
771 2184 857 2242 unce,
872 2184 960 2246 quarn
981 2165 1185 2246 perepistdlas
1205 2174 1287 2247 post3

56 2241 169 2309 alienia
187 2251 284 2312 salute
302 2249 398 2312 habiti
425 2251 552 2326 luerint,
571 2252 649 2313 sicut
688 2267 757 2310 ea.»
777 2246 841 2320 Quo
861 2249 1007 2331 principio
1028 2249 1141 2331 posito,
1158 2251 1199 2310 ita
1223 2269 1289 2331 per-

58 2330 193 2392 testantur
213 2334 247 2398 S.
266 2333 404 2414 Ipnutiua
429 2335 474 2401 Μ.
492 2334 552 2415 (1),
576 2337 646 2398 Ter·
687 2333 741 2410 git:
762 2333 822 2395 ‹Si
841 2333 915 2396 haec
929 2333 970 2395 ita
988 2340 1069 2410 sunt,
1089 2342 1205 2395 constat
1223 2354 1288 2415 pro·
1307 2363 1315 2378 r
1368 2363 1370 2367 ¹

58 2411 265 2498 tullianum),
288 2418 429 2498 Oripcnes
445 2419 512 2499 (3),
534 2419 647 2499 S.·Cp-
688 2416 770 2492 inde,
791 2435 910 2478 omnem
930 2416 1109 2495 doctrinam,
1125 2437 1202 2499 quae
1220 2437 1288 2480 eum

58 2495 244 2584 prianustl).
259 2501 335 2580 Ergo
348 2503 486 2564 lamtunc
505 2504 648 2583 temporis
687 2500 747 2561 illis
764 2501 903 2563 Ecclesiis
921 2502 1092 2583 apostolicis
1119 2503 1287 2584 conspirat,

59 2579 190 2672 creditum
224 2595 281 2658 est,
302 2586 463 2648 Ecclesiam
491 2586 647 2649 docentem
688 2584 803 2646 veritati
829 2585 1048 2665 deputandam:
1071 2606 1086 2647 e
1115 2595 1145 2648 et
1168 2587 1287 2648 tandem

58 2668 135 2724 ettam
160 2676 245 2730 extra
276 2669 433 2732 concilium
460 2669 646 2733 infallibilem
688 2669 849 2730 concludit:
861 2668 1142 2733 «Communicamus
1154 2689 1220 2731 curn
1234 2669 1289 2731 Ec-

58 2759 124 2808 esse.
138 2749 200 2814 Into
220 2752 350 2814 adhunc
366 2753 566 2818 Ecclesiarunt
581 2774 650 2816 con·
688 2751 786 2813 clesiis
804 2753 987 2833 apostolicis,
1001 2754 1080 2834 quod
1096 2753 1177 2814 nulla
1189 2753 1288 2814 diver-

58 2842 178 2920 scnsum,
194 2856 251 2899 ceu
268 2837 305 2898 ad
318 2838 511 2900 certissimam
528 2847 650 2901 eterro·
687 2854 720 2904 sa
738 2835 883 2898 doctrina:
905 2836 960 2898 boc
981 2837 1070 2914 igitur
1091 2845 1136 2898 est
1150 2836 1288 2898 testimo·
1313 2841 1315 2848 ’

60 2925 80 3004 11
97 2912 170 2980 haud
185 2921 343 2983 obnoxiam
361 2923 430 2984 srdci
445 2941 579 2984 normam
596 2942 649 2984 an·
688 2919 774 2980 nium
789 2920 932 2982 veritatis.
951 2940 1020 2981 e—
1041 2920 1286 2999 &depectimus

60 2999 206 3088 tutissimi
228 3005 330 3066 Patres
348 3016 555 3086 provocarunt.
581 3005 647 3068 Non
687 3003 869 3066 liceteontre
887 3003 1289 3083 Pelagianosconciliumge·

61 3077 386 3167 alrosaneargumento,
399 3090 504 3152 nisiex
518 3109 647 3154 consen·
687 3089 788 3152 nerale
806 3089 936 3149 nondum
956 3088 1089 3149 habitum
1103 3088 1218 3164 luisset,
1235 3089 1287 3149 sed

60 3176 88 3220 11
104 3164 251 3235 Ecclesiae
269 3173 420 3254 dispersae
439 3175 550 3254 petito,
571 3193 646 3239 con·
687 3171 817 3252 ipsorum
838 3191 953 3234 errores
972 3180 1086 3234 tantum
1104 3171 1134 3233 in
1151 3171 1287 3251 pluribus

60 3249 97 3306 tra
113 3253 158 3314 sui
172 3258 313 3336 temporis
327 3258 493 3320 haereticos
507 3259 647 3338 pugnauit
687 3257 822 3318 conciliis
841 3255 1081 3336 particularibus,
1106 3267 1134 3317 et
1152 3275 1285 3318 aroma-

59 3335 85 3387 et
100 3351 191 3402 reram
215 3342 378 3404 doctrinam
398 3342 532 3404 defendit
551 3343 592 3406 S.
613 3343 645 3406 Ι·
687 3358 725 3400 no
744 3340 886 3403 Pontifice
904 3341 1036 3402 damnati
1055 3349 1171 3416 essent,
1187 3349 1287 3404 tamen

58 3426 180 3485 renuens.
196 3424 245 3486 Ait
263 3425 341 3488 enim
357 3427 416 3506 (5)':
438 3425 645 3508 ‹Hannsrdem
686 3424 759 3485 istos
784 3424 951 3487 haereticos
976 3425 1023 3504 (l)
1046 3424 1088 3486 ita
1106 3425 1284 3505 alloquitur:

60 3489 177 3569 Ecclesia
208 3516 239 3570 et
266 3509 386 3590 quidem
413 3511 442 3570 in
475 3510 644 3572 universum
688 3505 823 3570 (Vestra
840 3509 919 3588 apud
946 3517 1119 3588 competens
1142 3508 1287 3572 iudicium

23 3623 25 3631 ,
61 3587 189 3652 mundum
207 3593 411 3670 disseminata,
424 3593 583 3673 diligenter
596 3612 647 3656 cu·
686 3591 1287 3673 communiumEpiscuporummedecan-

61 3667 149 3746 stodit,
166 3677 250 3757 quasi
270 3697 359 3739 unam
382 3677 504 3740 domum
522 3677 644 3740 inhabi-
685 3694 718 3737 sa
735 3675 819 3737 linita
837 3684 893 3751 est,
917 3693 973 3738 nec
990 3677 1118 3757 amplius
1132 3677 1286 3738 uobiscum

61 3748 116 3811 tans
132 3766 160 3818 et
173 3761 311 3824 similiter
328 3762 422 3824 credit
434 3761 484 3836 iis,
504 3761 589 3842 quasi
607 3782 645 3823 ub
684 3759 830 3836 agendum
846 3767 904 3836 est,
923 3768 1068 3842 quantum
1091 3760 1128 3822 ad
1147 3761 1193 3821 ius
1214 3762 1302 3820 exa·'

61 3841 118 3893 nam
133 3842 263 3908 animem
285 3845 399 3909 babens
421 3855 451 3907 et
469 3864 560 3906 unum
581 3864 643 3922 cor;
687 3843 775 3921 artinis
797 3844 936 3924 pertinet,
950 3843 1007 3906 nisi
1023 3845 1165 3926 prolatam
1181 3841 1218 3903 de
1231 3842 1286 3904 bae
1374 3871 1377 3878 ·

62 3920 285 3990 etconsnnanter
295 3929 369 3991 baec
381 3929 533 4011 praedicat
549 3935 579 3990 et
594 3928 647 3990 do·
685 3945 717 3988 re
728 3927 905 3990 sententiam
918 3948 985 3990 teum
999 3946 1071 4010 pace
1082 3925 1283 4005 sequamini.)

61 4006 142 4066 celet
158 4011 258 4090 tradit,
275 4013 362 4094 quasi
383 4032 475 4076 unum
489 4011 645 4096 possidens
684 4041 727 4056 -
749 4010 831 4074 Idem
850 4013 898 4094 (8)
929 4013 993 4075 ait:
1014 4009 1124 4074 ‹Ntbit
1152 4009 1287 4072 Ecclesia

86 4151 102 4212 l¹
125 4159 163 4222 Ep.
179 4166 208 4214 ad
220 4167 306 4227 Ephes.
322 4180 342 4216 e.
358 4169 395 4216 ld.
715 4167 745 4283 ppt
762 4169 811 4216 nt
830 4169 884 4215 adv.
897 4168 963 4216 haer.
977 4180 999 4213 c.
1013 4166 1045 4212 ὀἲ

85 4213 106 4270 n
128 4221 148 4267 1.
163 4226 192 4272 oo
207 4228 269 4286 bapt.
285 4241 306 4274 e.
322 4229 343 4275 a.
376 4231 407 4292 (a)
419 4228 587 4278 commentat
598 4231 645 4278 nn.
740 4230 746 4288 p
765 4230 789 4274 t..
803 4229 833 4276 oa
850 4225 1036 4288 parasceuen.

87 4273 150 4332 1111.
164 4286 193 4333 da
207 4290 268 4334 uolt.
283 4287 347 4334 lieet.
532 4317 535 4324 ·
716 4291 746 4351 tlt
763 4290 785 4336 L
800 4291 815 4336 ὅ
829 4301 850 4336 c.
865 4289 956 4344 tettan„
970 4297 991 4330 c.
1004 4283 1026 4328 l.
1086 4279 1115 4342 (8)
1132 4280 1205 4343 Epist.
1219 4281 1256 4328 55.
