2910 4732
407 231 481 278 runs
502 231 523 276 ι.
548 229 649 276 secero
670 229 702 273 n.
725 227 820 274 meur
841 227 883 273 ιι.
1196 207 1236 271 ¹13

28 320 149 393 prototc
173 331 290 392 genere
305 311 440 374 humano
454 309 631 386 destinetur,
672 325 741 368 cum
760 305 840 370 enim
870 305 997 372 limitata
1020 305 1079 382 sit,
1098 313 1128 368 et
1144 304 1273 381 inllrmt,

28 398 126 461 dehent
147 416 221 462 esse
248 396 464 476 alperspieui,
489 404 522 457 nt
542 393 633 458 tacite
672 392 807 472 prolecto
822 409 882 453 non
900 389 1275 452 omnesmodosdetermi-

28 479 630 560 rbemnihnsintelliglqueant,hicerti,
673 493 745 538 nere
762 476 860 552 velet,
888 473 997 556 quihus
1024 472 1111 535 Ratio
1139 473 1273 549 induite,

28 584 56 628 ne
67 566 94 627 in
113 583 155 630 re
167 564 310 630 omnium
323 561 496 642 gravissima
510 561 631 625 dubite-
672 559 750 620 llens
761 559 960 640 omnipotens,
977 557 1227 637 sapientissimus,
1241 573 1276 619 ue

28 649 85 711 doni
104 650 202 712 locus
218 648 420 728 relinquatur,
437 647 467 727 c)
487 647 630 726 completi,
671 643 841 706 liberrimus
859 643 902 703 uti
921 649 1022 724 potest
1046 641 1084 702 ed
1107 640 1276 704 Revelatio-

29 734 159 796 utsimul
185 731 285 794 sumti
301 750 388 794 verae
405 739 522 794 tuntum
544 749 632 794 reve·
672 745 739 788 nem
765 727 1022 808 supernaturalem
1046 723 1218 786 hominihus
1235 725 1276 786 ite

28 817 121 879 lationi
143 819 324 897 competere
360 869 361 872 ,
411 815 465 881 'nt
672 811 995 884 concedendam,utde
1009 808 1276 889 illeomninopcr-

60 903 85 964 3.
107 900 313 964 characteres
362 897 536 961 eveleticnis
563 904 634 972 sunt
672 895 752 957 suasi
770 895 944 957 reddentur.

29 986 142 1061 intenti,
158 993 192 1046 et
205 973 632 1047 caternilnternidesnmun-
927 1025 956 1094 ς.
974 1031 1029 1078 Μ.

30 1079 68 1130 ιιι
79 1089 119 1133 er
137 1067 348 1130 Revelationis
364 1066 505 1142 marene,
523 1085 578 1129 eeu
598 1082 634 1128 ex
885 1085 888 1090 ·

31 1153 82 1234 ipse
91 1153 250 1228 doctrina,
267 1169 342 1232 qnae
353 1169 408 1213 ceu
423 1152 550 1212 revelate
560 1167 632 1230 pro-
832 1134 1015 1186 lffilmffl‘
1032 1135 1124 1184 ''m'’

32 1238 153 1316 potuum
176 1237 296 1298 externi
319 1245 417 1298 eutem
438 1243 633 1317 petunturcr
714 1235 904 1302 characteres
922 1237 1031 1300 interni
1046 1238 1279 1319 negativideter·

31 1322 117 1396 form
142 1319 368 1396 Revelationis,
397 1337 450 1381 seu
478 1337 514 1382 ex
545 1318 633 1380 modo
674 1322 799 1396 minant,
814 1322 885 1403 qnid
903 1341 919 1384 o
938 1321 1085 1397 doctrine,
1102 1341 1178 1403 quae
1195 1341 1278 1386 reve·

31 1425 76 1485 qvo
95 1404 365 1479 manifestatione,
385 1421 421 1477 ex
434 1401 633 1465 circumsten·
673 1407 732 1467 lata
752 1406 872 1483 dieitur,
893 1407 996 1468 abesse
1010 1406 1110 1481 dehet,
1127 1417 1155 1469 et
1171 1409 1277 1487 positi-

32 1489 79 1567 tiis,
92 1489 259 1570 inquibus
279 1488 322 1562 dt,
337 1496 415 1549 etex
430 1486 547 1562 mediis,
564 1487 633 1568 qui·
672 1491 702 1552 oi
715 1489 888 1567 ostendunt,
905 1490 1054 1572 quomodo
1075 1491 1212 1562 doctrina
1227 1491 1277 1554 di·

32 1573 231 1635 husdoetrina
247 1571 465 1648 manifestatur,
478 1579 508 1632 et
523 1589 634 1652 prope·
673 1574 783 1635 vinitus
802 1575 929 1637 revelate
945 1584 1116 1656 comparata
1130 1575 1169 1636 sit
1186 1587 1277 1657 optr-

31 1667 115 1732 gatur.
140 1657 336 1720 characteres
353 1663 413 1716 tum
434 1655 556 1730 interni,
570 1664 633 1717 tum
675 1666 726 1720 tet.
767 1677 769 1682 ’

32 1742 137 1804 externi
156 1741 294 1820 nepotiue
309 1739 521 1815 determinant,
538 1757 633 1819 quae·
717 1746 745 1804 t.
767 1740 849 1804 luxte
876 1759 967 1804 sanae
988 1741 1111 1804 rationis
1129 1741 1277 1805 dictamen

33 1845 90 1887 nem
115 1845 179 1888 nen
208 1824 300 1904 pessit
318 1842 383 1885 esse
401 1841 470 1886 vera
494 1823 633 1886 revelatio
674 1824 725 1886 illa
745 1825 880 1887 electrina
903 1845 958 1888 ceu
983 1825 1123 1886 divinitus
1149 1828 1278 1889 revelate

33 1909 277 1990 supernaturalis,
286 1907 409 1987 positive
418 1916 517 1970 autem
530 1916 632 1969 osten·
675 1909 778 1971 heberi
798 1927 856 1970 non
880 1917 997 1990 potest,
1018 1928 1095 1990 quae
1115 1911 1221 1987 certis,
1249 1921 1278 1972 et

33 1993 122 2069 dunt,
149 2011 300 2073 quaenam
324 1992 464 2072 revelatio
489 2009 634 2072 provere
675 1992 861 2055 evidentibus
885 1994 1008 2056 rationis
1027 1993 1181 2074 principiis
1203 2013 1277 2056 con-

35 2077 129 2142 divina
147 2076 369 2158 supernaturali
386 2075 525 2138 hobenda
539 2075 589 2136 sit.
675 2078 764 2140 traria
793 2085 848 2143 est.
869 2077 949 2139 llens
965 2078 1063 2154 enim,
1085 2078 1136 2158 qni
1163 2077 1200 2139 ed
1223 2095 1279 2140 nos

67 2162 98 2224 4.
130 2159 370 2223 &prenotatis
401 2158 635 2240 supernaturalis
676 2169 737 2222 tum
758 2178 810 2241 per
828 2160 986 2238 rationem,
1008 2170 1070 2223 tum
1094 2179 1147 2242 per
1163 2162 1279 2224 revele-

35 2263 84 2308 eeu
98 2263 176 2325 opus
191 2243 245 2306 liei
259 2243 482 2324 sapientissimi,
496 2263 531 2306 ec
545 2244 635 2306 heni-
677 2245 786 2308 tionem
808 2245 956 2326 loquitur,
987 2245 1044 2306 sibi
1075 2245 1279 2307 contradicere

36 2328 163 2403 guissirni
191 2328 227 2390 ud
252 2328 341 2390 tinem
361 2327 491 2390 hominis
513 2345 635 2408 promo·
676 2329 789 2409 nequit.
810 2329 896 2390 Aliud
911 2329 1069 2391 dicendum
1082 2339 1127 2390 est
1142 2329 1179 2390 de
1194 2329 1279 2410 prin·

37 2413 156 2476 rendum
169 2409 509 2491 cunmpietur,dubiteri
518 2413 634 2493 nequit,
676 2413 762 2494 eipiis
782 2412 882 2474 minus
899 2413 999 2489 certis,
1019 2413 1048 2474 in
1076 2413 1185 2494 quihus
1204 2413 1279 2476 ratio

39 2496 210 2569 materiam,
236 2503 266 2557 et
291 2496 418 2557 sormam
438 2494 636 2559 Revelationis
676 2506 833 2578 corrupta,
854 2506 883 2558 et
900 2497 1053 2559 debilitate
1078 2515 1166 2579 saepe
1190 2497 1280 2559 aher·

38 2581 160 2656 auctori,
184 2579 342 2657 subiecto,
363 2599 397 2641 ac
413 2579 465 2640 lini
487 2579 581 2660 ipsius
600 2600 636 2643 o·
676 2591 733 2658 rat,
753 2581 835 2643 etde
860 2581 1066 2662 systematihus
1093 2581 1280 2662 philosophi-

39 2664 135 2724 mnino
150 2681 328 2742 congruere:
344 2673 433 2744 atque
448 2664 515 2726 ideo
529 2665 635 2726 chere·
678 2667 732 2743 cis,
748 2665 777 2726 in
797 2665 906 2746 quihus
921 2684 980 2727 non
999 2665 1101 2728 omnia
1119 2683 1174 2727 ceu
1192 2666 1280 2726 ratio·

40 2754 129 2814 cteres
144 2747 291 2823 internus,
309 2755 340 2810 et
356 2755 492 2810 externos
510 2767 546 2810 ex
563 2767 636 2812 cen-
678 2750 724 2811 nis
740 2749 905 2811 ‘dictamine
924 2749 1106 2812 considerari
1137 2756 1278 2829 pessunt,

40 2839 117 2910 cepto
130 2831 276 2894 Dei-ceu
294 2833 444 2908 candoris,
464 2851 498 2894 ex
514 2842 635 2910 natura,
678 2851 744 2896 curn
764 2833 819 2913 ipsi
838 2832 1058 2914 Philosophiin
1078 2831 1137 2894 illis
1152 2831 1281 2892 cunden-

42 2923 68 2974 et
81 2923 156 2977 statu
176 2915 320 2997 empirice
339 2917 479 2992 hominis,
498 2935 552 2978 seu
567 2919 636 2981 sul>-
678 2919 723 2980 dis
740 2917 797 2979 silvi
809 2917 1028 2980 consentientes
1044 2935 1101 2976 non
1118 2915 1189 2977 sint.
1205 2913 1280 2975 Por·

43 2999 118 3075 lecti,
136 3008 165 3061 et
183 3017 219 3060 ex
245 2999 388 3061 relatione
408 2999 444 3061 ed
470 3001 636 3078 veritatem,
678 3000 849 3063 rc-divina
867 3000 1007 3063 revelatio
1033 2999 1107 3060 nihil
1127 2997 1281 3060 continere

46 3084 251 3157 moralitatem,
273 3091 302 3145 et
321 3083 503 3162 felicitatem,
528 3104 581 3148 seu
604 3097 646 3148 ex¹
681 3092 776 3166 potest
789 3085 917 3160 veritati,
942 3082 1113 3157 moralitati,
1135 3090 1164 3144 et
1182 3081 1281 3144 lelici-

46 3166 164 3238 vinc-ac
187 3167 274 3247 proin
292 3185 327 3228 er
349 3169 495 3248 completo
513 3167 639 3232 Revela·
681 3169 731 3231 tati
751 3169 951 3242 contrarium,
977 3175 1028 3228 aut
1047 3168 1187 3243 noxium,
1208 3165 1280 3249 quia

47 3249 125 3314 tionis
142 3261 289 3330 conceptu
300 3250 497 3314 determinare
509 3261 636 3334 oportet.
681 3252 758 3314 Deus
773 3252 851 3312 hunc
867 3251 1011 3332 triplicem
1028 3251 1130 3326 sineru,
1148 3267 1236 3332 quern
1249 3249 1281 3311 in

48 3331 217 3398 Procurrere
236 3353 305 3412 ergo
318 3338 453 3414 pectorali
470 3337 558 3398 statui
572 3347 639 3418 pot·
681 3336 801 3398 homine
826 3343 992 3415 promotum
1022 3334 1103 3410 vnlt,
1123 3343 1203 3396 certe
1221 3354 1282 3396 non

47 3425 93 3478 est:
114 3419 249 3494 materia,
269 3427 299 3480 et
327 3419 421 3481 forma
442 3419 640 3482 Revelationis
681 3420 815 3500 impedit.
849 3417 979 3480 'laudem
1014 3417 1112 3479 divina
1143 3419 1282 3480 revelatio

49 3501 145 3580 triplici
161 3501 232 3566 huic
248 3521 370 3564 nornrae
382 3523 441 3564 non
460 3521 638 3586 repugnare,
681 3515 752 3565 tunc
768 3501 882 3563 admitti
899 3502 1014 3582 nequit,
1028 3502 1053 3564 si
1065 3502 1161 3582 capite
1176 3502 1282 3585 dpetri·

48 3585 91 3646 sed
111 3587 210 3666 potius
226 3588 395 3652 consentire
414 3588 640 3650 dehent-lu·
682 3606 737 3648 nne
757 3586 926 3668 propositae
945 3586 1023 3648 inter
1045 3605 1076 3648 se
1096 3589 1238 3667 pugnent,
1254 3595 1284 3646 ct

50 3675 87 3730 vta
104 3671 183 3734 hunc
200 3689 344 3733 canonem
359 3671 473 3732 theorie
488 3673 642 3734 rationalis
682 3671 739 3733 sihi
756 3670 972 3732 contradicant:
990 3670 1056 3731 talis
1072 3671 1151 3732 enirn
1167 3677 1285 3732 eontra-

50 3752 241 3817 characterum
262 3763 324 3816 tum
342 3754 550 3834 internorum,
578 3765 641 3819 tum
682 3753 771 3817 dictio
798 3755 827 3814 in
851 3753 943 3816 Deum
974 3754 1072 3835 ipsum
1098 3752 1284 3816 retundenda

50 3845 230 3900 externorum
247 3838 446 3900 construenda
460 3848 514 3901 est.
589 3856 591 3862 ’
683 3851 770 3901 esset.
785 3873 827 3885 -
838 3839 888 3899 lsti
908 3847 977 3900 sunt
994 3838 1178 3900 characteres
1196 3836 1283 3896 inter·

84 3923 168 3985 Nutu.
195 3919 280 3984 Licet
297 3923 373 3984 ratio
395 3924 543 4000 humane,
567 3923 644 3985 sicut
683 3924 713 3984 ni
729 3922 867 4000 negativi,
887 3923 937 4002 qui
957 3923 1049 3983 multo
1070 3921 1162 3998 magis
1178 3918 1213 3979 ed
1235 3917 1282 3977 di·
1334 3999 1335 4006 ἵ

52 3999 238 4068 Revelationis
250 4006 488 4085 possibilitatem,
502 4017 531 4069 et
541 4025 644 4068 neces·
683 4005 1036 4068 indicendamlelsitutem
1050 4004 1180 4084 spuriae,
1192 4017 1283 4082 quam

53 4085 155 4152 ritatem
177 4090 354 4166 ostendere,
381 4091 424 4152 sic
445 4091 535 4152 etiam
558 4091 647 4152 sulli·-
683 4090 925 4170 adprehendam
956 4089 1108 4150 veritatem
1137 4083 1285 4162 genuinae

52 4168 151 4236 cientes
173 4175 307 4235 eiusdem
334 4183 436 4252 notes,
456 4193 507 4236 seu
533 4173 642 4236 chora·
682 4173 881 4235 Revelationis
899 4172 1071 4234 inserviunt.

52 4259 135 4318 oteres
152 4256 305 4335 assignare
323 4259 436 4333 valeat,
457 4267 586 4320 ettamen
604 4257 642 4317 li·
724 4255 756 4319 2.
769 4253 848 4318 Side
859 4252 1078 4316 characteribus
1093 4248 1219 4324 internis
1234 4267 1285 4327 po·

51 4337 146 4400 mitum
166 4359 287 4404 snorum
313 4360 427 4404 memor
451 4360 515 4402 esse
532 4340 641 4394 usum,
682 4339 776 4394 virtvte
791 4334 1040 4398 dementatione
1060 4333 1208 4394 humanae
1225 4348 1283 4415 non
