2910 4732
166 157 185 219 8
515 173 710 227 marosticam
732 183 763 227 m
784 179 971 225 rnsonooranr

174 253 204 314 l.
224 255 411 336 Penelopia·
427 273 504 336 quac
524 256 584 334 agit
603 259 640 320 de
659 261 728 324 bio·
769 261 847 322 etin
867 259 970 340 quavis
985 258 1047 320 lere
1065 253 1122 319 alia
1142 253 1280 317 facultate
1298 251 1372 314 ino-

126 336 261 417 graphia,
287 338 518 420 bibliograpbia,
539 345 728 422 auctoritate,
769 351 821 424 p'es
843 359 1073 423 saepenumero,
1092 347 1121 402 et
1139 339 1252 400 indocti
1278 355 1369 419 repe·

126 422 267 498 lectione,
279 420 540 504 interpretatione,
554 445 587 486 ec
600 447 655 490 usu
675 427 727 491 SS.
770 429 893 490 riemur.
910 460 950 472 -
963 425 1048 488 Certe
1067 431 1209 505 quantum
1228 421 1372 484 historiae

128 505 279 567 Ecclesiae
296 505 432 584 Petrum,
453 515 482 569 et
504 507 676 574 Doctorum.
769 511 938 590 cognitione
957 509 1123 585 Theologus
1150 507 1304 584 indigeat,
1323 505 1373 566 vel

167 587 198 650 b.
230 589 440 674 Syaodolopia,
464 611 542 672 quae
568 604 730 674 pertractat
770 597 812 656 illi
831 595 952 655 aliunde
972 611 1078 670 magno
1095 598 1269 668 argumento
1285 598 1370 661 sunt,

127 671 306 750 historiam,
330 677 558 752 auctoritatem,
585 685 615 738 et
642 697 728 740 usum
749 662 752 732 i
771 679 821 759 qui
837 679 901 740 cius
924 676 1111 756 ignoratione
1131 682 1200 736 sunt
1222 674 1252 734 in
1272 673 1375 733 varios

127 756 328 819 Consiliorum
356 769 417 820 tarn
437 761 646 838 generalium,
667 773 728 824 tum
771 781 886 824 errores
905 762 979 842 lapsi
999 761 1058 841 (3).
1075 779 1089 820 a
1120 793 1162 806 -
1181 755 1293 819 Sannoi
1312 775 1374 816 au-

129 840 366 905 malleatoriam.
771 855 829 907 tcm
850 845 992 906 momenti
1012 863 1065 925 pro
1092 841 1240 919 Theologo
1263 839 1374 902 c'atho-

138 941 153 954 ·’
182 926 214 986 3.
239 927 420 1007 sperandeo,
445 945 521 1007 quae
555 929 731 1010 praeprimis
771 931 828 990 lico
861 939 905 990 est
938 928 1120 1008 Patrolopa'o.
1160 925 1261 986 Patres
1288 923 1372 984 enim

128 1009 330 1088 symbolorum
362 1013 392 1072 in
422 1011 555 1072 Ecclesia
585 1015 730 1076 catholica
771 1023 841 1086 stant
859 1012 986 1074 nociores
1005 1011 1114 1086 nostri,
1130 1009 1183 1070 viri
1197 1008 1377 1086 triagnivcr-

37 1173 39 1180 ‚
129 1093 358 1173 approbatorum
383 1096 548 1173 originem,
567 1099 730 1159 auctorita·
771 1098 822 1173 bo,
846 1106 875 1158 et
898 1114 999 1175 opere,
1025 1093 1219 1156 benemeriti
1245 1092 1282 1152 de
1309 1088 1378 1152 lte-

130 1188 201 1252 tcm,
222 1186 251 1238 et
268 1187 381 1238 rectum
397 1197 518 1240 sensum
540 1182 681 1258 ostendit,
696 1201 730 1243 ac
771 1181 899 1259 ligione,
926 1179 1077 1253 Ecclesia,
1104 1186 1134 1239 et
1158 1175 1372 1250 humanitate,

129 1261 197 1322 dein
243 1260 487 1324 heterodoxorum
530 1263 728 1330 Ecclesiarum
771 1259 1374 1344 suntintcrpretesS.Scripturae,testeS,

129 1345 261 1426 symbola
279 1357 427 1421 recenset,
447 1357 476 1407 et
495 1347 649 1410 diiudicat.
749 1339 753 1446 l
772 1359 801 1410 et
818 1347 955 1409 custodes
975 1345 1154 1421 traditionis,
1175 1345 1330 1417 doctores,
1343 1351 1376 1402 et

170 1429 201 1490 l.
221 1429 435 1510 Arcltoeolopia
453 1433 493 1494 N.
518 1434 554 1494 F.
576 1451 652 1511 quae
671 1433 731 1510 agit
772 1433 944 1494 defensores
962 1428 1143 1507 llcligionis,
1175 1437 1244 1488 sunt
1260 1426 1373 1502 duces,

129 1512 165 1573 de
186 1513 414 1592 antiquitatibus
428 1516 650 1592 ecclesiasticis
671 1537 730 1598 quo
772 1527 800 1578 et
819 1525 951 1596 pastores
969 1513 1069 1595 populi
1090 1511 1257 1587 christiani,
1276 1519 1378 1571 stato-

130 1597 249 1656 nomine
266 1599 388 1658 ueniunt
410 1600 561 1673 instituta,
593 1601 685 1678 ritus,
702 1609 731 1662 et
771 1619 819 1662 res
838 1597 1015 1678 disciplinae
1029 1607 1100 1672 etc,
1117 1597 1152 1658 ad
1169 1615 1244 1676 quos
1263 1611 1376 1674 provo-

130 1698 188 1754 reS,
209 1679 318 1759 quibus
345 1690 428 1744 retus
451 1684 581 1746 Ecclesia
600 1685 631 1744 iu
650 1687 729 1746 culta
772 1702 840 1746 care
856 1681 1011 1744 catholicis
1024 1699 1142 1761 semper
1154 1681 1287 1740 solemne
1303 1677 1375 1742 luit.

131 1763 232 1824 divino
255 1783 308 1826 usa
325 1776 380 1827 cst.
750 1763 753 1836 Ι
772 1768 842 1830 ldeo
861 1767 1005 1841 studium,
1036 1766 1114 1846 quod
1144 1764 1305 1824 eorurrdem
1326 1763 1376 1822 le-

173 1848 203 1909 5.
224 1849 357 1912 Historia
375 1851 546 1928 litteraria,
573 1870 649 1931 quae
671 1873 731 1917 non
772 1852 913 1927 ctionem,
925 1860 1048 1912 etusum
1060 1851 1377 1926 docetuumquamsa·

129 1932 226 1994 solum
243 1935 406 2012 originem,
427 1955 614 2015 progressus,
635 1946 665 1997 et
686 1939 731 1997 vi·
772 1937 809 1997 tis
821 1934 1024 1996 commendari
1043 1942 1149 2014 potest.
1169 1966 1210 1978 -
1226 1929 1374 2010 Equidem

130 2017 319 2079 cissitudines
337 2019 561 2100 disciplinarum
583 2020 731 2099 theologi·
772 2013 1377 2094 adtraditionemcognoscendammaximi

131 2121 233 2162 aarum
250 2102 403 2178 describit,
420 2105 469 2164 sed
490 2106 577 2164 etiarm
595 2114 732 2166 auctores
773 2103 916 2165 momenti
935 2111 1004 2162 sunt
1023 2103 1111 2164 etiam
1131 2099 1274 2170 Concilia,
1286 2096 1376 2177 Sym-

132 2187 322 2266 praccipuos,
342 2196 371 2248 et
392 2187 483 2248 libros
502 2190 733 2268 praestantiores
773 2188 852 2260 bola,
868 2187 1023 2260 instituta,
1040 2195 1069 2246 ot
1097 2185 1171 2244 ritus
1191 2183 1297 2243 ceteris
1314 2181 1375 2242 Ec-

131 2279 277 2345 recenset‚
298 2270 407 2350 quibus
422 2273 451 2332 in
469 2272 601 2352 qualibet
616 2273 731 2335 theolo·
773 2272 892 2346 clesma,
913 2289 972 2330 non
986 2269 1103 2332 uidetur
1118 2277 1215 2328 tamen
1235 2264 1378 2347 specialis

131 2353 197 2431 gica
216 2355 372 2433 disciplina
391 2359 532 2416 utorrclnm
555 2366 610 2417 est.
773 2355 912 2417 cathedra
930 2353 1158 2434 Spatodolapiae,
1179 2349 1373 2428 Spnabolicae,

172 2437 206 2499 B.
227 2439 422 2502 Maluentum.
450 2438 586 2501 Studium
608 2440 732 2502 histori-
772 2449 801 2500 et
817 2439 1047 2520 Archaeolapiae
1066 2439 1105 2499 N.
1133 2437 1170 2498 F.
1195 2435 1374 2510 assignanda

131 2541 201 2582 cum
217 2523 275 2596 iam
304 2525 334 2584 in
357 2543 465 2601 genere
485 2544 592 2604 magna
614 2526 731 2586 emolu·
772 2543 847 2585 esse.
866 2523 939 2584 Pars
949 2524 1027 2583 enirn
1046 2520 1188 2588 historica
1203 2519 1309 2580 harum
1325 2519 1376 2577 clt-

131 2615 231 2666 menta
248 2608 379 2686 praebet.
401 2629 415 2668 a
436 2607 564 2670 ilistoria
582 2611 674 2684 enirn,
692 2609 733 2668 ait
772 2608 963 2688 sciplinarum
976 2608 1006 2666 in
1022 2603 1145 2666 historia
1158 2601 1374 2672 ecclesiastiea,

131 2689 463 2772 Ludovicuslliresll),
480 2693 581 2767 eflicit,
596 2702 627 2752 ut
641 2711 730 2772 prac-
773 2702 801 2753 et
816 2711 884 2775 pars
903 2689 1075 2752 doctrinalis
1094 2689 1124 2748 in
1144 2686 1375 2763 Theologiado-

131 2775 295 2836 leritisnon
309 2777 732 2837 miuusuideamurinterl'uis-
772 2777 911 2854 gmatica,
930 2775 1002 2834 etin
1021 2773 1088 2832 aliis
1106 2771 1271 2852 disciplinis
1286 2769 1376 2830 theo·

131 2877 174 2936 se,
192 2879 279 2939 quam
293 2861 511 2940 praesentibus,
528 2861 645 2940 illisque
663 2879 731 2940 per·
773 2860 876 2939 logicis
908 2865 1113 2938 pertractatur.
1151 2855 1232 2916 Idem
1256 2853 1374 2915 dicen·

131 2944 201 3006 iude
224 2945 266 3004 uti
288 2963 418 3023 posseac
436 2946 556 3006 nostris.
577 2943 731 3006 -llisto-
772 2945 841 3004 dum
862 2952 905 3004 est
924 2943 960 3002 de
973 2941 1097 3003 laistoria
1116 2940 1276 3013 litterario,
1297 2955 1376 3017 quae

131 3027 186 3103 ria,
207 3027 231 3088 si
253 3029 341 3104 adsit,
360 3049 395 3090 cx
415 3031 515 3110 pueris
538 3029 607 3089 lacit
626 3047 730 3101 senes,
772 3029 885 3088 tirones
902 3025 1082 3102 Theologiae
1103 3024 1246 3098 docet,ex
1264 3021 1376 3102 quibus

132 3111 157 3170 si
180 3111 276 3188 absit,
310 3131 343 3172 cx
368 3113 490 3174 senibus
515 3132 633 3193 pueros.
658 3132 673 3172 n
699 3112 732 3174 ld
773 3111 962 3193 potissimum
980 3109 1120 3189 operibus
1137 3107 1262 3168 solidam
1278 3105 1376 3165 varia-

133 3196 292 3276 praccipue
313 3195 472 3259 dicendam
488 3207 532 3257 est
551 3197 732 3259 dellistert'a
772 3191 1377 3273 rumdisciplinarumtheologicarumno·

133 3279 331 3355 ecclesiastica,
352 3283 523 3360 quaefacta
542 3282 652 3342 summi
678 3299 731 3360 pro
773 3279 867 3339 titiam
885 3277 1005 3337 haurire
1024 3277 1151 3356 possint,
1171 3284 1201 3336 et
1218 3276 1284 3334 ideo
1308 3275 1376 3332 ma·

133 3364 236 3442 quovis
254 3363 418 3425 Christiano
438 3367 581 3426 rnotneuti
601 3372 729 3439 enarrat,
771 3382 860 3438 gnum
896 3362 967 3441 ipsis
1006 3361 1239 3421 emolumentum
1275 3357 1373 3418 affert.

133 3466 199 3507 cum
220 3447 359 3509 carnibus
376 3449 732 3530 disciplinistbeologicis
771 3445 850 3507 llaec
869 3447 948 3506 eninr
962 3495 968 3510 .
982 3453 1094 3524 partem
1116 3443 1257 3504 historiae
1275 3441 1376 3501 eccle·

133 3530 237 3591 intime
262 3531 422 3608 cohaeret,
446 3544 474 3594 et
500 3533 536 3594 ad
558 3534 625 3595 illas
653 3541 731 3593 recte
772 3531 909 3591 siasticae
929 3529 1094 3603 coristituit,
1112 3536 1141 3588 et
1159 3545 1235 3606 quae
1252 3526 1374 3598 desunt,

134 3615 291 3677 tradendas
309 3635 368 3677 non
394 3617 490 3679 solum
513 3617 606 3693 utilis,
632 3617 684 3677 sed
703 3624 732 3676 et
772 3615 802 3675 in
815 3613 1035 3695 prolegomenis
1054 3613 1089 3672 ad
1106 3610 1270 3690 quanrlibet
1282 3607 1374 3669 disci-

134 3699 301 3760 necessaria
321 3711 365 3762 est
377 3702 436 3783 (E).
467 3701 557 3763 Recte
575 3701 666 3778 igitur
683 3699 732 3761 di·
773 3700 885 3780 plinam
897 3693 1373 3775 theologicamsuppleripossunt.

134 3783 174 3844 cit
194 3781 336 3846 blelchior
360 3783 593 3850 Canus2alllibi
611 3785 731 3865 quidem
923 3787 926 3794 '
1009 3813 1048 3884 ¹g,
1072 3817 1124 3864 n,

134 3885 193 3928 non
213 3866 354 3946 Theologi
371 3872 481 3945 solum,
500 3869 551 3930 sed
570 3869 644 3930 nulli
662 3867 733 3928 satis
925 3905 959 3952 111.
976 3903 1051 3950 swa„
1069 3901 1231 3962 panosopbict.

133 3950 241 4012 cruditi
254 3953 403 4030 uidentur,
420 3954 528 4034 quibus
540 3973 587 4015 res
598 3953 667 4014 olim
679 3971 731 4028 ge·

134 4045 196 4097 ⁵1³⁰
215 4036 333 4114 ignmae
346 4049 426 4100 Μ’
446 4037 536 4097 muna
552 4037 630 4096 enim
647 4035 734 4096 Ηώς
776 4087 952 4168 simpliciter
965 4103 1013 4147 res
1027 4085 1172 4157 intuetur,
1191 4081 1244 4142 sed
1257 4080 1375 4140 illarum

135 4139 150 4180 a
169 4121 319 4217 thesauris
339 4121 537 4215 suisbistoria
552 4120 731 4215 suppeditat,
1112 4205 1115 4215 Ι
1260 4201 1274 4214 .
1314 4184 1330 4230 h

135 4206 244 4285 quobus
263 4227 288 4267 sr
307 4223 461 4266 careamus
474 4213 502 4266 et
517 4224 548 4265 an
561 4203 733 4281 l'lreologta,
776 4195 842 4312 3·ng
856 4193 882 4297 hi
892 4193 946 4307 {2}-
962 4192 1071 4238 amornec
1088 4189 1187 4234 schema
1201 4187 1313 4246 suescat
1331 4185 1375 4233 ²⁰1

162 4316 194 4370 (a)
210 4316 226 4362 r.
241 4315 268 4360 v,
283 4313 312 4360 oa
329 4312 386 4357 trau.
402 4300 543 4362 aeserniam.
752 4301 756 4354 t
811 4313 842 4366 as)
858 4313 889 4356 aa
905 4315 950 4356 roe.
966 4308 1038 4356 arceor.
1053 4309 1069 4353 r.
1085 4307 1121 4352 at.
1138 4319 1158 4351 c.
1174 4305 1194 4350 a

818 4003 852 4064 A.
874 4001 974 4064 Notio.
993 3997 1096 4074 Ratio,
1111 3997 1182 4058 dum
1201 4014 1259 4058 non
1279 3993 1374 4056 solum
