2910 4732
402 155 408 170 “
435 188 508 236 rans
530 190 551 235 r.
575 189 677 236 sacrm
696 183 722 238 r.'
743 191 836 238 curor
853 159 890 240 n.
1197 173 1237 238 ³5

56 270 220 350 urendam,
242 279 271 335 et
290 269 465 353 obsequium
490 272 639 352 postulare
680 272 750 353 quia
768 291 834 334 cum
851 273 915 352 lege
934 273 1034 356 aliqua
1055 271 1112 337 sibi
1131 271 1280 355 superiori

55 374 102 417 non
122 361 233 436 potest.
680 357 856 433 concordat,
876 357 927 420 sed
946 358 1011 438 ipsa
1025 360 1126 438 prima
1150 358 1278 432 bannitae,

86 440 113 502 d.
136 438 202 500 lion
223 445 323 521 potest
341 455 460 520 qnoque
480 437 638 500 discrimen
680 441 838 522 originalis
856 443 1015 518 sanctitas,
1045 450 1074 503 et
1090 443 1159 521 [aas
1185 441 1280 506 amnis

53 521 119 584 inter
131 523 260 600 bonurn,
277 531 308 585 et
319 522 428 583 malum
445 522 532 584 unice
547 521 640 601 nepoti
680 525 811 587 iustitiae
824 525 845 586 i.
867 543 894 586 e.
910 524 989 586 Deus
1004 532 1060 586 est.
1127 587 1129 594 ,

52 607 293 684 olinotitatione,
306 614 332 668 et
347 607 517 668 educatione
533 606 641 667 lanm-
723 609 754 670 8.
773 607 833 670 Nos
852 616 968 685 autern,
986 609 1055 688 quia
1079 607 1154 669 nihil
1178 625 1281 669 snmus

51 709 95 767 aa,
112 709 189 771 quae
207 709 329 752 sensum
342 691 482 751 moralem
494 689 640 764 evolvere,
682 710 699 753 a
718 685 953 773 nobismetipsis,
970 693 1020 753 sed
1036 693 1065 752 in
1079 689 1218 752 omnibus
1229 691 1282 752 de·

52 793 161 850 acuere,
175 782 205 836 el
219 773 361 853 dirigere,
378 792 438 835 non
457 781 554 834 autem
571 790 641 852 pro·
683 775 858 856 pendemus,
874 793 992 856 semper
1008 775 1042 838 ad
1062 775 1139 837 hanc
1153 773 1281 854 primam

52 858 150 919 ducere
167 861 277 939 potest.
298 856 375 920 Sane
398 857 534 918 homines
552 857 641 918 etiarn
683 859 858 936 bonitatem,
883 868 912 921 et
939 858 1187 940 independentem
1213 875 1283 918 san·

53 941 328 1017 barbari‚etinculti
340 940 641 1017 honumfaoiendum,
683 943 814 1006 clitatem
830 944 979 1025 respicere
997 943 1158 1019 debemus,
1174 949 1207 1001 ut
1226 939 1282 1000 be-

53 1029 152 1086 matum
171 1025 327 1088 vitandum
353 1043 437 1101 esse,
461 1023 534 1086 illud
554 1037 643 1104 prae·
684 1045 732 1104 ne,
753 1035 782 1089 et
802 1035 903 1106 sancte
922 1046 1054 1106 agamus.
1076 1026 1109 1088 ln
1128 1027 1193 1106 ipsa
1212 1040 1282 1102 ergo

53 1109 210 1186 mium,lnoc
218 1127 345 1190 poenam
353 1108 459 1170 mereri
468 1115 642 1186 agnoscunt,
683 1111 746 1188 lege
765 1111 894 1186 morali,
913 1111 961 1174 cni
985 1129 1038 1172 nos
1056 1129 1160 1173 omnes
1178 1106 1282 1168 subie-

53 1212 101 1254 nec
118 1212 170 1274 per
186 1192 279 1253 rerba
303 1193 434 1254 humana
463 1193 500 1253 de
524 1200 644 1254 contra·
674 1204 746 1259 ctos
764 1195 982 1272 cognoscimus,
1005 1203 1033 1254 et
1051 1213 1140 1274 quarn
1167 1197 1283 1252 mutare

51 1277 90 1338 rio
107 1276 284 1357 persuaderi
301 1285 432 1357 possent.
451 1275 520 1337 ldeo
540 1293 644 1338 sensus
684 1296 742 1339 non
768 1280 912 1355 valemus,
932 1278 1117 1339 sanctitatem
1144 1282 1173 1337 et
1197 1273 1284 1336 iusti·

52 1362 178 1438 moralis,
193 1361 332 1442 quamvis
349 1358 485 1422 educatio
497 1359 578 1420 varia
593 1359 642 1436 sit,
684 1361 754 1422 tiam
764 1361 953 1440 originariam
959 1360 1238 1441 ,independenterm
1249 1376 1283 1419 ac
1310 1405 1312 1410 .

50 1456 144 1507 tamen
164 1443 265 1526 quoad
284 1461 400 1506 summa
412 1443 559 1524 principia
574 1443 644 1504 ulni-
685 1445 902 1508 immutabilem
924 1445 946 1506 i.
959 1464 996 1507 e.
1017 1443 1111 1507 Deum
1128 1443 1282 1517 videmus,

50 1548 103 1609 que
120 1528 284 1590 consentit.
303 1525 399 1609 nuque
414 1527 439 1588 si
457 1527 542 1588 multi
553 1526 583 1588 in
597 1528 643 1588 of·
685 1525 736 1610 qul
755 1547 787 1591 se
801 1529 936 1592 facultati
951 1527 1110 1610 appetendi
1125 1545 1180 1590 ceu
1198 1543 1277 1588 sum·

50 1613 120 1674 ficiis
143 1611 341 1687 agnoscendis
363 1610 523 1683 aberrant,
543 1629 645 1672 omnes
686 1627 751 1674 mus
769 1613 1155 1695 legistatorrepraesenut.

50 1707 146 1758 umen
165 1695 263 1758 officia
281 1694 344 1756 dari
362 1703 555 1773 cognoscunt,
576 1713 645 1775 qur·
665 1710 667 1716 ·
699 1729 702 1745 ι

50 1781 102 1842 bus
119 1799 181 1842 non
205 1798 238 1841 se
255 1778 364 1854 solum,
382 1778 478 1840 sedet
497 1779 570 1840 alios
590 1777 646 1839 ho·
722 1806 725 1812 Δ
937 1771 1038 1842 30⁸⁰·
1123 1837 1127 1844 .

50 1863 163 1940 mines‘g
180 1864 242 1924 lm⁰
256 1863 337 1943 i[³⁵⁰s
359 1880 477 1944 q⁰⁰q¹¹⁰
494 1861 645 1941 Ῑθέἰὼῑο·
723 1899 759 1945 lx.
773 1897 936 1956 Argumentum
951 1910 981 1945 ax
995 1895 1114 1954 desiderio
1128 1893 1259 1946 antennae·

50 1967 94 2010 res
112 1948 263 2008 humanos
282 1945 431 2008 subiectos
449 1964 514 2008 esse
536 1954 644 2008 serunt.

95 2033 126 2094 i.
147 2031 220 2094 Cum
240 2049 308 2108 ergo
326 2030 401 2091 ratio
419 2029 579 2107 sufficiens,
595 2049 647 2091 seu
730 2034 759 2095 l.
781 2030 890 2096 Omnes
905 2031 1043 2096 homines
1058 2033 1163 2116 plene,
1185 2030 1286 2114 perfe-

52 2135 140 2177 causa
155 2115 261 2176 ultima
274 2113 462 2192 moralitatis
477 2133 530 2176 seu
542 2113 649 2175 discri·
688 2125 752 2194 cte,
765 2125 795 2180 et
818 2136 935 2198 semper
956 2119 1057 2180 felices
1079 2137 1143 2180 esse
1166 2117 1285 2179 deside·-

53 2199 141 2261 minis
154 2200 234 2260 inter
246 2198 370 2274 bonum,
387 2206 417 2258 et
432 2197 649 2278 malumnequa
689 2209 766 2276 rant.
786 2200 892 2278 Ingens
911 2202 965 2263 hoc
992 2201 1142 2264 felicitatis
1166 2200 1285 2262 deside-

53 2283 159 2364 inipso
176 2282 315 2356 homine,
327 2299 424 2360 neque
438 2281 467 2342 in
484 2281 649 2343 institutio·
689 2285 770 2346 rium
785 2303 844 2346 non
864 2295 960 2365 potest
979 2285 1088 2366 expleri
1105 2284 1141 2346 ab
1164 2283 1286 2346 homine

52 2386 89 2428 ne
113 2367 247 2428 humana
275 2365 401 2426 inveniri
430 2374 531 2446 queat,
563 2365 651 2427 altius
690 2369 754 2450 ipso
774 2368 905 2448 undique
926 2368 1063 2431 limitato.
1084 2367 1227 2430 Stimulos
1242 2386 1287 2429 er·

52 2450 224 2531 quaerenda
238 2457 293 2510 est.
304 2483 346 2495 -
359 2447 438 2512 Ilaec
453 2449 593 2511 nimirum
606 2467 653 2509 ra·
690 2471 725 2531 go
744 2452 893 2514 felicitatis
911 2453 1005 2514 tendit
1023 2452 1059 2514 ad
1075 2471 1127 2514 ens
1142 2460 1223 2513 entra
1234 2450 1287 2513 ho·

52 2535 94 2595 tio
108 2533 259 2614 sufficiens
275 2550 334 2593 non
350 2540 446 2613 potest
458 2551 521 2594 esse
535 2533 591 2594 nisi
601 2549 652 2594 aas
692 2537 801 2598 minem
821 2537 959 2612 existens,
979 2536 1056 2618 qaod
1076 2537 1114 2598 sit
1129 2536 1169 2597 ita
1184 2535 1286 2615 perse·

51 2619 178 2680 realiter
200 2618 344 2691 adiutans,
363 2617 435 2696 quia
461 2616 492 2678 in
521 2617 651 2678 animam
691 2629 781 2696 ctam,
801 2629 833 2681 ut
851 2621 933 2681 nullo
951 2621 1029 2682 bono
1046 2627 1156 2694 careat,
1172 2619 1242 2699 quia
1257 2637 1288 2679 a·

52 2710 187 2763 nostram
210 2701 293 2778 agit,
318 2699 366 2760 cui
390 2699 484 2778 legem
508 2701 650 2762 moralem
692 2705 747 2766 lias
761 2703 938 2765 desiderium
949 2703 1079 2766 hominis
1090 2705 1221 2765 adomne
1235 2701 1289 2762 ho-

51 2786 157 2861 dictat;
179 2803 229 2847 eno
245 2785 380 2846 omnibus
406 2784 573 2846 dominibus
599 2803 652 2846 on·
682 2807 764 2851 num
783 2786 929 2866 cognitam
946 2788 1094 2850 tendentis
1108 2806 1167 2848 non
1185 2784 1287 2865 exple-

51 2871 167 2946 periao‚
184 2869 255 2948 quia
273 2885 376 2928 omnes
395 2867 516 2946 obligat3
536 2885 587 2929 ens
601 2869 652 2930 in·
693 2879 786 2948 retur,
806 2881 835 2932 et
855 2872 934 2952 quod
953 2871 1063 2952 pariter
1087 2871 1124 2931 sit
1148 2869 1289 2948 indepen-

51 2954 229 3032 dependens,
248 2960 277 3013 et
293 2960 414 3031 propter
431 2970 462 3014 se
484 2951 579 3032 ipsum
599 2971 651 3014 aed
693 2958 776 3032 dens,
788 2955 913 3017 atnobis
925 2955 1020 3036 abripi
1032 2960 1170 3034 nequeat,
1182 2952 1289 3013 imma·

53 3037 251 3110 stimatione,
276 3046 306 3096 et
330 3035 472 3114 obsequio
505 3036 651 3114 dignum,
693 3041 791 3114 tadilo,
812 3047 921 3100 utnon
942 3039 1104 3112 minuatur,
1123 3043 1288 3111 aeternam,

53 3121 123 3200 qnia
140 3119 218 3181 ratio
245 3137 321 3198 quae
343 3137 462 3198 semper
478 3120 513 3180 ad
532 3139 651 3182 causam
693 3131 725 3184 at
743 3141 893 3202 nunquam
913 3122 1040 3183 deficiat.
1058 3120 1100 3181 Ad
1119 3117 1290 3180 huiusmodi

52 3204 190 3264 ultimam
211 3201 344 3264 tenditin
362 3201 418 3262 lnoc
430 3212 497 3264 ente
513 3203 553 3264 lta
569 3205 653 3283 quie·
693 3206 768 3269 entis
786 3206 1024 3286 possessionem,
1044 3221 1095 3265 seu
1119 3202 1290 3264 fruitionem

53 3287 128 3363 scit,
146 3296 200 3363 ut,
221 3304 288 3348 cum
317 3286 411 3362 legem
431 3285 525 3366 ipsius
547 3287 650 3364 audit,
693 3309 796 3353 ornnes
815 3298 880 3350 actu
902 3288 1052 3348 stimulum
1074 3286 1229 3350 sentimus.

51 3371 182 3432 ulterius
196 3389 256 3431 non
276 3369 419 3448 inquirat,
440 3388 492 3431 cnr
509 3371 564 3452 ipsi
584 3372 654 3433 ohe·
734 3375 764 3434 ἓ.
785 3372 857 3435 Curn
880 3379 978 3433 autem
1002 3371 1075 3432 nllril
1095 3371 1133 3432 sit
1155 3370 1290 3445 volitum,

50 3455 197 3516 diendum
215 3455 274 3529 sit3
294 3471 344 3514 aaa
362 3454 488 3530 datatim,
506 3464 650 3532 sarratam,
692 3457 749 3518 nisi
769 3456 929 3533 cognitum,
943 3475 995 3516 ens
1008 3455 1065 3516 tale
1081 3453 1293 3532 cogniturnno·

49 3539 185 3613 iustam,
209 3537 279 3617 quia
298 3555 333 3598 ex
357 3537 560 3600 conformitate
584 3558 650 3600 corn
693 3541 738 3602 bis
753 3559 817 3602 esse
832 3540 928 3602 debet.
944 3538 1042 3601 Ideam
1056 3557 1124 3616 ergo
1135 3538 1212 3599 entis
1227 3555 1293 3617 per·

49 3623 133 3683 illius
152 3623 219 3700 lege
232 3639 284 3682 seu
297 3621 446 3681 voluntate
461 3621 653 3700 intelligimus
693 3624 845 3687 lectissimi
860 3670 868 3699 ,
894 3624 1015 3700 infiniti,
1044 3620 1291 3702 independentis,

51 3707 189 3766 actiones
207 3713 323 3766 nostras
342 3704 591 3780 inconsecratas,
608 3707 653 3766 iu·
693 3707 897 3783 immutabilis,
917 3717 946 3768 et
964 3707 1075 3769 aeterni
1092 3706 1123 3766 in
1139 3705 1225 3765 nobis
1242 3703 1293 3764 lra-

52 3799 112 3850 stas
131 3789 212 3850 lieri.
231 3787 266 3849 Et
285 3806 351 3848 cum
371 3805 458 3848 causa
474 3788 563 3850 huius
577 3791 653 3852 entis
694 3793 810 3853 hernus.
829 3790 900 3853 Cum
920 3800 1016 3852 autem
1038 3789 1112 3850 hanc
1130 3788 1226 3850 ideam
1243 3805 1294 3846 ne·

52 3873 136 3933 nulla
156 3879 352 3948 cognoscatur
365 3870 576 3949 (etgoneratim
594 3874 653 3935 iam
694 3894 751 3954 qne
767 3893 801 3936 ex
814 3873 1045 3953 nobismetipsis,
1060 3890 1155 3951 neque
1175 3889 1209 3930 ex
1225 3887 1291 3928 cae·
1325 3873 1327 3877 ‘

52 3957 147 4017 series
172 3955 289 4016 infinita
307 3971 462 4015 cansarum
483 3958 652 4038 repugnet),
696 3959 765 4020 teris
782 3958 900 4020 entibus
918 3958 1040 4030 creatis,
1059 3964 1088 4015 et
1105 3952 1195 4014 finitis
1213 3951 1291 4011 hau·
1323 3999 1325 4012 .

53 4039 120 4100 ideo
141 4038 202 4100 hoc
220 4057 274 4099 ens
292 4039 380 4098 etiam
406 4037 653 4120 independenter,
695 4041 753 4102 rire
766 4041 923 4121 possimus,
939 4039 1061 4101 dubium
1074 4052 1230 4115 superesse
1246 4053 1295 4095 ne-

54 4141 136 4184 seua
153 4140 187 4183 se
203 4122 327 4197 bonum,
342 4130 487 4200 sanctum,
505 4123 654 4185 ctiustum
697 4125 772 4204 quit,
795 4143 848 4186 ens
870 4112 946 4184 istud
967 4119 1136 4182 immediate
1154 4135 1186 4176 se
1199 4116 1294 4208 'intel-

55 4216 110 4267 est.
130 4205 282 4268 Voluntas
304 4223 372 4283 ergo
391 4204 479 4266 huius
498 4206 574 4267 entis
593 4207 656 4287 pri·
677 4253 680 4280 ,
697 4208 785 4268 lectul
800 4216 899 4268 nostro
911 4208 1145 4285 repraesentare,
1160 4207 1188 4259 et
1199 4217 1229 4258 nn
1242 4217 1295 4259 no·

55 4291 176 4353 minan
193 4291 261 4353 ideo
276 4289 367 4356 loona.
382 4285 579 4362 sanctesium
597 4308 642 4355 erc
674 4288 744 4370 this
761 4289 939 4356 desiderium
955 4286 1000 4348 sui
1019 4281 1155 4344 excitare.
1173 4281 1210 4343 Et
1225 4281 1294 4342 auia
