2930 4736
235 168 295 232 398
631 184 815 229 rueococme
836 182 997 228 casanaula
1461 149 1462 222 l

145 272 152 296 ¹
193 281 276 324 scere
295 270 426 344 possent,
441 281 475 326 ac
493 280 525 324 se
543 261 718 325 submittere
735 262 790 324 de·
830 260 995 322 reverentia
1009 257 1296 341 suscipiendasesse,
1311 259 1433 324 neculli

194 344 441 430 berent.hhsque
453 349 625 427 dubioergo
644 345 789 422 Christus,
830 345 934 418 licere,
953 347 1136 406 contrarium
1149 346 1361 424 dogmatizare.
1376 344 1433 408 lla-
1461 337 1462 420 l

194 431 245 510 qui
274 431 375 494 dilexit
392 432 575 508 Ecclesiam,
605 438 635 493 et
659 430 790 511 seipsum
831 429 890 490 rias
904 439 1004 490 tamen
1016 428 1063 488 isti
1082 427 1222 508 Theologi
1237 439 1344 490 contra
1360 449 1433 510 pon·

195 514 316 578 tradidit
324 534 377 596 pro
389 534 436 588 ea,
451 516 481 578 in
494 513 789 590 RomanoPontisree,
831 513 951 574 tillciam
975 512 1216 575 infallibilitatem
1239 513 1432 578 difficultates

140 621 145 632 ·
194 598 336 680 adquam
356 617 463 662 causae
493 599 562 660 tidei
588 597 790 680 primodele-
831 605 1054 678 mouent,quns
1072 597 1333 678 solvereeportet.

194 683 306 745 rendae
324 691 407 760 sunt,
426 684 514 746 talem
534 682 662 746 iudicem
681 683 792 744 consti·
874 681 937 744 Odi.
958 681 987 742 l.
1004 679 1087 742 quta
1101 679 1244 756 Concilio,
1259 677 1313 742 SS.
1327 681 1430 744 Patres
1461 745 1462 748 ,

195 767 260 842 tuit,
278 768 328 849 qni
346 767 422 843 lulli,
442 777 471 830 et
489 765 591 828 lallcre
612 775 753 847 nequeat.
829 764 1034 844 etheologos
1046 783 1150 826 ornnes
1162 763 1429 829 harunxvtreno

175 903 177 908 .
233 852 321 914 Noto.
347 851 500 913 Declarata
523 849 610 912 Rom.
638 849 790 914 Pontificis
830 847 971 911 aCbrislo
982 849 1107 910 collatus
1117 858 1161 910 est
1172 848 1318 930 primatus
1337 849 1429 913 hono·

173 931 390 998 ,inlellibilitus
416 934 554 1015 equidem
574 934 609 996 ad
628 935 695 998 fidei
714 935 789 1012 dog·
828 934 870 996 ris
887 941 917 997 et
944 933 1170 1009 iurisdictionis
1198 933 1265 994 ideo
1295 933 1427 996 Ecclesia
1461 933 1462 988 l

194 1027 273 1080 mata
291 1019 394 1081 relerri
404 1038 463 1081 non
482 1025 589 1100 potest,
606 1019 677 1099 quia
689 1019 789 1082 Theo·
829 1025 1017 1100 comparatur
1032 1016 1179 1094 aedilicio,
1192 1025 1222 1078 et
1236 1015 1345 1080 Petrus
1359 1019 1427 1080 lun·

194 1102 251 1180 logi
276 1121 341 1166 eam
370 1111 511 1180 negantes
534 1111 563 1164 el
581 1103 789 1184 impugnantes
830 1101 1044 1164 dument0.Ast
1055 1101 1218 1162 seeundum
1230 1102 1352 1180 regulas
1364 1103 1427 1164 her-
1461 1143 1462 1200 p

194 1194 225 1246 ut
242 1185 382 1248 haeretici
402 1185 533 1249 damnati
554 1206 611 1248 non
634 1198 718 1265 sunt,
738 1205 788 1249 re·
829 1187 1011 1249 meneuticas
1027 1203 1086 1247 non
1104 1185 1172 1246 licet
1189 1187 1426 1266 comparationes
1461 1201 1462 1294 p

194 1277 238 1330 cle
258 1281 355 1332 tamen
381 1271 491 1332 dicitur
509 1271 673 1350 theologice
694 1281 786 1345 certa,
828 1269 1425 1349 etsimilitudinesexomnipnrteurgere,
1461 1295 1462 1350 ι

194 1353 233 1416 ita
250 1363 283 1416 ut
302 1355 353 1436 qui
370 1355 450 1416 illam
474 1359 561 1432 deget
581 1365 610 1416 et
634 1357 788 1438 impugnat
828 1355 927 1417 seder
946 1375 982 1418 ea
1001 1363 1134 1425 tantum,
1153 1353 1190 1414 ad
1208 1373 1297 1434 quum
1309 1355 1426 1433 signifi·
1461 1381 1462 1436 ι

193 1447 291 1500 uotam
309 1437 483 1500 temeritatis
496 1438 541 1500 rix
552 1440 695 1518 aufugiat.
712 1441 787 1502 hinc
827 1441 950 1502 candem
964 1437 1114 1500 adhibitae
1123 1447 1204 1500 sunt.
1214 1437 1308 1500 Nimis
1323 1439 1426 1520 itaque

193 1539 259 1584 curn
281 1522 413 1586 Ecclesia
432 1521 583 1587 Gallicana
604 1523 635 1585 in
653 1524 787 1589 Connitiis
827 1533 948 1602 urgetur
967 1522 1161 1602 comparatio,
1180 1522 1207 1583 si
1228 1522 1350 1600 dicitur,
1373 1543 1425 1586 ca-

193 1623 270 1668 anno
290 1607 372 1670 lesa
389 1607 545 1670 celebretis
557 1609 735 1671 contrariam
751 1628 786 1670 e·
826 1609 914 1672 dente
928 1608 1133 1682 fundamento,
1147 1625 1198 1667 seu
1214 1617 1331 1670 errante
1346 1607 1425 1690 Papa

192 1689 524 1767 deretdeclarationem,
538 1692 648 1754 latente
657 1695 786 1758 Gilherlo
816 1700 920 1756 ‚totum
935 1691 1116 1767 aedificium,
1132 1709 1186 1752 seu
1200 1691 1346 1770 integram
1366 1693 1425 1754 Ec·
1461 1719 1462 1762 ι

192 1773 226 1836 de
249 1775 400 1839 Choisseul
418 1775 576 1856 Episcopo,
603 1777 654 1856 qui
685 1777 785 1840 Comi·
826 1779 947 1840 clesiam
975 1793 1114 1837 corruere
1141 1773 1261 1838 dehere.
1291 1775 1425 1838 Ecclesia

193 1856 241 1920 tiis
253 1859 341 1921 dictis
355 1859 501 1936 interluit,
515 1868 595 1922 extra
607 1859 730 1924 Galliam
745 1871 788 1924 to·
825 1862 904 1923 einim
923 1879 982 1923 non
1002 1879 1019 1922 a
1036 1860 1229 1922 fundamento
1246 1861 1425 1924 secundario

191 1948 238 2004 lus
252 1942 334 2004 orbis
355 1943 534 2005 christianus
563 1944 784 2027 obstupescere,
826 1954 855 2008 et
871 1945 969 2007 minus
987 1945 1142 2026 principali
1161 1953 1314 2005 mutuatur
1328 1947 1424 2007 firmi·

192 2037 220 2088 et
234 2028 397 2089 reclamare
411 2026 491 2088 visus
505 2036 560 2090 est.
580 2027 612 2089 ln
629 2031 693 2106 ipsa
712 2049 785 2110 quo·
828 2038 914 2092 tatem
931 2029 961 2091 in
976 2029 1045 2104 lide,
1060 2029 1111 2090 sod
1126 2047 1144 2090 a
1158 2028 1353 2091 solidamento
1366 2031 1425 2110 pri·
1461 2057 1462 2122 p

192 2129 248 2192 que
262 2109 356 2173 Gallia
374 2130 433 2172 non
446 2111 532 2192 pauci
551 2113 710 2192 praelatam
730 2114 785 2175 de·
827 2113 920 2176 utorio
938 2123 967 2175 et
984 2113 1153 2188 essentiali,
1172 2113 1251 2193 quod
1273 2121 1319 2176 est
1338 2114 1425 2177 Chri-

191 2196 380 2258 olaralionem
399 2194 608 2276 reprobarunt,
637 2208 726 2279 atque
754 2217 787 2260 se
826 2207 901 2273 stus,
917 2197 1321 2278 qnisolusefficit,utportae
1336 2199 1425 2261 inseri

190 2287 223 2340 ut
239 2289 378 2342 strenuos
405 2287 584 2355 assertores,
605 2289 635 2343 et
652 2282 786 2344 uindices
825 2291 928 2343 contra
952 2281 1115 2346 Ecclesiam
1140 2299 1198 2342 non
1219 2283 1423 2363 praevaleant.

191 2362 284 2426 avitae
312 2363 465 2426 doctrinae
488 2363 693 2428 ostenderunt:
723 2367 783 2427 imo
825 2364 898 2428 blnle
917 2385 985 2444 ergo
1004 2365 1091 2426 verba
1113 2363 1219 2428 Christi
1238 2365 1342 2429 hlatth.
1361 2367 1425 2432 XVI

191 2447 247 2528 ipsi
273 2446 483 2510 declarationis
508 2457 644 2512 auctores
661 2459 783 2512 senten·
825 2450 1058 2531 adprobandum
1074 2448 1424 2516 Rom.Ponlillcisinlal·

191 2531 260 2592 liam
282 2551 367 2594 suom
386 2540 561 2595 revocarunt
579 2532 609 2594 in
628 2533 734 2596 litteris
748 2535 783 2595 ad
825 2534 991 2597 lihilitntem
1009 2533 1201 2595 adhibentur.

191 2613 396 2678 lnnocentium
424 2614 475 2677 llll
500 2634 577 2677 anno
597 2614 678 2681 leda
695 2619 784 2696 datis,
865 2620 950 2698 Resp.
970 2617 1063 2679 Nemo
1085 2617 1302 2683 catholicorum
1322 2629 1423 2700 negot,

190 2700 365 2762 scribentes:
387 2718 402 2759 c
423 2699 611 2777 Profitemur,
635 2709 664 2764 et
683 2702 784 2764 decla·
827 2703 914 2765 verba
931 2701 1037 2766 Christi
1048 2701 1149 2764 llattb.
1162 2701 1223 2764 XVI
1236 2702 1273 2764 de
1292 2704 1425 2784 primatu

190 2801 290 2847 ramus
309 2803 363 2846 nos
382 2784 584 2861 uehementer,
604 2797 632 2848 et
647 2806 783 2867 supruo-
826 2786 903 2849 Petri
916 2788 1040 2866 eiusque
1050 2787 1252 2848 successorum
1263 2789 1424 2852 esseintel·

190 2887 259 2930 mne
281 2867 324 2944 id,
340 2868 419 2950 quod
436 2860 495 2930 dici
514 2878 622 2950 potest,
643 2889 678 2932 ex
695 2871 784 2932 corde
826 2870 953 2950 ligenda.
966 2870 1149 2933 Dumautem
1163 2871 1314 2934 exiisdem
1326 2875 1423 2936 verbis

190 2951 289 3014 dolere
311 2954 346 3016 de
373 2952 463 3014 rebus
490 2953 580 3031 gestis
603 2955 632 3016 in
657 2954 785 3018 comitiis
827 2956 1006 3036 pontificiam
1040 2955 1281 3017 infallibilitatem
1313 2956 1423 3019 inleri·

191 3036 362 3116 praedictis,
381 3071 423 3083 -
440 3055 474 3098 ac
500 3037 625 3117 proinde
641 3039 783 3119 quidquid
828 3059 914 3117 mus,
942 3040 1112 3102 nullatenus
1139 3040 1257 3101 allatum
1288 3044 1422 3120 regulam

191 3119 221 3181 in
234 3121 363 3184 comitiis
376 3121 533 3202 praedictis
547 3121 626 3184 circa
643 3123 785 3184 ecclesia·
827 3123 1079 3186 hermeneuticam
1098 3123 1254 3186 uiolamus.
1273 3123 1381 3188 Petrus
1394 3145 1423 3188 e-

191 3203 293 3266 sticam
321 3214 509 3285 potestatem,
543 3213 573 3266 et
604 3207 783 3286 pontiliciam
826 3207 885 3268 nim
905 3217 949 3269 est
967 3209 1191 3270 fundamentum
1211 3208 1376 3286 Ecclesiae,
1393 3211 1422 3271 in
1450 3250 1462 3290 »ι

192 3287 396 3350 auctoritatem
414 3289 565 3350 decretum
590 3291 705 3352 censeri
728 3310 784 3374 po·
826 3311 884 3372 qua
908 3291 1042 3356 Christus
1065 3293 1192 3354 instituit
1218 3294 1420 3370 magisterium
1461 3301 1462 3354 l

192 3371 260 3446 tuit,
289 3390 341 3452 pro
360 3391 418 3434 non
440 3373 559 3435 decreto
578 3373 735 3450 hebemus,
755 3384 784 3438 et
825 3376 1026 3440 authenticum
1050 3385 1079 3438 et
1103 3376 1259 3457 imperium
1282 3395 1419 3440 sacrum:
1461 3423 1462 3426 ,

193 3454 359 3516 babendum
373 3474 437 3518 essa
453 3457 675 3522 declaramus.»
693 3459 786 3522 Nihil·
825 3471 983 3541 utrumqne
1001 3479 1071 3538 ergo
1086 3459 1191 3522 Petrus
1207 3460 1248 3522 itu
1262 3471 1419 3539 sustentat,

192 3539 310 3602 ominus
322 3540 427 3605 abhoc
447 3549 578 3622 tempore
592 3545 724 3606 nonnulli
738 3565 784 3607 ca·
826 3556 857 3607 ut
874 3564 973 3621 ruere,
991 3563 1044 3606 seu
1062 3544 1093 3606 in
1112 3563 1230 3606 errores
1247 3545 1307 3606 lohi
1320 3553 1350 3608 et
1363 3545 1422 3608 de·
1446 3611 1451 3622 ,

173 3624 294 3687 ·tholici
313 3623 462 3713 Theologi·
471 3628 647 3704 extiterunt,
668 3629 719 3709 qui
735 3629 784 3689 in·
825 3630 911 3692 dcere
924 3648 981 3690 non
996 3629 1099 3709 possit.
1111 3626 1215 3706 Neguri
1228 3629 1348 3709 quidem
1359 3649 1422 3693 non

192 3709 398 3773 lalllhilitatem
418 3710 544 3771 Rotnani
574 3711 725 3785 Pontificis
750 3732 785 3775 ex
826 3713 1119 3794 potest,s1rmilatem
1139 3713 1206 3775 lidel
1224 3723 1253 3774 et
1270 3714 1423 3792 religionis

191 3794 330 3858 cathedra
350 3793 731 3875 loquentisimpugnnrunt.
748 3795 785 3860 (l
825 3799 856 3858 in
882 3797 1044 3860 Ecclesium
1071 3815 1246 3878 premanere
1267 3817 1286 3859 a
1304 3797 1422 3862 Christo

192 3895 275 3942 mnes
293 3877 412 3960 quidem
433 3876 579 3956 latentur,
598 3881 786 3944 definitiones
825 3881 921 3961 capite
939 3900 972 3943 ac
991 3881 1183 3943 fundamento
1198 3882 1352 3962 prumari03
1368 3885 1422 3946 sed

193 3962 316 4026 Romani
334 3960 498 4038 Pontificio,
512 3962 582 4042 quin
595 3973 639 4026 eet
651 3983 786 4028 summus
825 3977 904 4028 recte
916 3966 1036 4041 dicitur,
1048 3965 1189 4044 singulari
1207 3983 1329 4028 inuuere
1340 3965 1423 4029 Chri·
1461 3997 1462 4008 ι

193 4048 325 4110 omnium
351 4055 463 4128 pastor,
492 4055 521 4108 et
540 4047 610 4128 qnia
631 4049 782 4129 adipsum
824 4050 862 4112 sti
881 4050 1071 4113 constitutum
1091 4068 1156 4112 esse
1177 4049 1328 4113 Ecclesiae
1351 4051 1423 4112 lun-

192 4131 345 4192 conlluunt
365 4149 468 4193 ornues
480 4129 641 4207 Ecclesiae,
658 4152 782 4212 querum
823 4135 1122 4203 dementumvisihile
1137 4135 1177 4197 ita
1189 4137 1307 4198 hrrnum
1320 4143 1351 4197 et
1363 4135 1422 4197 im-

194 4213 381 4275 troditionem
401 4222 431 4276 ot
456 4214 543 4276 sidem
571 4217 682 4296 optime
698 4235 783 4279 nosse
825 4219 953 4294 mobile,
975 4228 1007 4281 ut
1020 4219 1106 4282 istius
1125 4220 1270 4300 praesidio
1286 4219 1374 4284 lirina
1395 4228 1424 4284 et

191 4304 300 4378 potest,
314 4316 449 4361 summae
467 4299 652 4362 auctoritatis
669 4308 782 4367 etcum
823 4304 985 4367 immobilis
1002 4307 1143 4368 consistat
1159 4303 1303 4369 Ecclesia.
