2962 4736
448 188 522 235 raas
543 189 587 234 m.
610 187 713 235 srcrro
734 189 767 236 rr.
790 187 885 235 carus
907 189 937 235 v.
1215 170 1274 233 tlt

73 266 128 344 sit,
150 263 272 348 quinam
296 267 385 330 corde
407 268 681 344 acdlar1,etrere
762 269 849 348 Resp.
871 264 953 349 Opus
968 267 1176 350 imperfectum
1196 265 1227 329 in
1245 266 1320 329 llat-

73 351 138 412 sint
161 351 386 432 praedestinati,
409 368 469 412 non
489 359 587 433 potest
608 352 681 413 brec
722 351 842 412 thaeum
863 370 922 413 nau
941 369 1008 413 esse
1030 352 1194 430 genuinum
1209 353 1321 414 loetum

74 452 145 497 esse
171 434 298 498 risibilis
330 435 483 497 Ecclesiae
511 441 596 511 ‘ncta
630 453 683 515 per
722 437 754 500 S.
772 437 983 516 Chrysestomi,
1000 437 1051 497 scd
1065 435 1206 513 ignobilis
1220 445 1332 504 aucto-1,

75 535 169 600 quam
190 518 227 580 ab
242 519 310 581 aliis
327 519 460 597 dignosci
475 515 580 603 possit.
600 517 682 581 Idem
723 520 777 597 ris,
806 519 866 581 ima
896 518 1040 582 haeretici
1067 518 1193 596 Ariani,
1223 518 1331 582 Critici.

74 602 238 666 dicendum
267 611 312 664 est
338 603 375 666 dc
397 605 491 665 altero
519 611 602 665 textu
620 603 681 684 (l).
723 601 818 666 solide
862 604 1074 685 probauerant.
1112 603 1155 666 Ex
1193 604 1330 666 textibus.

75 685 154 750 Dein
178 687 318 749 dicontur
338 688 487 766 genuinae
506 705 586 763 oves,
606 705 683 768 qaae
723 687 941 770 Schoeneida
964 687 996 749 id
1023 694 1136 749 tantum
1161 686 1320 765 colligitur,

74 785 174 834 ocrem
198 770 324 848 Christi,
343 781 372 833 et
395 771 474 833 beati
491 771 543 852 qui
560 773 684 834 eadam
723 771 804 851 quod
833 773 932 834 nullae
962 771 1022 833 sint
1049 788 1137 833 verae
1171 769 1333 832 Ecclesiae·

75 855 136 918 Dei
152 854 296 933 aethna
323 873 393 934 ergo
409 873 530 936 semper
547 851 682 936 quaestio
724 864 824 932 notae,
855 873 934 936 quae
952 873 1012 917 uon
1037 854 1168 917 habeant
1185 853 1334 917 testimo-r

79 947 196 1014 maaet,
223 937 255 998 in
282 955 341 1019 que
369 940 503 1001 Ecclesia
533 955 603 1001 raro
622 957 684 1000 ¹ror
724 939 807 1000 nium
828 956 846 1000 a
864 937 1029 1020 Scriptum,
1052 947 1082 1001 et
1104 936 1333 1000 olocaustum.

76 1021 188 1085 Christi
202 1031 333 1101 resonet,
346 1023 547 1102 etgeuuiaum
560 1021 682 1084 verbum
708 1031 785 1085 -tate
803 1041 863 1084 noa
881 1023 1053 1085 fulciantur.
1073 1021 1146 1084 Nam
1165 1019 1196 1084 S.
1217 1020 1326 1083 Doctor

78 1105 136 1168 Dei
155 1107 304 1170 audiatur.
324 1107 420 1168 Etiam
439 1107 468 1168 in
493 1107 582 1170 tertio
604 1115 684 1168 terta
709 1106 755 1167 -in
779 1107 852 1197 locis
867 1107 965 1170 citatis
979 1107 1085 1189 probat
1103 1121 1202 1168 veram
1217 1105 1333 1168 Eccle-·

77 1200 151 1252 note
170 1187 322 1253 Ecclesiae
347 1209 406 1251 non
430 1187 599 1268 assignetur
620 1190 682 1271 (E),
725 1187 813 1267 siairi,
832 1211 893 1253 uon
911 1211 947 1254 ex
968 1210 1041 1272 pura
1061 1190 1143 1253 uerbi
1162 1189 1218 1253 Dei
1233 1207 1324 1271 prae-

76 1275 151 1354 qaia
179 1274 332 1336 mundatio
356 1275 407 1336 illa
423 1275 586 1351 Ecclesiae,
606 1293 684 1355 quae
708 1273 887 1353 dicatloue,
910 1291 946 1338 ac
963 1275 1094 1353 legitimo
1112 1271 1332 1336 Sacramenta-¹

79 1359 114 1419 iit
133 1358 326 1437 perverbum
342 1358 408 1436 Dei,
424 1367 538 1440 estper
555 1373 587 1420 se
609 1355 685 1419 iari-
724 1376 791 1420 ram
811 1378 880 1435 usu,
899 1369 933 1420 ut
951 1359 1112 1442 adversarii
1126 1357 1324 1436 contendant,

78 1441 200 1518 sibilis,
231 1441 366 1523 adeoque
405 1442 511 1524 probat
555 1450 682 1521 catum,
724 1443 776 1504 sed
799 1443 951 1524 potiusex
972 1443 1228 1524 notis,quasncs
1249 1459 1325 1502 ccm-

77 1526 245 1588 Ecclcsiam
261 1524 404 1587 mundam
420 1545 485 1608 esse
497 1543 597 1588 coram
608 1525 682 1604 lieo,
724 1525 890 1603 elicuimus,
906 1543 941 1588 ac
954 1527 1115 1608 praecipue
1133 1543 1169 1588 ex
1186 1535 1256 1586 note
1273 1525 1327 1588 Ca-

79 1611 133 1672 scd
153 1629 215 1672 noa
232 1627 332 1671 coram
353 1609 539 1686 hominibus,
557 1627 594 1672 ac
612 1627 684 1672 con·
724 1611 910 1687 tholicitatis,
937 1630 991 1672 seu
1018 1630 1053 1672 ex
1079 1630 1127 1687 eo,
1158 1609 1237 1691 qarod
1257 1625 1327 1671 uera

81 1702 247 1774 sequenter
261 1693 317 1770 hac
337 1693 452 1756 ratione
472 1695 536 1756 heri
554 1695 683 1756 manile·
725 1694 778 1756 Dei
797 1694 931 1757 Ecclesia
954 1694 1063 1756 debeat
1080 1713 1145 1757 esse
1169 1702 1229 1756 toto
1253 1693 1326 1756 orbe

78 1778 159 1838 stam
183 1777 684 1841 manoncominicus.1nouo-
726 1786 871 1840 terrarum
894 1779 1014 1854 diffusa,
1035 1787 1125 1859 prout
1141 1778 1172 1839 in
1192 1775 1223 1841 S.
1244 1776 1326 1839 Scri-
1378 1803 1380 1810 ·

78 1862 136 1923 bus
167 1861 327 1942 postremis
354 1861 609 1924 textibus‘salrari
634 1863 682 1924 di·
725 1863 821 1942 pluris
838 1861 875 1925 V.
896 1872 927 1926 et
950 1861 1324 1944 adpreciarentur.

78 1955 203 2022 cucur,
231 1945 283 2026 qui
312 1945 438 2006 credunt
465 1945 578 2023 omnia,
605 1945 684 2028 quae
724 1945 756 2008 ld
775 1955 856 2028 patet
874 1963 908 2008 er
926 1945 979 2009 lib.
1005 1946 1043 2008 de
1061 1947 1137 2008 unit.
1159 1945 1273 2008 Eccles.
1295 1945 1327 2006 iu

76 2028 214 2109 Apostoli
240 2028 463 2111 praedicarunt,
484 2039 513 2091 et
532 2029 682 2107 mundari,
726 2031 845 2112 quo(l)
868 2031 909 2093 itc
931 2030 1137 2111 prosequitur:
1164 2027 1226 2091 ‹Si
1246 2029 1327 2090 enim

76 2113 133 2194 qui
148 2112 270 2176 verbum
283 2113 361 2174 uitae
376 2113 513 2190 audiant,
526 2122 558 2175 et
573 2113 685 2194 baptis·
717 2112 757 2178 S.
774 2113 945 2195 Scripturas
958 2113 989 2176 in
1004 2113 1102 2176 Africa
1117 2114 1180 2177 sola
1190 2113 1328 2191 designa-

79 2215 165 2258 mum
194 2196 366 2278 recipiunt:
395 2205 428 2259 at
453 2197 564 2260 exinde
581 2198 686 2260 inferri
726 2208 797 2260 runt
814 2197 1018 2261 Ecclesiam...
1045 2215 1105 2258 noh
1138 2205 1242 2260 lenem
1268 2197 1327 2258 Ec-

77 2281 198 2360 uequit,
211 2279 242 2341 iu
256 2299 315 2361 quc
333 2280 466 2344 Ecclesia
480 2282 594 2360 integra
606 2282 686 2364 Apo·
715 2283 847 2344 -clesiam
868 2283 925 2344 nisi
943 2280 1153 2344 Donatistae...
1178 2279 1208 2343 Si
1227 2290 1327 2344 autem

78 2365 225 2427 stolorum
244 2363 392 2442 doctrice,
407 2367 686 2429 supramemoratae
723 2365 834 2429 Christi
854 2365 987 2428 Ecclesia
1016 2365 1228 2427 canonicarum
1251 2363 1330 2427 Sori-

84 2449 286 2530 praedicetur.
521 2451 541 2487 ·.
727 2462 883 2531 pturarum
893 2449 1002 2512 diuinis
1013 2458 1042 2511 et
1054 2449 1229 2511 certissimis
1246 2449 1329 2510 teod-

130 2532 198 2596 Obi.
218 2531 250 2593 E.
271 2532 304 2597 S.
322 2532 547 2612 chrysostomos
564 2533 614 2613 (3)
626 2533 684 2597 sit:
728 2533 876 2596 moniisia
888 2533 1178 2612 omuibasgentibus
1192 2533 1328 2610 designa-

83 2636 103 2677 «
121 2615 222 2677 hatoa-
238 2615 454 2678 inultismodis
475 2618 687 2680 ostendebatur
728 2625 757 2678 ta
775 2626 832 2694 est,
851 2627 965 2680 orecte
983 2617 1131 2680 inferebat
1150 2614 1181 2680 S.
1199 2615 1327 2694 Doctcr,

80 2719 162 2781 qaae
180 2708 258 2766 esset
274 2700 408 2762 Ecclesia
422 2698 543 2777 Christi,
563 2710 594 2762 et
609 2719 687 2781 quae
717 2699 950 2763 -Dohatistarum
963 2711 1073 2764 sectam
1087 2701 1118 2762 in
1135 2699 1198 2762 sola
1211 2695 1328 2764 illicce

80 2784 251 2862 gentilitas;
275 2803 358 2845 nune
375 2793 474 2846 autem
496 2784 687 2847 nullomodo
729 2793 812 2865 parte
841 2786 1036 2861 conclusam,
1067 2802 1127 2846 noa
1147 2801 1213 2846 esse
1228 2799 1328 2845 ueram

82 2867 290 2944 cognoscitur,
313 2883 390 2948 qaue
411 2868 450 2928 sit
467 2885 537 2928 vera
554 2867 688 2930 Ecclesia
728 2867 904 2930 Ecclesiam.
955 2868 997 2930 Ex
1036 2864 1197 2949 Scripturis
1238 2865 1329 2946 igitur

81 2950 205 3028 Christi,
222 2950 289 3012 ¹oisi
308 2950 514 3012 antummodo
534 2965 588 3031 per
604 2949 687 3014 Scri·
728 2952 760 3016 S.
779 2951 969 3031 depastione
985 2950 1210 3013 demonstrabat
1228 2968 1328 3012 ueram

82 3043 200 3120 pluras.
223 3054 239 3097 )
255 3034 287 3098 S.
303 3035 492 3116 depreciant
505 3035 552 3114 (4)
566 3035 685 3098 scribit:
728 3036 906 3112 Ecclesiam,
926 3055 986 3097 non
1003 3054 1038 3096 ex
1053 3035 1090 3097 iis
1126 3034 1258 3096 rollando
1274 3054 1328 3096 ve-

83 3139 102 3182 «
126 3107 160 3182 Iu
181 3117 344 3200 Scripturis
363 3118 507 3182 discimus
523 3117 685 3196 Christum,
727 3121 846 3180 ritatem
869 3120 1023 3181 doctrinae
1039 3118 1070 3181 in
1091 3055 1223 3181 Ecclesia
1240 3137 1328 3199 prae·

84 3202 118 3266 iu
136 3200 298 3284 Scripturis
316 3202 685 3266 discimusEcolesiahrts
726 3203 862 3281 dicatae,
902 3204 954 3264 sed
990 3201 1145 3283 probando
1174 3202 1328 3265 Ecclesiae

82 3295 118 3352 ot
134 3287 184 3367 (b)
212 3286 269 3350 ait:
303 3287 403 3349 «Nolo
426 3286 566 3349 humenis
589 3286 686 3350 docu—
727 3287 904 3368 promissam
921 3305 986 3350 esse
1004 3287 1193 3349 diffusionem
1214 3303 1267 3366 per
1285 3296 1330 3348 to-

83 3371 209 3447 mentis,
222 3370 273 3433 sed
290 3370 397 3433 diuinis
411 3372 539 3433 oracolis
552 3379 686 3436 coactam
727 3380 790 3432 tum
812 3371 971 3448 mundum,
991 3384 1043 3432 sert
1059 3389 1094 3432 ex
1112 3379 1182 3433 nota
1195 3369 1328 3434 Catholi-

82 3454 249 3520 Ecclesiara
260 3454 458 3519 demonstrari
469 3475 477 3516 t
490 3475 505 3516 s
519 3462 548 3517 et
565 3454 613 3535 (6)
629 3453 686 3516 lle·
718 3453 836 3518 citatis.
850 3452 898 3517 Sic
910 3455 1110 3518 communiter
1119 3454 1221 3517 Patras
1231 3457 1329 3537 potius

83 3538 211 3603 uratislao
239 3547 391 3620 prouocat,
412 3547 491 3617 rut,
509 3547 607 3600 utrum
628 3539 685 3620 ipsi
726 3538 1330 3626 abEccloslaessereramverbilleiprae·

82 3619 249 3687 Ecclesiam
269 3631 401 3700 teneaat,
420 3622 595 3686 nonaisids
612 3623 687 3686 diri-
724 3622 905 3686 dicationem
934 3623 1149 3685 desumendom
1178 3623 1326 3701 edoceat,

81 3723 191 3772 aarum
204 3703 423 3788 scripturarum
436 3705 589 3770 canocicis
602 3707 687 3771 libris
717 3725 816 3790 ¹quam
839 3725 873 3769 er
898 3707 1073 3788 peracerbi
1093 3705 1145 3768 liei
1169 3705 1339 3787 praedica.

84 3783 256 3856 ostendant.
278 3810 294 3852 r
315 3790 360 3854 lta
386 3789 475 3853 ctiam
499 3791 607 3872 reliqui
626 3791 685 3856 Pa·
728 3793 810 3855 tione
827 3789 1063 3870 cognoscendam
1085 3787 1262 3853 Ecclesiam.
1285 3788 1339 3854 lta,

83 3881 148 3938 tres
182 3882 318 3952 massot,
345 3893 381 3938 es
412 3892 488 3955 pure
519 3873 602 3938 serbi
631 3875 686 3939 Dei
727 3877 760 3942 S.
774 3877 918 3940 lreaaeas
930 3873 1042 3956 (dicit,
1057 3873 1088 3936 ih
1103 3872 1330 3956 quaestionibus

83 3957 307 4040 praedicatione
342 3958 581 4038 coguosceodam
621 3977 687 4024 esre
727 3959 798 4023 bdci
825 3968 963 4042 oportere
992 3957 1069 4044 ‹U-iu
1105 3957 1330 4039 antiquissimas

83 4041 264 4109 Ecclesiam.
296 4089 298 4096 .
517 4047 520 4054 ⁴
727 4061 883 4108 recurrere
892 4041 1053 4122 Ecclesiae,
1069 4052 1099 4106 ct
1113 4042 1151 4105 ab
1160 4042 1198 4104 iis
1210 4053 1331 4106 sumere

114 4187 149 4255 (tl
165 4201 220 4248 buo.
235 4199 273 4248 ll.
450 4151 483 4254 tsi
499 4200 581 4261 lcii,
593 4201 619 4249 S.
649 4199 689 4259 „j
759 4201 793 4320 pp)
808 4201 860 4247 uo.
875 4201 905 4248 ds
920 4201 980 4246 arntt.
994 4199 1057 4248 Ecot.
1071 4207 1123 4260 esp.
1138 4199 1160 4255 l,
1176 4200 1240 4247 mdc

123 4257 402 4320 illlamlbopdmp.
418 4260 541 4307 motura.
631 4277 666 4303 *m
731 4315 733 4320 Α
785 4259 958 4318 ltlsp.2tl,n.
974 4258 1011 4308 sc.
1089 4257 1203 4321 tiliae·
1285 4269 1290 4278 ’

93 4317 502 4381 .4)ΕρΙιῑ.Ιθὸ,ιΙ.166,ιι.Μ.
759 4318 995 4384 bephihem„
