2910 4732
205 223 245 288 32
598 236 783 284 rnnonoena
804 229 971 284 camanum

167 321 280 403 possit,
298 321 421 384 ornnino
439 335 561 384 necesse
583 326 645 396 est,
668 326 701 380 ut
719 337 770 380 as·
808 316 859 394 sit,
877 315 1065 394 idem-etna,
1088 337 1165 399 quae
1181 316 1262 382 iuxta
1276 317 1359 383 liant
1379 339 1418 384 er

165 415 298 482 seratur,
308 407 489 488 praedictam
502 404 688 466 harmoniam
701 411 769 465 actu
808 401 859 463 illo
873 401 1054 477 derivantur,
1066 404 1109 465 uti
1121 404 1277 466 existentia
1286 403 1359 482 ilai,
1379 407 1420 468 li-

167 490 269 572 perlici
285 489 382 571 posse.
807 483 908 548 bertas
925 494 955 548 et
973 485 1179 550 immortalitas
1204 488 1322 550 animae
1353 509 1418 552 eo-

206 573 237 636 i.
258 572 290 636 ld
310 583 408 636 autem
428 572 493 635 sine
510 570 584 646 Deo,
602 571 723 634 realiter
736 589 767 633 e·
806 571 873 634 dem
893 569 980 633 modo
998 569 1089 632 dubia
1105 571 1280 633 redduntur.
1305 572 1419 634 Abso-

166 657 305 734 xistente,
336 657 400 720 sieri
429 656 543 737 nequit.
574 653 764 718 Harmoniam
806 673 877 716 num
897 653 1006 734 pariter
1023 662 1068 716 est
1085 655 1419 719 utautonomiaratio·

162 741 244 815 enim
270 741 349 804 inter
366 741 563 804 moralitatem
586 747 616 800 et
637 737 765 802 felicita·
805 738 852 801 nis
880 737 1027 820 practicae
1050 745 1216 814 statuatur,
1235 738 1329 802 licum
1351 761 1417 804 cen

164 834 222 886 tem
244 834 310 889 actu
330 825 496 906 producere
514 838 574 885 uon
593 831 689 906 potest
706 821 764 885 ho·
805 822 1014 900 legislatorem
1032 839 1152 902 negare,
1162 831 1190 884 et
1205 833 1304 886 tamen
1318 825 1417 888 illum

161 927 210 970 mo
230 908 307 989 ipse,
328 909 415 972 cuius
436 910 513 970 vires
531 907 664 987 undique
681 907 764 970 limi·
805 926 858 968 cen
870 904 1001 968 Iudicem
1017 925 1069 967 seu
1082 906 1418 971 Remuneratoremas·

162 1002 241 1054 tatae
265 1002 354 1069 sunt,
377 1011 475 1073 neque
505 991 536 1052 id
556 998 655 1074 potest
675 1010 764 1054 coeca
806 999 935 1054 sumere.
955 992 985 1071 c)
999 989 1076 1052 liant
1086 992 1244 1079 praecipue
1256 992 1286 1053 in
1298 1011 1335 1053 eo
1354 994 1416 1056 ab·

162 1086 269 1138 natura
289 1078 406 1139 ratione
424 1095 540 1138 carens.
630 1124 632 1128 .
804 1075 922 1151 erravit,
940 1083 973 1135 ut
985 1074 1108 1152 diceret,
1125 1076 1270 1138 rationem
1285 1076 1416 1140 theore-

205 1161 234 1222 3.
246 1159 283 1224 Ut
291 1181 359 1240 ergo
373 1161 524 1242 praedicta
532 1159 688 1222 harmonia
697 1179 764 1242 per·
805 1159 1001 1238 ticam,.quae
1019 1167 1118 1220 tamen
1136 1159 1172 1220 ad
1186 1160 1341 1222 veritatem
1358 1181 1416 1224 co-

162 1244 211 1306 fici
231 1247 334 1326 possit,
354 1246 443 1306 debet
464 1244 589 1306 existere
606 1245 700 1308 ladem
717 1246 765 1307 io·-
803 1242 1000 1322 gnoscendam
1016 1241 1163 1304 destinata
1172 1252 1229 1321 est,
1240 1242 1333 1306 Deum
1351 1265 1416 1308 nec

161 1329 321 1409 alissimus,
341 1329 392 1411 qui
411 1329 493 1404 velit,
510 1328 765 1409 omnipatremqui
804 1345 995 1406 cognoscere,
1014 1345 1069 1390 nec
1086 1327 1213 1407 probare
1232 1346 1330 1408 posse,
1354 1333 1416 1393 sed

162 1413 267 1492 possit,
287 1414 458 1489 nuenarius,
476 1413 527 1493 qui
545 1412 620 1474 scial
641 1414 765 1474 morali·
804 1412 899 1474 solum
919 1411 1039 1472 credere
1058 1410 1178 1474 debere.
1197 1446 1239 1458 -
1252 1409 1328 1473 Huic
1347 1415 1415 1476 ab·

162 1497 216 1559 tati
235 1498 515 1578 correspondentem
534 1515 653 1578 semper
668 1497 764 1558 felici·
805 1494 947 1558 errationi
966 1495 1054 1575 plane
1072 1495 1236 1576 oppositam
1256 1495 1335 1556 viam
1357 1499 1415 1560 in-

162 1589 254 1642 tatem
274 1579 418 1644 tribuere.
440 1581 516 1658 Erga
538 1581 614 1642 ratio
635 1582 765 1660 practica
803 1580 896 1657 gressi
907 1587 976 1642 sunt
991 1579 1126 1640 nonnulli
1140 1579 1321 1642 recentiores
1330 1578 1416 1645 Plri-

159 1665 289 1746 postolat
313 1664 366 1728 Dei
396 1664 601 1741 existentiam,
622 1666 687 1726 sine
704 1682 764 1745 qua
803 1665 932 1745 losephi,
952 1662 1003 1742 qui
1025 1660 1227 1726 immediatam
1243 1662 1412 1744 visionem,

159 1747 218 1810 sibi
234 1750 290 1829 ipsi
304 1750 529 1825 contradiceret,
542 1757 572 1812 et
585 1749 628 1812 sic
639 1757 700 1810 tota
712 1749 763 1812 de·
803 1767 856 1810 seu
874 1745 1062 1812 intuitionem
1084 1746 1219 1810 Absulnti
1237 1745 1317 1828 (nei)
1336 1757 1413 1812 sta-

161 1838 338 1896 strueretnr.
374 1847 381 1865 ·
804 1840 937 1907 luerunt,
955 1849 988 1892 ac
1006 1830 1075 1892 ideo
1087 1840 1331 1916 argumenlapro
1350 1832 1413 1897 Dei

200 1918 277 1981 Nota
303 1918 333 1998 a)
348 1917 570 1994 Kaut,caeteris
580 1918 762 1996 argumentis
802 1916 958 1999 existentia
989 1933 1209 1994 supervacanea
1242 1913 1411 1995 dixerunt,

160 2001 760 2082 repudiatis,hocnnicumadprobandam
800 2001 871 2081 quia
887 2000 983 2074 ratio,
1001 2016 1055 2059 seu
1076 1999 1244 2061 intellectus
1267 1999 1411 2063 Absolu-

161 2083 212 2147 nei
239 2087 425 2148 existentiam
453 2087 604 2150 assumsit.
636 2083 694 2148 Sed
723 2104 760 2147 ne
801 2093 861 2146 tum
872 2082 1175 2165 (naumirnmedtave
1186 2083 1330 2146 intuetur.
1341 2083 1410 2152 Sed

161 2169 231 2230 huic
249 2170 370 2250 qnidam
388 2171 447 2232 vim
464 2170 615 2248 rigorosas
632 2165 759 2232 demoli-
800 2169 831 2230 in
847 2167 1037 2242 declaranda,
1053 2175 1083 2228 et
1095 2167 1262 2230 extollenda
1280 2167 1338 2238 lrac
1356 2171 1410 2231 in·

160 2253 311 2316 strationis
330 2255 489 2330 attribuit,
510 2254 580 2334 quia
597 2272 757 2332 assensus,
801 2253 927 2314 tuitione
948 2249 1084 2312 Absoluti
1103 2251 1227 2312 nimium
1250 2255 1409 2332 progressi

159 2356 247 2418 quem
268 2339 415 2419 producit,
429 2356 489 2399 non
504 2347 549 2400 est
562 2339 706 2401 obiectiva
722 2339 757 2419 (i.
800 2355 864 2400 esse
881 2337 1027 2398 videntur.
1043 2333 1106 2396 Non
1122 2344 1219 2416 potest
1230 2336 1308 2396 eninr
1323 2355 1409 2400 con·

159 2439 187 2484 e.
204 2441 238 2483 ex
251 2425 381 2502 perlecta
392 2422 500 2484 obiecti
512 2423 680 2500 cognitione
693 2443 760 2504 pro·
799 2421 863 2484 cedi
882 2419 1014 2493 intuitio,
1039 2437 1092 2481 seu
1115 2419 1243 2497 cognitio
1263 2419 1411 2483 Absoluti

161 2504 309 2586 liciscens)
320 2507 477 2581 convictio,
490 2507 540 2568 sed
557 2507 629 2568 fides
641 2525 693 2568 seu
709 2527 759 2570 as·
801 2504 880 2584 (Dei)
900 2510 987 2584 prout
1001 2503 1088 2564 estin
1105 2523 1149 2579 se,
1163 2504 1205 2564 ita
1219 2502 1408 2583 adaequata,

159 2607 276 2666 sensus,
285 2591 498 2652 sufficientibus
507 2591 759 2668 argumentis‚ni-
799 2597 833 2650 ut
850 2589 935 2669 quasi
953 2594 1047 2650 totum
1061 2587 1209 2649 obiectum
1229 2586 1407 2668 exlrau‘riat3

162 2673 270 2735 mirum
292 2674 447 2754 postulatis
464 2675 588 2738 rationis
613 2677 760 2755 practicae
800 2691 868 2736 nam
885 2672 963 2754 quod
975 2671 1124 2734 inlinitum
1136 2679 1222 2747 est,e
1237 2671 1357 2735 ratione
1370 2675 1411 2736 li-

158 2757 256 2820 nixus:
278 2758 364 2820 istam
387 2767 487 2822 autem
506 2759 594 2820 fidem
618 2759 760 2822 moralem
801 2757 904 2819 mitola
917 2756 1058 2837 perfecte,
1080 2763 1110 2816 et
1130 2754 1292 2835 adaequate
1313 2775 1409 2820 corn-

89 2853 100 2862 ‘
161 2840 198 2902 ad
212 2841 455 2922 tranquillitatem
467 2842 574 2906 animis
587 2842 696 2904 nostris
710 2843 760 2906 in·
801 2840 943 2920 prehendi
951 2838 1410 2920 nonpotestdcpraelereanul·

160 2925 328 2988 stillandam
348 2928 482 2988 sufficere
501 2927 584 3001 dicit,
601 2926 675 3006 ¹quia
700 2945 760 2990 non
801 2927 858 2986 larn
869 2943 945 3000 rem,
957 2935 1099 2989 extranos
1108 2923 1279 2984 existentem
1291 2943 1410 3003 eogno-

158 3018 273 3071 tantnm
290 3029 357 3072 cnm
380 3010 429 3086 iis,
450 3029 527 3091 quae
543 3009 620 3071 ratio
640 3011 761 3072 theore-
801 3027 884 3072 scere
895 3026 1066 3090 possumus,
1076 3007 1133 3069 nisi
1141 3015 1287 3088 quatenus
1298 3008 1331 3070 in
1344 3029 1409 3074 nos

157 3095 216 3156 tica
235 3094 336 3170 docet,
356 3094 467 3174 optime
480 3094 640 3169 consentit,
659 3095 711 3157 sed
725 3115 761 3158 ee
800 3093 870 3170 agit,
880 3112 933 3154 seu
949 3103 1077 3174 proutse
1088 3091 1406 3171 uobisrepraesentat.

153 3194 279 3260 squeque
298 3180 463 3252 coufirmat,
482 3179 562 3240 iuvat
582 3187 612 3238 et
628 3178 761 3242 delectus
799 3175 896 3248 Quare
914 3178 1002 3241 etiam
1021 3181 1058 3241 de
1073 3175 1217 3239 Absolute
1235 3174 1324 3255 (Deo)
1344 3178 1410 3242 im-

158 3279 263 3324 eorum
298 3264 418 3343 supplet
447 3261 507 3342 (l).
539 3262 580 3342 b)
615 3261 678 3331 Non
705 3263 760 3326 de·
800 3261 959 3326 mediatam
981 3261 1192 3334 intuitionem,
1218 3278 1270 3320 sen
1293 3265 1410 3338 cogni·

156 3353 227 3406 aunt
253 3354 370 3422 autem,
399 3365 476 3427 quae
499 3346 567 3408 lruic
599 3356 760 3425 argumen—
801 3347 912 3409 tionem
928 3348 1039 3408 nnllam
1054 3343 1142 3407 aliam
1158 3343 1320 3420 habemns,
1341 3347 1410 3409 nisi

152 3437 188 3492 lto
204 3430 314 3511 opponi
327 3430 452 3510 possint.
470 3429 547 3492 Kant
563 3431 642 3492 eninr
660 3431 691 3492 in
713 3451 762 3493 ra·
800 3438 946 3510 quatenus
959 3430 990 3494 in
1008 3449 1062 3494 nos
1080 3429 1141 3506 agit
1154 3437 1184 3490 et
1195 3435 1283 3508 prout
1300 3447 1333 3489 se
1345 3449 1410 3492 no·

154 3512 241 3576 tione
270 3513 399 3594 practica
428 3512 596 3577 absolutum
627 3514 754 3596 impera·
801 3513 846 3576 bis
864 3523 1077 3595 repraesentat.
1097 3512 1165 3589 Agit
1182 3503 1280 3574 autem
1299 3511 1409 3575 Abso-

156 3597 265 3673 tivum,
286 3616 339 3660 seu
359 3598 646 3662 transcen'dentalem
665 3602 758 3678 legem
800 3599 893 3660 lutum
914 3597 1024 3678 (Dens)
1047 3599 1078 3660 in
1104 3594 1247 3676 triplicem
1266 3605 1408 3660 nostram

158 3681 336 3742 moralitatis
350 3683 486 3760 assumit,
500 3683 551 3745 sed
566 3704 626 3745 non
640 3685 758 3764 probat,
800 3683 968 3744 lactrltatem
988 3680 1205 3760 cognoscendi,
1225 3683 1407 3760 appetendi,

158 3773 187 3826 el
207 3784 267 3826 non
286 3774 383 3846 potest
395 3767 533 3847 probare3
549 3767 620 3849 qnia
639 3777 757 3830 contra·
800 3775 830 3828 et
847 3766 1008 3842 sentiendi,
1024 3774 1057 3834 ,et
1074 3784 1106 3826 se
1122 3763 1208 3825 nobis
1221 3781 1409 3843 repraesen-

159 3848 319 3910 dictorium
338 3859 400 3926 est,
423 3852 569 3913 rationem
599 3852 759 3931 practicam
801 3859 843 3910 tat
859 3867 915 3911 ceu
938 3849 1032 3930 prima
1047 3850 1166 3921 veritae,
1184 3866 1239 3910 ceu
1257 3865 1409 3926 suprema

159 3931 294 4013 sibiipsi
317 3933 410 4011 legem
432 3936 520 4012 serre,
539 3935 689 4016 simulque
700 3937 759 3996 im·
799 3933 959 4008 sanctitas,
979 3945 1009 3995 et
1026 3951 1081 3995 ceu
1099 3948 1247 3996 summum
1271 3929 1406 3997 bonum.

138 4026 330 4097 ¹perantem,
352 4027 382 4078 et
409 4019 557 4080 subditam
586 4037 662 4080 esse.
686 4018 758 4081 dum
800 4018 836 4079 Et
853 4017 924 4096 quia
941 4017 1034 4079 Deum
1055 4017 1098 4078 sic
1124 4015 1156 4076 in
1175 4015 1408 4096 nobismetipsis

138 4156 140 4160 .
161 4117 230 4180 ergo
248 4101 345 4184 ipsum
365 4102 489 4162 rationis
507 4102 654 4182 practicae
667 4103 760 4183 impe·
774 4131 775 4134 ¹
800 4101 964 4175 intuemur,
979 4100 1083 4164 exinde
1099 4099 1211 4180 optima
1224 4106 1328 4160 contra
1342 4101 1408 4162 du-

131 4187 137 4214 ¹
160 4187 285 4248 nativum
304 4186 399 4247 solido
418 4185 611 4245 fundamento
630 4203 690 4246 non
710 4189 760 4247 in·
800 4185 851 4248 bia
874 4183 1049 4247 Criticorum
1068 4192 1098 4246 et
1122 4200 1238 4256 errores
1254 4181 1407 4246 Panthei-

159 4269 292 4347 cumbat,
312 4269 363 4331 sed
375 4268 455 4328 sacili
471 4266 558 4328 modo
574 4269 676 4348 negari
693 4289 761 4351 pos·
800 4277 911 4330 starum
931 4276 1105 4348 argumenta
1123 4286 1175 4349 pro
1193 4266 1247 4330 Dei
1265 4266 1411 4340 existen·

176 4375 220 4442 ,ltu
238 4377 263 4421 v.
280 4370 615 4432 nruanvetzmetapn.g.1tcs.
803 4354 844 4416 tia
862 4352 1010 4421 deducere
1028 4354 1109 4414 licet.
