<?xml version="1.0" encoding="UTF-8"?>
<!DOCTYPE html PUBLIC "-//W3C//DTD XHTML 1.0 Transitional//EN"
    "http://www.w3.org/TR/xhtml1/DTD/xhtml1-transitional.dtd">
<html xmlns="http://www.w3.org/1999/xhtml" xml:lang="en" lang="en">
 <head>
  <title>
</title>
<meta http-equiv="Content-Type" content="text/html;charset=utf-8" />
  <meta name='ocr-system' content='tesseract 3.04.00' />
  <meta name='ocr-capabilities' content='ocr_page ocr_carea ocr_par ocr_line ocrx_word'/>
</head>
<body>
  <div class='ocr_page' id='page_1' title='image "./institutionesth00knolgoog_0219.png"; bbox 0 0 2928 4734; ppageno 0'>
   <div class='ocr_carea' id='block_1_1' title="bbox 408 122 1239 192">
    <p class='ocr_par' dir='ltr' id='par_1_1' title="bbox 408 122 1239 192">
     <span class='ocr_line' id='line_1_1' title="bbox 408 122 1239 192; baseline -0.006 -1"><span class='ocrx_word' id='word_1_1' title='bbox 408 145 481 192; x_wconf 81' lang='lat' dir='ltr'><em>enas</em></span> <span class='ocrx_word' id='word_1_2' title='bbox 513 145 545 191; x_wconf 91' lang='lat' dir='ltr'><em>n.</em></span> <span class='ocrx_word' id='word_1_3' title='bbox 567 143 667 190; x_wconf 78' lang='lat' dir='ltr'><em>suerro</em></span> <span class='ocrx_word' id='word_1_4' title='bbox 685 145 717 189; x_wconf 90' lang='lat' dir='ltr'><em>u.</em></span> <span class='ocrx_word' id='word_1_5' title='bbox 738 142 831 190; x_wconf 81' lang='lat' dir='ltr'><em>carun</em></span> <span class='ocrx_word' id='word_1_6' title='bbox 848 143 892 188; x_wconf 91' lang='lat' dir='ltr'><em>ur.</em></span> <span class='ocrx_word' id='word_1_7' title='bbox 1178 122 1239 186; x_wconf 71' lang='lat'><em>209</em></span> 
     </span>
    </p>
   </div>
   <div class='ocr_carea' id='block_1_2' title="bbox 47 221 1353 4091">
    <p class='ocr_par' dir='ltr' id='par_1_2' title="bbox 47 221 1353 4091">
     <span class='ocr_line' id='line_1_2' title="bbox 68 221 1280 310; baseline -0.007 -22"><span class='ocrx_word' id='word_1_8' title='bbox 68 244 110 304; x_wconf 81' lang='lat' dir='ltr'><em>se,</em></span> <span class='ocrx_word' id='word_1_9' title='bbox 127 233 235 310; x_wconf 82' lang='lat' dir='ltr'><em>apparet</em></span> <span class='ocrx_word' id='word_1_10' title='bbox 258 237 317 291; x_wconf 93' lang='lat' dir='ltr'><em>tum</em></span> <span class='ocrx_word' id='word_1_11' title='bbox 338 245 373 289; x_wconf 85' lang='lat' dir='ltr'><em>ex</em></span> <span class='ocrx_word' id='word_1_12' title='bbox 391 225 567 290; x_wconf 88' lang='lat' dir='ltr'><em>ludaeorum</em></span> <span class='ocrx_word' id='word_1_13' title='bbox 588 225 645 290; x_wconf 76' lang='lat' dir='ltr'><em>,bo-</em></span> <span class='ocrx_word' id='word_1_14' title='bbox 672 242 790 310; x_wconf 73' lang='lat' dir='ltr'><em>¹pontem</em></span> <span class='ocrx_word' id='word_1_15' title='bbox 807 224 1056 294; x_wconf 77' lang='lat' dir='ltr'><em>tenebrascerent</em></span> <span class='ocrx_word' id='word_1_16' title='bbox 1074 221 1116 287; x_wconf 84' lang='lat' dir='ltr'><em>eis</em></span> <span class='ocrx_word' id='word_1_17' title='bbox 1130 221 1163 286; x_wconf 90' lang='lat' dir='ltr'><em>in</em></span> <span class='ocrx_word' id='word_1_18' title='bbox 1177 221 1280 296; x_wconf 79' lang='lat' dir='ltr'><em>lucem,</em></span> 
     </span>
     <span class='ocr_line' id='line_1_3' title="bbox 69 303 1283 392; baseline -0.002 -22"><span class='ocrx_word' id='word_1_19' title='bbox 69 310 194 388; x_wconf 88' lang='lat' dir='ltr'><em>ctoribns,</em></span> <span class='ocrx_word' id='word_1_20' title='bbox 214 311 264 392; x_wconf 85' lang='lat' dir='ltr'><em>pui</em></span> <span class='ocrx_word' id='word_1_21' title='bbox 282 311 351 372; x_wconf 91' lang='lat' dir='ltr'><em>huic</em></span> <span class='ocrx_word' id='word_1_22' title='bbox 370 311 557 392; x_wconf 89' lang='lat' dir='ltr'><em>potissimum</em></span> <span class='ocrx_word' id='word_1_23' title='bbox 578 309 644 370; x_wconf 79' lang='lat' dir='ltr'><em>lo&#39;co</em></span> <span class='ocrx_word' id='word_1_24' title='bbox 683 316 711 370; x_wconf 89' lang='lat' dir='ltr'><em>et</em></span> <span class='ocrx_word' id='word_1_25' title='bbox 723 323 819 388; x_wconf 82' lang='lat' dir='ltr'><em>prona</em></span> <span class='ocrx_word' id='word_1_26' title='bbox 835 309 869 378; x_wconf 82' lang='lat' dir='ltr'><em>in</em></span> <span class='ocrx_word' id='word_1_27' title='bbox 882 315 962 372; x_wconf 79' lang='lat' dir='ltr'><em>recta</em></span> <span class='ocrx_word' id='word_1_28' title='bbox 976 305 1036 388; x_wconf 87' lang='lat'><strong>(3);</strong></span> <span class='ocrx_word' id='word_1_29' title='bbox 1055 314 1084 367; x_wconf 88' lang='lat' dir='ltr'><em>et</em></span> <span class='ocrx_word' id='word_1_30' title='bbox 1103 303 1283 374; x_wconf 68' lang='lat' dir='ltr'><em>iterumad</em></span> 
     </span>
     <span class='ocr_line' id='line_1_4' title="bbox 67 391 1281 476; baseline -0.004 -21"><span class='ocrx_word' id='word_1_31' title='bbox 67 392 140 456; x_wconf 78' lang='lat' dir='ltr'><strong>innixi</strong></span> <span class='ocrx_word' id='word_1_32' title='bbox 160 396 288 458; x_wconf 79' lang='lat' dir='ltr'><em>futurum</em></span> <span class='ocrx_word' id='word_1_33' title='bbox 313 393 438 458; x_wconf 85' lang='lat' dir='ltr'><em>Messiae</em></span> <span class='ocrx_word' id='word_1_34' title='bbox 464 412 644 476; x_wconf 84' lang='lat' dir='ltr'><em>praecurso·</em></span> <span class='ocrx_word' id='word_1_35' title='bbox 684 392 931 458; x_wconf 71' lang='lat' dir='ltr'><em>annuntiandum</em></span> <span class='ocrx_word' id='word_1_36' title='bbox 947 391 1109 463; x_wconf 73' lang='lat' dir='ltr'><em>mansuetis</em></span> <span class='ocrx_word' id='word_1_37' title='bbox 1125 391 1207 452; x_wconf 81' lang='lat' dir='ltr'><strong>misit</strong></span> <span class='ocrx_word' id='word_1_38' title='bbox 1225 406 1281 466; x_wconf 87' lang='lat' dir='ltr'><em>me,</em></span> 
     </span>
     <span class='ocr_line' id='line_1_5' title="bbox 66 475 1283 558; baseline 0.001 -21"><span class='ocrx_word' id='word_1_39' title='bbox 66 496 112 538; x_wconf 87' lang='lat' dir='ltr'><em>ren</em></span> <span class='ocrx_word' id='word_1_40' title='bbox 127 479 336 558; x_wconf 76' lang='lat' dir='ltr'>expectabant,</span> <span class='ocrx_word' id='word_1_41' title='bbox 356 487 417 540; x_wconf 86' lang='lat' dir='ltr'><em>turn</em></span> <span class='ocrx_word' id='word_1_42' title='bbox 439 497 474 540; x_wconf 86' lang='lat' dir='ltr'><em>en</em></span> <span class='ocrx_word' id='word_1_43' title='bbox 492 485 642 553; x_wconf 71' lang='lat' dir='ltr'><em>(contentu,</em></span> <span class='ocrx_word' id='word_1_44' title='bbox 683 484 718 538; x_wconf 91' lang='lat' dir='ltr'><em>ut</em></span> <span class='ocrx_word' id='word_1_45' title='bbox 735 477 867 550; x_wconf 85' lang='lat' dir='ltr'><em>mederer</em></span> <span class='ocrx_word' id='word_1_46' title='bbox 885 475 1134 548; x_wconf 72' lang='lat' dir='ltr'><em>contribuendo,</em></span> <span class='ocrx_word' id='word_1_47' title='bbox 1153 481 1180 540; x_wconf 87' lang='lat' dir='ltr'><em>et</em></span> <span class='ocrx_word' id='word_1_48' title='bbox 1191 490 1283 556; x_wconf 84' lang='lat' dir='ltr'><em>prae-</em></span> 
     </span>
     <span class='ocr_line' id='line_1_6' title="bbox 65 557 1284 643; baseline -0.002 -21"><span class='ocrx_word' id='word_1_49' title='bbox 65 561 117 642; x_wconf 86' lang='lat' dir='ltr'><em>puia</em></span> <span class='ocrx_word' id='word_1_50' title='bbox 137 562 228 624; x_wconf 88' lang='lat' dir='ltr'><em>citatis</em></span> <span class='ocrx_word' id='word_1_51' title='bbox 261 561 357 625; x_wconf 91' lang='lat' dir='ltr'><em>verbis</em></span> <span class='ocrx_word' id='word_1_52' title='bbox 381 562 551 632; x_wconf 86' lang='lat' dir='ltr'><em>immediate</em></span> <span class='ocrx_word' id='word_1_53' title='bbox 570 561 644 623; x_wconf 90' lang='lat' dir='ltr'><em>sub·</em></span> <span class='ocrx_word' id='word_1_54' title='bbox 684 561 812 639; x_wconf 81' lang='lat' dir='ltr'><em>dicarem</em></span> <span class='ocrx_word' id='word_1_55' title='bbox 839 559 962 643; x_wconf 83' lang='lat' dir='ltr'><em>captiuis</em></span> <span class='ocrx_word' id='word_1_56' title='bbox 988 557 1230 640; x_wconf 64' lang='lat' dir='ltr'><em>intumentium,</em></span> <span class='ocrx_word' id='word_1_57' title='bbox 1257 567 1284 628; x_wconf 75' lang='lat' dir='ltr'><em>et</em></span> 
     </span>
     <span class='ocr_line' id='line_1_7' title="bbox 66 641 1061 722; baseline -0.001 -17"><span class='ocrx_word' id='word_1_58' title='bbox 66 645 194 722; x_wconf 79' lang='lat' dir='ltr'><em>iungitur:</em></span> <span class='ocrx_word' id='word_1_59' title='bbox 216 649 265 710; x_wconf 81' lang='lat' dir='ltr'><em>m·</em></span> <span class='ocrx_word' id='word_1_60' title='bbox 281 647 379 709; x_wconf 89' lang='lat' dir='ltr'><em>statim</em></span> <span class='ocrx_word' id='word_1_61' title='bbox 402 648 497 708; x_wconf 88' lang='lat' dir='ltr'><em>ueniet</em></span> <span class='ocrx_word' id='word_1_62' title='bbox 514 647 553 708; x_wconf 83' lang='lat' dir='ltr'><em>ad</em></span> <span class='ocrx_word' id='word_1_63' title='bbox 571 653 644 708; x_wconf 89' lang='lat' dir='ltr'><em>tem·</em></span> <span class='ocrx_word' id='word_1_64' title='bbox 684 643 791 706; x_wconf 77' lang='lat' dir='ltr'><em>cluensis</em></span> <span class='ocrx_word' id='word_1_65' title='bbox 804 644 983 722; x_wconf 83' lang='lat' dir='ltr'><em>apertionem</em></span> <span class='ocrx_word' id='word_1_66' title='bbox 1003 641 1061 722; x_wconf 77' lang='lat' dir='ltr'><em>(b).</em></span> 
     </span>
     <span class='ocr_line' id='line_1_8' title="bbox 64 723 1283 810; baseline -0.002 -19"><span class='ocrx_word' id='word_1_67' title='bbox 64 730 130 810; x_wconf 82' lang='lat' dir='ltr'><em>ptura</em></span> <span class='ocrx_word' id='word_1_68' title='bbox 156 747 241 798; x_wconf 88' lang='lat' dir='ltr'><em>suum</em></span> <span class='ocrx_word' id='word_1_69' title='bbox 271 731 456 806; x_wconf 83' lang='lat' dir='ltr'><em>dominator,</em></span> <span class='ocrx_word' id='word_1_70' title='bbox 486 747 571 810; x_wconf 76' lang='lat' dir='ltr'><em>poem</em></span> <span class='ocrx_word' id='word_1_71' title='bbox 598 747 646 791; x_wconf 91' lang='lat' dir='ltr'><em>uas</em></span> <span class='ocrx_word' id='word_1_72' title='bbox 726 728 757 788; x_wconf 82' lang='lat' dir='ltr'><em>t.</em></span> <span class='ocrx_word' id='word_1_73' title='bbox 777 728 870 792; x_wconf 79' lang='lat' dir='ltr'><em>Loacus</em></span> <span class='ocrx_word' id='word_1_74' title='bbox 891 725 1081 806; x_wconf 86' lang='lat' dir='ltr'><em>aPropbetis</em></span> <span class='ocrx_word' id='word_1_75' title='bbox 1098 723 1283 788; x_wconf 83' lang='lat' dir='ltr'><em>determina-</em></span> 
     </span>
     <span class='ocr_line' id='line_1_9' title="bbox 66 806 1285 896; baseline -0.005 -20"><span class='ocrx_word' id='word_1_76' title='bbox 66 815 199 891; x_wconf 86' lang='lat' dir='ltr'><em>maeritis,</em></span> <span class='ocrx_word' id='word_1_77' title='bbox 208 823 235 877; x_wconf 84' lang='lat' dir='ltr'><em>et</em></span> <span class='ocrx_word' id='word_1_78' title='bbox 244 815 366 896; x_wconf 75' lang='lat' dir='ltr'><em>capetus</em></span> <span class='ocrx_word' id='word_1_79' title='bbox 377 815 551 888; x_wconf 71' lang='lat' dir='ltr'><em>testamenti,</em></span> <span class='ocrx_word' id='word_1_80' title='bbox 562 831 645 893; x_wconf 81' lang='lat' dir='ltr'><em>quem</em></span> <span class='ocrx_word' id='word_1_81' title='bbox 685 819 731 872; x_wconf 87' lang='lat' dir='ltr'><em>tus</em></span> <span class='ocrx_word' id='word_1_82' title='bbox 742 811 809 886; x_wconf 86' lang='lat' dir='ltr'><em>suit,</em></span> <span class='ocrx_word' id='word_1_83' title='bbox 823 811 853 882; x_wconf 87' lang='lat' dir='ltr'><em>iu</em></span> <span class='ocrx_word' id='word_1_84' title='bbox 866 830 924 892; x_wconf 90' lang='lat' dir='ltr'><em>quo</em></span> <span class='ocrx_word' id='word_1_85' title='bbox 937 809 1074 891; x_wconf 88' lang='lat' dir='ltr'><em>primitus</em></span> <span class='ocrx_word' id='word_1_86' title='bbox 1085 806 1205 876; x_wconf 81' lang='lat' dir='ltr'><em>Messias</em></span> <span class='ocrx_word' id='word_1_87' title='bbox 1217 827 1285 870; x_wconf 92' lang='lat' dir='ltr'><em>coe·</em></span> 
     </span>
     <span class='ocr_line' id='line_1_10' title="bbox 65 892 1286 980; baseline -0.003 -22"><span class='ocrx_word' id='word_1_88' title='bbox 65 915 105 960; x_wconf 87' lang='lat' dir='ltr'><em>uus</em></span> <span class='ocrx_word' id='word_1_89' title='bbox 119 899 210 960; x_wconf 88' lang='lat' dir='ltr'><em>nattis.</em></span> <span class='ocrx_word' id='word_1_90' title='bbox 223 898 370 960; x_wconf 86' lang='lat' dir='ltr'><em>-Iseias</em></span> <span class='ocrx_word' id='word_1_91' title='bbox 388 917 508 980; x_wconf 83' lang='lat' dir='ltr'><em>qrroque</em></span> <span class='ocrx_word' id='word_1_92' title='bbox 522 895 645 962; x_wconf 76' lang='lat' dir='ltr'><em>Messias</em></span> <span class='ocrx_word' id='word_1_93' title='bbox 684 895 788 958; x_wconf 87' lang='lat' dir='ltr'><em>lestem</em></span> <span class='ocrx_word' id='word_1_94' title='bbox 808 913 890 958; x_wconf 87' lang='lat' dir='ltr'><em>suam</em></span> <span class='ocrx_word' id='word_1_95' title='bbox 908 895 1070 957; x_wconf 79' lang='lat' dir='ltr'><strong>doctrinam</strong></span> <span class='ocrx_word' id='word_1_96' title='bbox 1092 892 1286 955; x_wconf 87' lang='lat' dir='ltr'><em>annuntiatu-</em></span> 
     </span>
     <span class='ocr_line' id='line_1_11' title="bbox 65 977 1304 1060; baseline 0.003 -20"><span class='ocrx_word' id='word_1_97' title='bbox 65 999 264 1060; x_wconf 85' lang='lat' dir='ltr'><em>praecursorem</em></span> <span class='ocrx_word' id='word_1_98' title='bbox 281 981 642 1055; x_wconf 83' lang='lat' dir='ltr'><em>vaticinatusestdicens:</em></span> <span class='ocrx_word' id='word_1_99' title='bbox 685 998 735 1044; x_wconf 89' lang='lat' dir='ltr'><em>rus</em></span> <span class='ocrx_word' id='word_1_100' title='bbox 762 979 810 1040; x_wconf 88' lang='lat' dir='ltr'><em>sit.</em></span> <span class='ocrx_word' id='word_1_101' title='bbox 837 977 959 1056; x_wconf 80' lang='lat' dir='ltr'><em>Legitur</em></span> <span class='ocrx_word' id='word_1_102' title='bbox 983 979 1061 1050; x_wconf 89' lang='lat' dir='ltr'><em>enim</em></span> <span class='ocrx_word' id='word_1_103' title='bbox 1088 977 1156 1059; x_wconf 89' lang='lat'>(5):</span> <span class='ocrx_word' id='word_1_104' title='bbox 1181 979 1304 1043; x_wconf 83' lang='lat' dir='ltr'><em>Primo.</em></span> 
     </span>
     <span class='ocr_line' id='line_1_12' title="bbox 67 1063 1308 1144; baseline -0.002 -19"><span class='ocrx_word' id='word_1_105' title='bbox 67 1065 119 1126; x_wconf 85' lang='lat' dir='ltr'><em>Van</em></span> <span class='ocrx_word' id='word_1_106' title='bbox 140 1066 291 1130; x_wconf 80' lang='lat' dir='ltr'><em>clamantis</em></span> <span class='ocrx_word' id='word_1_107' title='bbox 317 1066 351 1128; x_wconf 89' lang='lat' dir='ltr'><em>in</em></span> <span class='ocrx_word' id='word_1_108' title='bbox 376 1067 513 1128; x_wconf 86' lang='lat' dir='ltr'><em>desento:</em></span> <span class='ocrx_word' id='word_1_109' title='bbox 534 1067 646 1131; x_wconf 83' lang='lat' dir='ltr'><em>Parate</em></span> <span class='ocrx_word' id='word_1_110' title='bbox 685 1073 811 1144; x_wconf 88' lang='lat' dir='ltr'><em>tempore</em></span> <span class='ocrx_word' id='word_1_111' title='bbox 829 1063 966 1126; x_wconf 84' lang='lat' dir='ltr'><em>alleviata</em></span> <span class='ocrx_word' id='word_1_112' title='bbox 983 1071 1024 1125; x_wconf 89' lang='lat' dir='ltr'><em>est</em></span> <span class='ocrx_word' id='word_1_113' title='bbox 1042 1071 1122 1125; x_wconf 85' lang='lat' dir='ltr'><em>terra</em></span> <span class='ocrx_word' id='word_1_114' title='bbox 1135 1063 1284 1140; x_wconf 78' lang='lat' dir='ltr'><em>Zabulon,</em></span> <span class='ocrx_word' id='word_1_115' title='bbox 1300 1089 1308 1144; x_wconf 33' lang='grc' dir='ltr'><em>,ρ</em></span> 
     </span>
     <span class='ocr_line' id='line_1_13' title="bbox 65 1147 1285 1230; baseline 0.002 -22"><span class='ocrx_word' id='word_1_116' title='bbox 65 1148 128 1210; x_wconf 86' lang='lat' dir='ltr'><em>otuu</em></span> <span class='ocrx_word' id='word_1_117' title='bbox 142 1151 335 1216; x_wconf 85' lang='lat' dir='ltr'><em>Dominit-</em></span> <span class='ocrx_word' id='word_1_118' title='bbox 347 1157 441 1212; x_wconf 88' lang='lat' dir='ltr'><em>rectas</em></span> <span class='ocrx_word' id='word_1_119' title='bbox 454 1150 542 1229; x_wconf 75' lang='lat' dir='ltr'><em>[acite</em></span> <span class='ocrx_word' id='word_1_120' title='bbox 556 1150 589 1212; x_wconf 91' lang='lat' dir='ltr'><em>in</em></span> <span class='ocrx_word' id='word_1_121' title='bbox 602 1168 647 1212; x_wconf 94' lang='lat' dir='ltr'><em>so-</em></span> <span class='ocrx_word' id='word_1_122' title='bbox 685 1157 712 1210; x_wconf 90' lang='lat' dir='ltr'><em>et</em></span> <span class='ocrx_word' id='word_1_123' title='bbox 730 1156 811 1210; x_wconf 87' lang='lat' dir='ltr'><em>terro</em></span> <span class='ocrx_word' id='word_1_124' title='bbox 828 1147 967 1228; x_wconf 80' lang='lat' dir='ltr'><em>Nepbtnti</em></span> <span class='ocrx_word' id='word_1_125' title='bbox 977 1193 984 1222; x_wconf 93' lang='lat'><em>,</em></span> <span class='ocrx_word' id='word_1_126' title='bbox 1004 1154 1030 1208; x_wconf 87' lang='lat' dir='ltr'><em>et</em></span> <span class='ocrx_word' id='word_1_127' title='bbox 1047 1147 1206 1219; x_wconf 86' lang='lat' dir='ltr'><em>nouissima</em></span> <span class='ocrx_word' id='word_1_128' title='bbox 1229 1165 1285 1230; x_wconf 79' lang='lat' dir='ltr'><em>aa·</em></span> 
     </span>
     <span class='ocr_line' id='line_1_14' title="bbox 64 1231 1285 1320; baseline 0.001 -28"><span class='ocrx_word' id='word_1_129' title='bbox 64 1232 167 1296; x_wconf 80' lang='lat' dir='ltr'><em>titudine</em></span> <span class='ocrx_word' id='word_1_130' title='bbox 183 1235 302 1306; x_wconf 83' lang='lat' dir='ltr'><em>semitas</em></span> <span class='ocrx_word' id='word_1_131' title='bbox 317 1235 372 1296; x_wconf 85' lang='lat' dir='ltr'><em>Dei</em></span> <span class='ocrx_word' id='word_1_132' title='bbox 389 1235 485 1302; x_wconf 83' lang='lat' dir='ltr'><em>nostri</em></span> <span class='ocrx_word' id='word_1_133' title='bbox 501 1233 559 1314; x_wconf 84' lang='lat' dir='ltr'><em>(i).</em></span> <span class='ocrx_word' id='word_1_134' title='bbox 575 1231 646 1304; x_wconf 85' lang='lat' dir='ltr'><em>Qut·</em></span> <span class='ocrx_word' id='word_1_135' title='bbox 681 1239 808 1320; x_wconf 74' lang='lat' dir='ltr'><em>prosata</em></span> <span class='ocrx_word' id='word_1_136' title='bbox 832 1239 873 1294; x_wconf 89' lang='lat' dir='ltr'><em>est</em></span> <span class='ocrx_word' id='word_1_137' title='bbox 897 1231 947 1294; x_wconf 88' lang='lat' dir='ltr'><em>uia</em></span> <span class='ocrx_word' id='word_1_138' title='bbox 963 1232 1059 1302; x_wconf 84' lang='lat' dir='ltr'><em>manis</em></span> <span class='ocrx_word' id='word_1_139' title='bbox 1077 1239 1162 1293; x_wconf 91' lang='lat' dir='ltr'><em>trans</em></span> <span class='ocrx_word' id='word_1_140' title='bbox 1178 1232 1285 1302; x_wconf 77' lang='lat' dir='ltr'><em>Iorda-</em></span> 
     </span>
     <span class='ocr_line' id='line_1_15' title="bbox 64 1313 1287 1399; baseline 0.002 -23"><span class='ocrx_word' id='word_1_141' title='bbox 64 1313 107 1377; x_wconf 90' lang='lat' dir='ltr'><em>bus</em></span> <span class='ocrx_word' id='word_1_142' title='bbox 126 1318 217 1380; x_wconf 89' lang='lat' dir='ltr'><em>rerbis</em></span> <span class='ocrx_word' id='word_1_143' title='bbox 247 1317 440 1398; x_wconf 82' lang='lat' dir='ltr'><em>praedicitur,</em></span> <span class='ocrx_word' id='word_1_144' title='bbox 467 1333 644 1399; x_wconf 53' lang='lat' dir='ltr'><em>praecursaf</em></span> <span class='ocrx_word' id='word_1_145' title='bbox 684 1334 751 1380; x_wconf 90' lang='lat' dir='ltr'><em>nem</em></span> <span class='ocrx_word' id='word_1_146' title='bbox 764 1316 914 1381; x_wconf 81' lang='lat' dir='ltr'><em>Galilaeae</em></span> <span class='ocrx_word' id='word_1_147' title='bbox 925 1315 1070 1398; x_wconf 78' lang='lat' dir='ltr'><em>pontium.</em></span> <span class='ocrx_word' id='word_1_148' title='bbox 1083 1313 1287 1396; x_wconf 78' lang='lat' dir='ltr'><em>Populus,tpui</em></span> 
     </span>
     <span class='ocr_line' id='line_1_16' title="bbox 63 1399 1286 1484; baseline 0.002 -24"><span class='ocrx_word' id='word_1_149' title='bbox 63 1417 134 1461; x_wconf 86' lang='lat' dir='ltr'><em>ren·</em></span> <span class='ocrx_word' id='word_1_150' title='bbox 144 1401 305 1484; x_wconf 87' lang='lat' dir='ltr'><em>praecipue</em></span> <span class='ocrx_word' id='word_1_151' title='bbox 324 1402 354 1466; x_wconf 91' lang='lat' dir='ltr'><em>in</em></span> <span class='ocrx_word' id='word_1_152' title='bbox 369 1400 645 1464; x_wconf 76' lang='lat' dir='ltr'><em>deserto-&#39;Messian</em></span> <span class='ocrx_word' id='word_1_153' title='bbox 685 1400 854 1465; x_wconf 84' lang='lat' dir='ltr'><em>orabutabat</em></span> <span class='ocrx_word' id='word_1_154' title='bbox 879 1401 912 1462; x_wconf 86' lang='lat' dir='ltr'><em>ia</em></span> <span class='ocrx_word' id='word_1_155' title='bbox 937 1400 1083 1475; x_wconf 81' lang='lat' dir='ltr'><em>tenebris,</em></span> <span class='ocrx_word' id='word_1_156' title='bbox 1102 1399 1176 1472; x_wconf 83' lang='lat' dir='ltr'><em>uidit</em></span> <span class='ocrx_word' id='word_1_157' title='bbox 1192 1399 1286 1468; x_wconf 60' lang='lat' dir='ltr'><em>,iucem</em></span> 
     </span>
     <span class='ocr_line' id='line_1_17' title="bbox 63 1479 1353 1564; baseline 0.003 -22"><span class='ocrx_word' id='word_1_158' title='bbox 63 1483 196 1556; x_wconf 80' lang='lat' dir='ltr'><em>adrentum</em></span> <span class='ocrx_word' id='word_1_159' title='bbox 214 1479 645 1562; x_wconf 76' lang='lat' dir='ltr'><em>enncrntiaturum,homine&#39;s-</em></span> <span class='ocrx_word' id='word_1_160' title='bbox 685 1501 847 1564; x_wconf 74' lang='lat' dir='ltr'><em>namnam,</em></span> <span class='ocrx_word' id='word_1_161' title='bbox 876 1483 1078 1546; x_wconf 78' lang='lat' dir='ltr'><em>habitantibus</em></span> <span class='ocrx_word' id='word_1_162' title='bbox 1104 1484 1138 1544; x_wconf 90' lang='lat' dir='ltr'><em>iu</em></span> <span class='ocrx_word' id='word_1_163' title='bbox 1165 1485 1287 1564; x_wconf 72' lang='lat' dir='ltr'><em>cepione</em></span> <span class='ocrx_word' id='word_1_164' title='bbox 1352 1509 1353 1518; x_wconf 33' lang='grc' dir='ltr'><strong>ι</strong></span> 
     </span>
     <span class='ocr_line' id='line_1_18' title="bbox 65 1568 1221 1651; baseline 0.002 -25"><span class='ocrx_word' id='word_1_165' title='bbox 65 1585 109 1645; x_wconf 85' lang='lat' dir='ltr'><em>que</em></span> <span class='ocrx_word' id='word_1_166' title='bbox 136 1570 170 1636; x_wconf 85' lang='lat' dir='ltr'><em>ed</em></span> <span class='ocrx_word' id='word_1_167' title='bbox 202 1569 418 1651; x_wconf 86' lang='lat' dir='ltr'><em>poenitentiam</em></span> <span class='ocrx_word' id='word_1_168' title='bbox 446 1569 643 1640; x_wconf 70' lang='lat' dir='ltr'><em>,excitaturum</em></span> <span class='ocrx_word' id='word_1_169' title='bbox 685 1570 807 1631; x_wconf 79' lang='lat' dir='ltr'><em>umbrae</em></span> <span class='ocrx_word' id='word_1_170' title='bbox 824 1569 939 1644; x_wconf 87' lang='lat' dir='ltr'><em>martis,</em></span> <span class='ocrx_word' id='word_1_171' title='bbox 956 1568 1011 1631; x_wconf 85' lang='lat' dir='ltr'><em>tua</em></span> <span class='ocrx_word' id='word_1_172' title='bbox 1027 1575 1094 1630; x_wconf 84' lang='lat' dir='ltr'><em>arta</em></span> <span class='ocrx_word' id='word_1_173' title='bbox 1111 1575 1153 1629; x_wconf 88' lang='lat' dir='ltr'><em>est</em></span> <span class='ocrx_word' id='word_1_174' title='bbox 1170 1569 1221 1632; x_wconf 87' lang='lat' dir='ltr'><em>eis.</em></span> 
     </span>
     <span class='ocr_line' id='line_1_19' title="bbox 64 1649 1287 1732; baseline 0.003 -22"><span class='ocrx_word' id='word_1_175' title='bbox 64 1650 150 1714; x_wconf 81' lang='lat' dir='ltr'><em>fuisse.</em></span> <span class='ocrx_word' id='word_1_176' title='bbox 728 1653 759 1714; x_wconf 88' lang='lat'><em>5.</em></span> <span class='ocrx_word' id='word_1_177' title='bbox 785 1649 920 1713; x_wconf 80' lang='lat' dir='ltr'><em>Messinm</em></span> <span class='ocrx_word' id='word_1_178' title='bbox 948 1651 1050 1714; x_wconf 90' lang='lat' dir='ltr'><em>multis</em></span> <span class='ocrx_word' id='word_1_179' title='bbox 1074 1652 1287 1732; x_wconf 84' lang='lat' dir='ltr'><em>stupendisque</em></span> 
     </span>
     <span class='ocr_line' id='line_1_20' title="bbox 95 1733 1286 1816; baseline 0.003 -21"><span class='ocrx_word' id='word_1_180' title='bbox 95 1733 119 1796; x_wconf 77' lang='lat' dir='ltr'><em>b.</em></span> <span class='ocrx_word' id='word_1_181' title='bbox 137 1734 257 1800; x_wconf 82' lang='lat' dir='ltr'><em>Messias</em></span> <span class='ocrx_word' id='word_1_182' title='bbox 281 1735 399 1798; x_wconf 83' lang='lat' dir='ltr'><em>iuturus</em></span> <span class='ocrx_word' id='word_1_183' title='bbox 419 1744 482 1799; x_wconf 83' lang='lat' dir='ltr'><em>erat</em></span> <span class='ocrx_word' id='word_1_184' title='bbox 501 1737 646 1816; x_wconf 84' lang='lat' dir='ltr'><em>Prapbeta</em></span> <span class='ocrx_word' id='word_1_185' title='bbox 685 1736 838 1797; x_wconf 86' lang='lat' dir='ltr'><em>miraculis</em></span> <span class='ocrx_word' id='word_1_186' title='bbox 856 1735 985 1798; x_wconf 84' lang='lat' dir='ltr'><em>divinum</em></span> <span class='ocrx_word' id='word_1_187' title='bbox 1010 1753 1094 1796; x_wconf 87' lang='lat' dir='ltr'><em>suam</em></span> <span class='ocrx_word' id='word_1_188' title='bbox 1114 1735 1286 1798; x_wconf 83' lang='lat' dir='ltr'><em>missionem</em></span> 
     </span>
     <span class='ocr_line' id='line_1_21' title="bbox 63 1816 1286 1900; baseline 0.004 -23"><span class='ocrx_word' id='word_1_189' title='bbox 63 1816 128 1886; x_wconf 83' lang='lat' dir='ltr'><em>iuxta</em></span> <span class='ocrx_word' id='word_1_190' title='bbox 142 1840 185 1898; x_wconf 87' lang='lat' dir='ltr'><em>ee,</em></span> <span class='ocrx_word' id='word_1_191' title='bbox 202 1840 280 1900; x_wconf 86' lang='lat' dir='ltr'><em>quae</em></span> <span class='ocrx_word' id='word_1_192' title='bbox 296 1819 374 1882; x_wconf 90' lang='lat' dir='ltr'><em>Deus</em></span> <span class='ocrx_word' id='word_1_193' title='bbox 393 1820 507 1884; x_wconf 82' lang='lat' dir='ltr'><em>dixerat</em></span> <span class='ocrx_word' id='word_1_194' title='bbox 519 1821 555 1882; x_wconf 85' lang='lat' dir='ltr'><em>ad</em></span> <span class='ocrx_word' id='word_1_195' title='bbox 566 1819 646 1900; x_wconf 81' lang='lat' dir='ltr'><em>Mop-</em></span> <span class='ocrx_word' id='word_1_196' title='bbox 685 1821 928 1882; x_wconf 85' lang='lat' dir='ltr'><em>confirmaturum</em></span> <span class='ocrx_word' id='word_1_197' title='bbox 948 1837 1025 1895; x_wconf 90' lang='lat' dir='ltr'><em>esse,</em></span> <span class='ocrx_word' id='word_1_198' title='bbox 1046 1827 1169 1880; x_wconf 85' lang='lat' dir='ltr'><em>testatur</em></span> <span class='ocrx_word' id='word_1_199' title='bbox 1182 1818 1286 1898; x_wconf 80' lang='lat' dir='ltr'><em>Isaiae,</em></span> 
     </span>
     <span class='ocr_line' id='line_1_22' title="bbox 65 1903 1287 1986; baseline 0.002 -25"><span class='ocrx_word' id='word_1_200' title='bbox 65 1919 115 1964; x_wconf 88' lang='lat' dir='ltr'><em>sen:</em></span> <span class='ocrx_word' id='word_1_201' title='bbox 132 1905 306 1986; x_wconf 84' lang='lat' dir='ltr'><em>Propbetam</em></span> <span class='ocrx_word' id='word_1_202' title='bbox 324 1906 465 1969; x_wconf 84' lang='lat' dir='ltr'><em>suscitabo</em></span> <span class='ocrx_word' id='word_1_203' title='bbox 483 1906 524 1967; x_wconf 86' lang='lat' dir='ltr'><em>eis</em></span> <span class='ocrx_word' id='word_1_204' title='bbox 542 1907 646 1969; x_wconf 84' lang='lat' dir='ltr'><em>aeme-</em></span> <span class='ocrx_word' id='word_1_205' title='bbox 685 1905 736 1986; x_wconf 90' lang='lat' dir='ltr'><em>qui</em></span> <span class='ocrx_word' id='word_1_206' title='bbox 761 1904 850 1965; x_wconf 86' lang='lat' dir='ltr'><em>etiam</em></span> <span class='ocrx_word' id='word_1_207' title='bbox 877 1903 958 1964; x_wconf 85' lang='lat' dir='ltr'><em>varia</em></span> <span class='ocrx_word' id='word_1_208' title='bbox 983 1904 1127 1984; x_wconf 85' lang='lat' dir='ltr'><em>patranda</em></span> <span class='ocrx_word' id='word_1_209' title='bbox 1146 1905 1287 1976; x_wconf 81' lang='lat' dir='ltr'><em>miracuta</em></span> 
     </span>
     <span class='ocr_line' id='line_1_23' title="bbox 63 1985 1285 2068; baseline 0.002 -22"><span class='ocrx_word' id='word_1_210' title='bbox 63 1986 101 2048; x_wconf 84' lang='lat' dir='ltr'><em>dio</em></span> <span class='ocrx_word' id='word_1_211' title='bbox 112 1987 240 2066; x_wconf 79' lang='lat' dir='ltr'><em>fratrum</em></span> <span class='ocrx_word' id='word_1_212' title='bbox 257 1997 390 2068; x_wconf 87' lang='lat' dir='ltr'><em>tuorum,</em></span> <span class='ocrx_word' id='word_1_213' title='bbox 406 1989 530 2053; x_wconf 84' lang='lat' dir='ltr'><em>simitum</em></span> <span class='ocrx_word' id='word_1_214' title='bbox 547 1989 603 2064; x_wconf 65' lang='lat' dir='ltr'><em>tui,</em></span> <span class='ocrx_word' id='word_1_215' title='bbox 619 1997 646 2058; x_wconf 80' lang='lat' dir='ltr'><em>tt</em></span> <span class='ocrx_word' id='word_1_216' title='bbox 686 1989 870 2060; x_wconf 74' lang='lat' dir='ltr'><em>denominat.</em></span> <span class='ocrx_word' id='word_1_217' title='bbox 886 1987 958 2048; x_wconf 91' lang='lat' dir='ltr'><em>Nam</em></span> <span class='ocrx_word' id='word_1_218' title='bbox 976 2006 1002 2048; x_wconf 94' lang='lat' dir='ltr'><em>c.</em></span> <span class='ocrx_word' id='word_1_219' title='bbox 1017 1985 1129 2063; x_wconf 85' lang='lat' dir='ltr'><em>XXXV,</em></span> <span class='ocrx_word' id='word_1_220' title='bbox 1143 1988 1162 2048; x_wconf 80' lang='lat' dir='ltr'><em>b</em></span> <span class='ocrx_word' id='word_1_221' title='bbox 1179 1997 1285 2068; x_wconf 83' lang='lat' dir='ltr'><em>etseq.</em></span> 
     </span>
     <span class='ocr_line' id='line_1_24' title="bbox 61 2071 1287 2152; baseline 0.004 -23"><span class='ocrx_word' id='word_1_222' title='bbox 61 2086 151 2148; x_wconf 87' lang='lat' dir='ltr'><em>porram</em></span> <span class='ocrx_word' id='word_1_223' title='bbox 164 2074 251 2136; x_wconf 84' lang='lat' dir='ltr'><em>uerba</em></span> <span class='ocrx_word' id='word_1_224' title='bbox 265 2091 329 2136; x_wconf 89' lang='lat' dir='ltr'><em>mea</em></span> <span class='ocrx_word' id='word_1_225' title='bbox 344 2074 377 2134; x_wconf 88' lang='lat' dir='ltr'><em>in</em></span> <span class='ocrx_word' id='word_1_226' title='bbox 392 2090 442 2135; x_wconf 88' lang='lat' dir='ltr'><em>ore</em></span> <span class='ocrx_word' id='word_1_227' title='bbox 454 2074 532 2150; x_wconf 87' lang='lat' dir='ltr'><em>eius,</em></span> <span class='ocrx_word' id='word_1_228' title='bbox 549 2073 647 2152; x_wconf 77' lang='lat' dir='ltr'><em>ioque</em></span> <span class='ocrx_word' id='word_1_229' title='bbox 684 2071 802 2136; x_wconf 87' lang='lat' dir='ltr'><em>Iudaeis</em></span> <span class='ocrx_word' id='word_1_230' title='bbox 824 2072 987 2142; x_wconf 82' lang='lat' dir='ltr'><em>aectamat:</em></span> <span class='ocrx_word' id='word_1_231' title='bbox 1010 2071 1242 2152; x_wconf 71' lang='lat' dir='ltr'><em>confortamini,</em></span> <span class='ocrx_word' id='word_1_232' title='bbox 1262 2081 1287 2134; x_wconf 89' lang='lat' dir='ltr'><em>et</em></span> 
     </span>
     <span class='ocr_line' id='line_1_25' title="bbox 64 2155 1288 2240; baseline 0.002 -27"><span class='ocrx_word' id='word_1_233' title='bbox 64 2159 151 2233; x_wconf 80' lang='lat' dir='ltr'><em>turone</em></span> <span class='ocrx_word' id='word_1_234' title='bbox 167 2157 205 2224; x_wconf 85' lang='lat' dir='ltr'><em>aa</em></span> <span class='ocrx_word' id='word_1_235' title='bbox 222 2175 271 2219; x_wconf 82' lang='lat' dir='ltr'><em>eor</em></span> <span class='ocrx_word' id='word_1_236' title='bbox 289 2157 409 2232; x_wconf 90' lang='lat' dir='ltr'><em>omnio,</em></span> <span class='ocrx_word' id='word_1_237' title='bbox 431 2175 505 2235; x_wconf 82' lang='lat' dir='ltr'><em>quae</em></span> <span class='ocrx_word' id='word_1_238' title='bbox 525 2175 645 2236; x_wconf 84' lang='lat' dir='ltr'><em>praece·</em></span> <span class='ocrx_word' id='word_1_239' title='bbox 686 2158 776 2220; x_wconf 87' lang='lat' dir='ltr'><em>notite</em></span> <span class='ocrx_word' id='word_1_240' title='bbox 794 2157 949 2240; x_wconf 73' lang='lat' dir='ltr'><em>timere...</em></span> <span class='ocrx_word' id='word_1_241' title='bbox 966 2157 1045 2218; x_wconf 90' lang='lat' dir='ltr'><em>Deus</em></span> <span class='ocrx_word' id='word_1_242' title='bbox 1064 2157 1125 2236; x_wconf 84' lang='lat' dir='ltr'><em>ipse</em></span> <span class='ocrx_word' id='word_1_243' title='bbox 1141 2155 1246 2232; x_wconf 61' lang='lat' dir='ltr'><em>eueniet,</em></span> <span class='ocrx_word' id='word_1_244' title='bbox 1261 2165 1288 2220; x_wconf 86' lang='lat' dir='ltr'><em>et</em></span> 
     </span>
     <span class='ocr_line' id='line_1_26' title="bbox 62 2239 1289 2320; baseline 0.003 -22"><span class='ocrx_word' id='word_1_245' title='bbox 62 2240 186 2316; x_wconf 87' lang='lat' dir='ltr'><em>panitti;</em></span> <span class='ocrx_word' id='word_1_246' title='bbox 200 2241 364 2320; x_wconf 78' lang='lat' dir='ltr'><em>quinarem</em></span> <span class='ocrx_word' id='word_1_247' title='bbox 381 2243 467 2304; x_wconf 88' lang='lat' dir='ltr'><em>uerba</em></span> <span class='ocrx_word' id='word_1_248' title='bbox 485 2242 560 2317; x_wconf 85' lang='lat' dir='ltr'><em>eius,</em></span> <span class='ocrx_word' id='word_1_249' title='bbox 573 2257 647 2320; x_wconf 83' lang='lat' dir='ltr'><em>quae</em></span> <span class='ocrx_word' id='word_1_250' title='bbox 684 2241 806 2313; x_wconf 81' lang='lat' dir='ltr'><em>sulcabit</em></span> <span class='ocrx_word' id='word_1_251' title='bbox 829 2258 888 2301; x_wconf 88' lang='lat' dir='ltr'><em>aas.</em></span> <span class='ocrx_word' id='word_1_252' title='bbox 912 2241 993 2312; x_wconf 80' lang='lat' dir='ltr'><em>Tarm</em></span> <span class='ocrx_word' id='word_1_253' title='bbox 1017 2241 1191 2320; x_wconf 80' lang='lat' dir='ltr'><em>operientur</em></span> <span class='ocrx_word' id='word_1_254' title='bbox 1212 2239 1289 2307; x_wconf 82' lang='lat' dir='ltr'><em>aerati</em></span> 
     </span>
     <span class='ocr_line' id='line_1_27' title="bbox 64 2319 1287 2404; baseline 0.004 -23"><span class='ocrx_word' id='word_1_255' title='bbox 64 2319 178 2399; x_wconf 73' lang='lat' dir='ltr'><em>loquatur</em></span> <span class='ocrx_word' id='word_1_256' title='bbox 192 2325 226 2386; x_wconf 90' lang='lat' dir='ltr'><em>in</em></span> <span class='ocrx_word' id='word_1_257' title='bbox 246 2326 365 2386; x_wconf 87' lang='lat' dir='ltr'><em>nornine</em></span> <span class='ocrx_word' id='word_1_258' title='bbox 382 2343 455 2400; x_wconf 88' lang='lat' dir='ltr'><em>meo,</em></span> <span class='ocrx_word' id='word_1_259' title='bbox 473 2325 580 2388; x_wconf 81' lang='lat' dir='ltr'><em>audine</em></span> <span class='ocrx_word' id='word_1_260' title='bbox 594 2343 646 2388; x_wconf 92' lang='lat' dir='ltr'><em>uo·</em></span> <span class='ocrx_word' id='word_1_261' title='bbox 685 2343 856 2402; x_wconf 86' lang='lat' dir='ltr'><em>caecorum,</em></span> <span class='ocrx_word' id='word_1_262' title='bbox 876 2333 903 2386; x_wconf 86' lang='lat' dir='ltr'><em>et</em></span> <span class='ocrx_word' id='word_1_263' title='bbox 921 2341 1009 2394; x_wconf 87' lang='lat' dir='ltr'><em>aures</em></span> <span class='ocrx_word' id='word_1_264' title='bbox 1027 2325 1189 2396; x_wconf 72' lang='lat' dir='ltr'><em>sardonum</em></span> <span class='ocrx_word' id='word_1_265' title='bbox 1199 2333 1287 2404; x_wconf 83' lang='lat' dir='ltr'><em>pute·</em></span> 
     </span>
     <span class='ocr_line' id='line_1_28' title="bbox 65 2403 1288 2490; baseline 0.006 -25"><span class='ocrx_word' id='word_1_266' title='bbox 65 2403 148 2484; x_wconf 87' lang='lat' dir='ltr'><em>tuerit,</em></span> <span class='ocrx_word' id='word_1_267' title='bbox 161 2426 210 2488; x_wconf 80' lang='lat' dir='ltr'><em>epo</em></span> <span class='ocrx_word' id='word_1_268' title='bbox 225 2409 306 2472; x_wconf 86' lang='lat' dir='ltr'><em>ultor</em></span> <span class='ocrx_word' id='word_1_269' title='bbox 318 2409 441 2478; x_wconf 86' lang='lat' dir='ltr'><em>eaistam</em></span> <span class='ocrx_word' id='word_1_270' title='bbox 453 2409 512 2490; x_wconf 64' lang='lat'><strong>(⁹2).</strong></span> <span class='ocrx_word' id='word_1_271' title='bbox 526 2407 646 2470; x_wconf 83' lang='lat' dir='ltr'><em>Messias</em></span> <span class='ocrx_word' id='word_1_272' title='bbox 687 2410 770 2483; x_wconf 82' lang='lat' dir='ltr'><em>beent.</em></span> <span class='ocrx_word' id='word_1_273' title='bbox 788 2410 874 2485; x_wconf 58' lang='lat' dir='ltr'><em>,Tunc</em></span> <span class='ocrx_word' id='word_1_274' title='bbox 891 2411 975 2482; x_wconf 80' lang='lat' dir='ltr'><em>satiet</em></span> <span class='ocrx_word' id='word_1_275' title='bbox 990 2409 1067 2480; x_wconf 85' lang='lat' dir='ltr'><em>sicut</em></span> <span class='ocrx_word' id='word_1_276' title='bbox 1085 2427 1187 2489; x_wconf 80' lang='lat' dir='ltr'><em>cernas</em></span> <span class='ocrx_word' id='word_1_277' title='bbox 1205 2409 1288 2482; x_wconf 85' lang='lat' dir='ltr'><em>ciuu-</em></span> 
     </span>
     <span class='ocr_line' id='line_1_29' title="bbox 64 2490 1286 2576; baseline 0.004 -28"><span class='ocrx_word' id='word_1_278' title='bbox 64 2505 130 2568; x_wconf 82' lang='lat' dir='ltr'><em>ergo,</em></span> <span class='ocrx_word' id='word_1_279' title='bbox 147 2499 179 2553; x_wconf 91' lang='lat' dir='ltr'><em>ut</em></span> <span class='ocrx_word' id='word_1_280' title='bbox 199 2491 349 2574; x_wconf 79' lang='lat' dir='ltr'><em>Propheta</em></span> <span class='ocrx_word' id='word_1_281' title='bbox 368 2493 470 2570; x_wconf 84' lang='lat' dir='ltr'><em>beret,</em></span> <span class='ocrx_word' id='word_1_282' title='bbox 489 2490 579 2572; x_wconf 77' lang='lat' dir='ltr'><em>Moysi</em></span> <span class='ocrx_word' id='word_1_283' title='bbox 603 2492 645 2554; x_wconf 89' lang='lat' dir='ltr'><em>si·</em></span> <span class='ocrx_word' id='word_1_284' title='bbox 686 2495 753 2569; x_wconf 76' lang='lat' dir='ltr'><em>aus,</em></span> <span class='ocrx_word' id='word_1_285' title='bbox 769 2503 796 2556; x_wconf 89' lang='lat' dir='ltr'><em>et</em></span> <span class='ocrx_word' id='word_1_286' title='bbox 811 2501 912 2573; x_wconf 86' lang='lat' dir='ltr'><em>operta</em></span> <span class='ocrx_word' id='word_1_287' title='bbox 930 2493 986 2554; x_wconf 87' lang='lat' dir='ltr'><em>erit</em></span> <span class='ocrx_word' id='word_1_288' title='bbox 1005 2493 1110 2572; x_wconf 73' lang='lat' dir='ltr'><em>linqua</em></span> <span class='ocrx_word' id='word_1_289' title='bbox 1125 2500 1286 2576; x_wconf 70' lang='lat' dir='ltr'><em>mutorum.</em></span> 
     </span>
     <span class='ocr_line' id='line_1_30' title="bbox 65 2573 1288 2658; baseline 0.007 -28"><span class='ocrx_word' id='word_1_290' title='bbox 65 2573 139 2650; x_wconf 90' lang='lat' dir='ltr'><em>mitis,</em></span> <span class='ocrx_word' id='word_1_291' title='bbox 156 2575 297 2653; x_wconf 84' lang='lat' dir='ltr'><em>debebat,</em></span> <span class='ocrx_word' id='word_1_292' title='bbox 314 2585 346 2638; x_wconf 86' lang='lat' dir='ltr'><em>ut</em></span> <span class='ocrx_word' id='word_1_293' title='bbox 362 2575 485 2658; x_wconf 71' lang='lat' dir='ltr'><em>Moyses,</em></span> <span class='ocrx_word' id='word_1_294' title='bbox 504 2576 645 2657; x_wconf 92' lang='lat' dir='ltr'><em>populum</em></span> <span class='ocrx_word' id='word_1_295' title='bbox 728 2578 759 2640; x_wconf 80' lang='lat' dir='ltr'><em>b.</em></span> <span class='ocrx_word' id='word_1_296' title='bbox 774 2577 912 2638; x_wconf 76' lang='lat' dir='ltr'><em>&#39;Messium</em></span> <span class='ocrx_word' id='word_1_297' title='bbox 934 2596 993 2652; x_wconf 86' lang='lat' dir='ltr'><em>non</em></span> <span class='ocrx_word' id='word_1_298' title='bbox 1012 2579 1107 2638; x_wconf 87' lang='lat' dir='ltr'><em>sotum</em></span> <span class='ocrx_word' id='word_1_299' title='bbox 1124 2577 1288 2658; x_wconf 83' lang='lat' dir='ltr'><em>doctorem,</em></span> 
     </span>
     <span class='ocr_line' id='line_1_31' title="bbox 66 2653 1290 2740; baseline 0.005 -26"><span class='ocrx_word' id='word_1_300' title='bbox 66 2653 170 2738; x_wconf 89' lang='lat' dir='ltr'><em>docere,</em></span> <span class='ocrx_word' id='word_1_301' title='bbox 188 2661 365 2728; x_wconf 86' lang='lat' dir='ltr'><em>missionem</em></span> <span class='ocrx_word' id='word_1_302' title='bbox 389 2679 476 2722; x_wconf 20' lang='lat' dir='ltr'><em>*suam</em></span> <span class='ocrx_word' id='word_1_303' title='bbox 496 2660 647 2722; x_wconf 78' lang='lat' dir='ltr'><em>miraculis</em></span> <span class='ocrx_word' id='word_1_304' title='bbox 687 2661 846 2723; x_wconf 86' lang='lat' dir='ltr'><em>sedetiam</em></span> <span class='ocrx_word' id='word_1_305' title='bbox 866 2679 967 2722; x_wconf 84' lang='lat' dir='ltr'><em>nerum</em></span> <span class='ocrx_word' id='word_1_306' title='bbox 986 2661 1208 2740; x_wconf 80' lang='lat' dir='ltr'><em>Leaistatonent,</em></span> <span class='ocrx_word' id='word_1_307' title='bbox 1233 2679 1290 2720; x_wconf 80' lang='lat' dir='ltr'><em>no·</em></span> 
     </span>
     <span class='ocr_line' id='line_1_32' title="bbox 66 2741 1289 2826; baseline 0.006 -28"><span class='ocrx_word' id='word_1_308' title='bbox 66 2741 241 2820; x_wconf 82' lang='lat' dir='ltr'><em>confirmare,</em></span> <span class='ocrx_word' id='word_1_309' title='bbox 266 2763 434 2826; x_wconf 74' lang='lat' dir='ltr'><em>novansque</em></span> <span class='ocrx_word' id='word_1_310' title='bbox 457 2745 550 2822; x_wconf 78' lang='lat' dir='ltr'><em>legem</em></span> <span class='ocrx_word' id='word_1_311' title='bbox 575 2751 662 2826; x_wconf 51' lang='lat' dir='ltr'><em>proi</em></span> <span class='ocrx_word' id='word_1_312' title='bbox 687 2747 774 2826; x_wconf 90' lang='lat' dir='ltr'><em>vique</em></span> <span class='ocrx_word' id='word_1_313' title='bbox 795 2745 886 2825; x_wconf 89' lang='lat' dir='ltr'><em>pacti,</em></span> <span class='ocrx_word' id='word_1_314' title='bbox 907 2763 958 2806; x_wconf 91' lang='lat' dir='ltr'><em>seu</em></span> <span class='ocrx_word' id='word_1_315' title='bbox 979 2745 1148 2806; x_wconf 83' lang='lat' dir='ltr'><em>testamenti</em></span> <span class='ocrx_word' id='word_1_316' title='bbox 1167 2743 1289 2816; x_wconf 84' lang='lat' dir='ltr'><em>institu-</em></span> 
     </span>
     <span class='ocr_line' id='line_1_33' title="bbox 65 2824 1291 2908; baseline 0.007 -28"><span class='ocrx_word' id='word_1_317' title='bbox 65 2824 189 2904; x_wconf 78' lang='lat' dir='ltr'><em>nutgarc,</em></span> <span class='ocrx_word' id='word_1_318' title='bbox 207 2828 406 2908; x_wconf 69' lang='lat' dir='ltr'><em>¹quae·onmia</em></span> <span class='ocrx_word' id='word_1_319' title='bbox 425 2827 513 2891; x_wconf 88' lang='lat' dir='ltr'><em>etiem</em></span> <span class='ocrx_word' id='word_1_320' title='bbox 534 2828 647 2907; x_wconf 56' lang='lat' dir='ltr'><em>sigillare</em></span> <span class='ocrx_word' id='word_1_321' title='bbox 689 2839 781 2891; x_wconf 90' lang='lat' dir='ltr'><em>torem</em></span> <span class='ocrx_word' id='word_1_322' title='bbox 795 2848 871 2906; x_wconf 87' lang='lat' dir='ltr'><em>esse,</em></span> <span class='ocrx_word' id='word_1_323' title='bbox 883 2827 1187 2908; x_wconf 84' lang='lat' dir='ltr'><em>variaPropiretarum</em></span> <span class='ocrx_word' id='word_1_324' title='bbox 1203 2827 1291 2896; x_wconf 79' lang='lat' dir='ltr'><em>effata</em></span> 
     </span>
     <span class='ocr_line' id='line_1_34' title="bbox 66 2905 1290 2992; baseline 0.002 -25"><span class='ocrx_word' id='word_1_325' title='bbox 66 2905 106 2966; x_wconf 87' lang='lat' dir='ltr'><em>tim</em></span> <span class='ocrx_word' id='word_1_326' title='bbox 117 2910 199 2973; x_wconf 85' lang='lat' dir='ltr'><em>variis</em></span> <span class='ocrx_word' id='word_1_327' title='bbox 212 2913 246 2972; x_wconf 93' lang='lat' dir='ltr'><em>in</em></span> <span class='ocrx_word' id='word_1_328' title='bbox 265 2911 338 2973; x_wconf 88' lang='lat' dir='ltr'><em>iocis</em></span> <span class='ocrx_word' id='word_1_329' title='bbox 353 2911 502 2992; x_wconf 77' lang='lat' dir='ltr'><em>praedicta</em></span> <span class='ocrx_word' id='word_1_330' title='bbox 515 2911 645 2982; x_wconf 87' lang='lat' dir='ltr'><em>suerunt.</em></span> <span class='ocrx_word' id='word_1_331' title='bbox 688 2921 935 2976; x_wconf 88' lang='lat' dir='ltr'><em>commonstrant.</em></span> <span class='ocrx_word' id='word_1_332' title='bbox 952 2911 1091 2974; x_wconf 83' lang='lat' dir='ltr'><em>Doctrina</em></span> <span class='ocrx_word' id='word_1_333' title='bbox 1104 2911 1182 2972; x_wconf 91' lang='lat' dir='ltr'><em>enim</em></span> <span class='ocrx_word' id='word_1_334' title='bbox 1196 2909 1290 2990; x_wconf 88' lang='lat' dir='ltr'><em>ipsius</em></span> 
     </span>
     <span class='ocr_line' id='line_1_35' title="bbox 99 2991 1287 3080; baseline 0.003 -28"><span class='ocrx_word' id='word_1_335' title='bbox 99 2991 124 3053; x_wconf 84' lang='lat'><em>3.</em></span> <span class='ocrx_word' id='word_1_336' title='bbox 145 2993 281 3058; x_wconf 83' lang='lat' dir='ltr'><em>biessiam</em></span> <span class='ocrx_word' id='word_1_337' title='bbox 299 3013 422 3066; x_wconf 78' lang='lat' dir='ltr'><em>munnere</em></span> <span class='ocrx_word' id='word_1_338' title='bbox 439 2996 561 3064; x_wconf 76' lang='lat' dir='ltr'><em>anseredi</em></span> <span class='ocrx_word' id='word_1_339' title='bbox 579 2997 663 3066; x_wconf 62' lang='lat' dir='ltr'><em>tun-,</em></span> <span class='ocrx_word' id='word_1_340' title='bbox 688 2997 797 3080; x_wconf 85' lang='lat' dir='ltr'><em>dicitur</em></span> <span class='ocrx_word' id='word_1_341' title='bbox 812 2997 870 3074; x_wconf 84' lang='lat' dir='ltr'><em>ter,</em></span> <span class='ocrx_word' id='word_1_342' title='bbox 885 2996 1014 3077; x_wconf 76' lang='lat' dir='ltr'><em>‚ipseque</em></span> <span class='ocrx_word' id='word_1_343' title='bbox 1033 2994 1195 3072; x_wconf 84' lang='lat' dir='ltr'><em>legistator:</em></span> <span class='ocrx_word' id='word_1_344' title='bbox 1213 3013 1240 3055; x_wconf 92' lang='lat' dir='ltr'><em>e.</em></span> <span class='ocrx_word' id='word_1_345' title='bbox 1257 3012 1287 3071; x_wconf 73' lang='lat' dir='ltr'><em>g.</em></span> 
     </span>
     <span class='ocr_line' id='line_1_36' title="bbox 68 3078 1291 3161; baseline 0.007 -29"><span class='ocrx_word' id='word_1_346' title='bbox 68 3079 164 3138; x_wconf 88' lang='lat' dir='ltr'><em>cturnm</em></span> <span class='ocrx_word' id='word_1_347' title='bbox 183 3099 264 3154; x_wconf 85' lang='lat' dir='ltr'><em>esse,</em></span> <span class='ocrx_word' id='word_1_348' title='bbox 284 3080 373 3140; x_wconf 86' lang='lat' dir='ltr'><em>variis</em></span> <span class='ocrx_word' id='word_1_349' title='bbox 391 3079 422 3139; x_wconf 94' lang='lat' dir='ltr'><em>in</em></span> <span class='ocrx_word' id='word_1_350' title='bbox 441 3079 515 3152; x_wconf 82' lang='lat' dir='ltr'><em>locis</em></span> <span class='ocrx_word' id='word_1_351' title='bbox 533 3078 650 3161; x_wconf 78' lang='lat' dir='ltr'><em>praedi·</em></span> <span class='ocrx_word' id='word_1_352' title='bbox 685 3083 731 3152; x_wconf 83' lang='lat' dir='ltr'><em>Dc</em></span> <span class='ocrx_word' id='word_1_353' title='bbox 749 3081 821 3146; x_wconf 85' lang='lat' dir='ltr'><em>Sion</em></span> <span class='ocrx_word' id='word_1_354' title='bbox 845 3081 937 3146; x_wconf 85' lang='lat' dir='ltr'><em>eaibit</em></span> <span class='ocrx_word' id='word_1_355' title='bbox 961 3081 1010 3142; x_wconf 86' lang='lat' dir='ltr'><em>tea</em></span> <span class='ocrx_word' id='word_1_356' title='bbox 1028 3079 1087 3160; x_wconf 86' lang='lat' dir='ltr'><em>(b).</em></span> <span class='ocrx_word' id='word_1_357' title='bbox 1107 3080 1211 3158; x_wconf 83' lang='lat' dir='ltr'><em>Lemm</em></span> <span class='ocrx_word' id='word_1_358' title='bbox 1225 3078 1291 3158; x_wconf 80' lang='lat' dir='ltr'><em>eins</em></span> 
     </span>
     <span class='ocr_line' id='line_1_37' title="bbox 66 3159 1291 3245; baseline 0.01 -31"><span class='ocrx_word' id='word_1_359' title='bbox 66 3163 132 3220; x_wconf 87' lang='lat' dir='ltr'><em>ctum</em></span> <span class='ocrx_word' id='word_1_360' title='bbox 149 3161 215 3232; x_wconf 89' lang='lat' dir='ltr'><em>tuit.</em></span> <span class='ocrx_word' id='word_1_361' title='bbox 234 3162 282 3224; x_wconf 84' lang='lat' dir='ltr'><em>Ps.</em></span> <span class='ocrx_word' id='word_1_362' title='bbox 299 3161 336 3238; x_wconf 83' lang='lat' dir='ltr'><em>li,</em></span> <span class='ocrx_word' id='word_1_363' title='bbox 350 3164 369 3226; x_wconf 89' lang='grc'><strong>6</strong></span> <span class='ocrx_word' id='word_1_364' title='bbox 384 3159 503 3224; x_wconf 86' lang='lat' dir='ltr'><em>Messias</em></span> <span class='ocrx_word' id='word_1_365' title='bbox 521 3165 573 3225; x_wconf 85' lang='lat' dir='ltr'><em>ait:</em></span> <span class='ocrx_word' id='word_1_366' title='bbox 583 3165 649 3244; x_wconf 78' lang='lat' dir='ltr'><em>Eoo</em></span> <span class='ocrx_word' id='word_1_367' title='bbox 684 3163 1291 3245; x_wconf 73' lang='lat' dir='ltr'><em>‚insulaeenmeatabuntti).Domiunsiu-</em></span> 
     </span>
     <span class='ocr_line' id='line_1_38' title="bbox 66 3247 1290 3328; baseline 0.007 -27"><span class='ocrx_word' id='word_1_368' title='bbox 66 3249 148 3307; x_wconf 87' lang='lat' dir='ltr'><em>autem</em></span> <span class='ocrx_word' id='word_1_369' title='bbox 164 3247 342 3315; x_wconf 79' lang='lat' dir='ltr'><em>carostitutus</em></span> <span class='ocrx_word' id='word_1_370' title='bbox 356 3265 422 3309; x_wconf 89' lang='lat' dir='ltr'><em>sum</em></span> <span class='ocrx_word' id='word_1_371' title='bbox 437 3265 492 3310; x_wconf 85' lang='lat' dir='ltr'><em>rea</em></span> <span class='ocrx_word' id='word_1_372' title='bbox 505 3250 541 3310; x_wconf 91' lang='lat' dir='ltr'><em>ab</em></span> <span class='ocrx_word' id='word_1_373' title='bbox 554 3266 586 3315; x_wconf 90' lang='lat' dir='ltr'><em>eo</em></span> <span class='ocrx_word' id='word_1_374' title='bbox 600 3267 664 3328; x_wconf 50' lang='lat' dir='ltr'><em>sus</em></span> <span class='ocrx_word' id='word_1_375' title='bbox 689 3253 748 3313; x_wconf 85' lang='lat' dir='ltr'><em>aaa</em></span> <span class='ocrx_word' id='word_1_376' title='bbox 759 3257 884 3326; x_wconf 77' lang='lat' dir='ltr'><em>ramur,</em></span> <span class='ocrx_word' id='word_1_377' title='bbox 894 3249 1037 3310; x_wconf 83' lang='lat' dir='ltr'><em>Donamus</em></span> <span class='ocrx_word' id='word_1_378' title='bbox 1055 3247 1161 3326; x_wconf 75' lang='lat' dir='ltr'><em>tepiser</em></span> <span class='ocrx_word' id='word_1_379' title='bbox 1175 3255 1290 3325; x_wconf 88' lang='lat' dir='ltr'><em>noster,</em></span> 
     </span>
     <span class='ocr_line' id='line_1_39' title="bbox 65 3328 1293 3412; baseline 0.007 -25"><span class='ocrx_word' id='word_1_380' title='bbox 65 3328 181 3401; x_wconf 77' lang='lat' dir='ltr'><em>persica</em></span> <span class='ocrx_word' id='word_1_381' title='bbox 194 3329 553 3404; x_wconf 72' lang='lat' dir='ltr'><em>montemmaranum,</em></span> <span class='ocrx_word' id='word_1_382' title='bbox 586 3349 665 3408; x_wconf 73' lang='lat' dir='ltr'><em>rae-f</em></span> <span class='ocrx_word' id='word_1_383' title='bbox 689 3333 833 3396; x_wconf 90' lang='lat' dir='ltr'><em>Dominus</em></span> <span class='ocrx_word' id='word_1_384' title='bbox 864 3351 921 3395; x_wconf 81' lang='lat' dir='ltr'><em>aaa</em></span> <span class='ocrx_word' id='word_1_385' title='bbox 951 3340 1049 3397; x_wconf 78' lang='lat' dir='ltr'><em>noster</em></span> <span class='ocrx_word' id='word_1_386' title='bbox 1073 3333 1138 3412; x_wconf 84' lang='lat' dir='ltr'><em>¹ipse</em></span> <span class='ocrx_word' id='word_1_387' title='bbox 1169 3331 1293 3406; x_wconf 71' lang='lat' dir='ltr'><em>calcabit</em></span> 
     </span>
     <span class='ocr_line' id='line_1_40' title="bbox 52 3408 1318 3498; baseline 0.005 -26"><span class='ocrx_word' id='word_1_388' title='bbox 52 3408 151 3474; x_wconf 68' lang='lat' dir='ltr'><em>‘dicans</em></span> <span class='ocrx_word' id='word_1_389' title='bbox 164 3423 352 3494; x_wconf 88' lang='lat' dir='ltr'><em>praeceptum</em></span> <span class='ocrx_word' id='word_1_390' title='bbox 369 3415 443 3477; x_wconf 88' lang='lat' dir='ltr'><em>eius.</em></span> <span class='ocrx_word' id='word_1_391' title='bbox 462 3413 552 3477; x_wconf 71' lang='lat' dir='ltr'><em>Pax</em></span> <span class='ocrx_word' id='word_1_392' title='bbox 580 3415 603 3492; x_wconf 89' lang='lat' dir='ltr'><em>i,</em></span> <span class='ocrx_word' id='word_1_393' title='bbox 616 3417 665 3484; x_wconf 74' lang='grc' dir='ltr'><em>3τξ</em></span> <span class='ocrx_word' id='word_1_394' title='bbox 690 3413 749 3479; x_wconf 84' lang='lat' dir='ltr'><em>uos</em></span> <span class='ocrx_word' id='word_1_395' title='bbox 761 3417 820 3498; x_wconf 85' lang='lat'><strong>(8).</strong></span> <span class='ocrx_word' id='word_1_396' title='bbox 841 3415 1112 3480; x_wconf 83' lang='lat' dir='ltr'><em>institutioautem</em></span> <span class='ocrx_word' id='word_1_397' title='bbox 1139 3416 1205 3476; x_wconf 88' lang='lat' dir='ltr'><em>novi</em></span> <span class='ocrx_word' id='word_1_398' title='bbox 1226 3415 1291 3478; x_wconf 84' lang='lat' dir='ltr'><em>toe-</em></span> <span class='ocrx_word' id='word_1_399' title='bbox 1313 3413 1318 3449; x_wconf 81' lang='lat'><strong>¹</strong></span> 
     </span>
     <span class='ocr_line' id='line_1_41' title="bbox 47 3491 1292 3585; baseline 0.006 -30"><span class='ocrx_word' id='word_1_400' title='bbox 47 3491 186 3585; x_wconf 15' lang='lat' dir='ltr'><em>‘barraba</em></span> <span class='ocrx_word' id='word_1_401' title='bbox 198 3500 652 3578; x_wconf 76' lang='lat' dir='ltr'><em>nomentuumsratribnsmeis;</em></span> <span class='ocrx_word' id='word_1_402' title='bbox 691 3496 770 3574; x_wconf 29' lang='lat' dir='ltr'><em>deeris</em></span> <span class='ocrx_word' id='word_1_403' title='bbox 789 3501 962 3578; x_wconf 78' lang='lat' dir='ltr'><em>indigitatur</em></span> <span class='ocrx_word' id='word_1_404' title='bbox 981 3497 1140 3581; x_wconf 75' lang='lat' dir='ltr'><em>praecipue</em></span> <span class='ocrx_word' id='word_1_405' title='bbox 1162 3499 1192 3560; x_wconf 90' lang='lat' dir='ltr'><em>in</em></span> <span class='ocrx_word' id='word_1_406' title='bbox 1211 3497 1292 3564; x_wconf 89' lang='lat' dir='ltr'><em>lere-</em></span> 
     </span>
     <span class='ocr_line' id='line_1_42' title="bbox 66 3583 1292 3665; baseline 0.011 -32"><span class='ocrx_word' id='word_1_407' title='bbox 66 3591 94 3636; x_wconf 87' lang='grc' dir='ltr'><em>ιιι</em></span> <span class='ocrx_word' id='word_1_408' title='bbox 116 3583 206 3646; x_wconf 64' lang='lat' dir='ltr'><em>numa</em></span> <span class='ocrx_word' id='word_1_409' title='bbox 230 3583 380 3650; x_wconf 72' lang='lat' dir='ltr'><em>Ecclesiae</em></span> <span class='ocrx_word' id='word_1_410' title='bbox 402 3585 530 3651; x_wconf 80' lang='lat' dir='ltr'><em>tarracon</em></span> <span class='ocrx_word' id='word_1_411' title='bbox 552 3593 590 3661; x_wconf 76' lang='lat' dir='ltr'><em>te.</em></span> <span class='ocrx_word' id='word_1_412' title='bbox 610 3619 666 3654; x_wconf 66' lang='grc'><em>-,</em></span> <span class='ocrx_word' id='word_1_413' title='bbox 693 3585 752 3656; x_wconf 84' lang='lat' dir='ltr'><em>mia</em></span> <span class='ocrx_word' id='word_1_414' title='bbox 771 3585 831 3665; x_wconf 81' lang='lat'><em>(9),</em></span> <span class='ocrx_word' id='word_1_415' title='bbox 851 3585 902 3646; x_wconf 89' lang='lat' dir='ltr'><em>nbi</em></span> <span class='ocrx_word' id='word_1_416' title='bbox 921 3585 1048 3648; x_wconf 82' lang='lat' dir='ltr'><em>dicitnr:</em></span> <span class='ocrx_word' id='word_1_417' title='bbox 1067 3587 1142 3651; x_wconf 83' lang='lat' dir='ltr'><em>Ecce</em></span> <span class='ocrx_word' id='word_1_418' title='bbox 1163 3584 1224 3648; x_wconf 79' lang='lat' dir='ltr'><em>dies</em></span> <span class='ocrx_word' id='word_1_419' title='bbox 1241 3603 1292 3647; x_wconf 89' lang='lat' dir='ltr'><em>aa·</em></span> 
     </span>
     <span class='ocr_line' id='line_1_43' title="bbox 67 3653 1293 3750; baseline 0.008 -30"><span class='ocrx_word' id='word_1_420' title='bbox 67 3653 112 3721; x_wconf 84' lang='lat' dir='ltr'><em>isa.</em></span> <span class='ocrx_word' id='word_1_421' title='bbox 129 3661 186 3741; x_wconf 81' lang='lat' dir='ltr'><em>LV,</em></span> <span class='ocrx_word' id='word_1_422' title='bbox 205 3665 324 3727; x_wconf 64' lang='lat' dir='ltr'><em>eirDeus</em></span> <span class='ocrx_word' id='word_1_423' title='bbox 341 3667 378 3728; x_wconf 84' lang='lat' dir='ltr'><em>de</em></span> <span class='ocrx_word' id='word_1_424' title='bbox 402 3666 507 3730; x_wconf 83' lang='lat' dir='ltr'><em>bbessia</em></span> <span class='ocrx_word' id='word_1_425' title='bbox 534 3667 649 3748; x_wconf 88' lang='lat' dir='ltr'><em>inquit:</em></span> <span class='ocrx_word' id='word_1_426' title='bbox 692 3667 786 3744; x_wconf 85' lang='lat' dir='ltr'><em>riieat,</em></span> <span class='ocrx_word' id='word_1_427' title='bbox 801 3669 872 3731; x_wconf 82' lang='lat' dir='ltr'><em>atra</em></span> <span class='ocrx_word' id='word_1_428' title='bbox 891 3669 1049 3744; x_wconf 85' lang='lat' dir='ltr'><em>Dominus,</em></span> <span class='ocrx_word' id='word_1_429' title='bbox 1068 3669 1221 3750; x_wconf 73' lang='lat' dir='ltr'><em>etfaciam</em></span> <span class='ocrx_word' id='word_1_430' title='bbox 1239 3669 1293 3730; x_wconf 84' lang='lat' dir='ltr'><em>du·</em></span> 
     </span>
     <span class='ocr_line' id='line_1_44' title="bbox 67 3741 1293 3832; baseline 0.007 -30"><span class='ocrx_word' id='word_1_431' title='bbox 67 3741 126 3807; x_wconf 82' lang='lat' dir='ltr'><em>Dece</em></span> <span class='ocrx_word' id='word_1_432' title='bbox 142 3756 241 3812; x_wconf 86' lang='lat' dir='ltr'><em>testem</em></span> <span class='ocrx_word' id='word_1_433' title='bbox 256 3750 374 3830; x_wconf 75' lang='lat' dir='ltr'><em>popidis</em></span> <span class='ocrx_word' id='word_1_434' title='bbox 393 3751 460 3814; x_wconf 82' lang='lat' dir='ltr'><em>dedi</em></span> <span class='ocrx_word' id='word_1_435' title='bbox 475 3769 567 3829; x_wconf 82' lang='lat' dir='ltr'><em>euru,</em></span> <span class='ocrx_word' id='word_1_436' title='bbox 589 3753 653 3817; x_wconf 82' lang='lat' dir='ltr'><em>rtu-</em></span> <span class='ocrx_word' id='word_1_437' title='bbox 692 3753 902 3817; x_wconf 71' lang='lat' dir='ltr'><em>inattenuata</em></span> <span class='ocrx_word' id='word_1_438' title='bbox 917 3752 1293 3832; x_wconf 73' lang='lat' dir='ltr'><em>damnuitaaufoedusuo-</em></span> 
     </span>
     <span class='ocr_line' id='line_1_45' title="bbox 67 3833 1295 3949; baseline 0.003 -59"><span class='ocrx_word' id='word_1_439' title='bbox 67 3840 115 3919; x_wconf 68' lang='lat' dir='ltr'><em>tam</em></span> <span class='ocrx_word' id='word_1_440' title='bbox 129 3849 161 3894; x_wconf 91' lang='lat' dir='ltr'><em>ac</em></span> <span class='ocrx_word' id='word_1_441' title='bbox 174 3843 392 3914; x_wconf 85' lang='lat' dir='ltr'><em>praeceptorem</em></span> <span class='ocrx_word' id='word_1_442' title='bbox 409 3836 554 3916; x_wconf 68' lang='lat' dir='ltr'><em>paratibus</em></span> <span class='ocrx_word' id='word_1_443' title='bbox 572 3833 652 3897; x_wconf 79' lang='lat' dir='ltr'><em>ntes·</em></span> <span class='ocrx_word' id='word_1_444' title='bbox 671 3853 676 3949; x_wconf 76' lang='lat' dir='ltr'><em>p</em></span> <span class='ocrx_word' id='word_1_445' title='bbox 693 3856 780 3916; x_wconf 84' lang='lat' dir='ltr'><em>uum,</em></span> <span class='ocrx_word' id='word_1_446' title='bbox 802 3855 863 3901; x_wconf 89' lang='lat' dir='ltr'><em>nou</em></span> <span class='ocrx_word' id='word_1_447' title='bbox 885 3839 1044 3902; x_wconf 76' lang='lat' dir='ltr'><em>secunaum</em></span> <span class='ocrx_word' id='word_1_448' title='bbox 1060 3845 1197 3917; x_wconf 88' lang='lat' dir='ltr'><em>partum,</em></span> <span class='ocrx_word' id='word_1_449' title='bbox 1218 3835 1295 3914; x_wconf 78' lang='lat' dir='ltr'><em>meaa</em></span> 
     </span>
     <span class='ocr_line' id='line_1_46' title="bbox 69 3917 1295 4006; baseline 0.005 -35"><span class='ocrx_word' id='word_1_450' title='bbox 69 3923 187 3986; x_wconf 78' lang='lat' dir='ltr'><em>srasrero</em></span> <span class='ocrx_word' id='word_1_451' title='bbox 198 3917 280 3986; x_wconf 82' lang='lat' dir='ltr'><em>dicit:</em></span> <span class='ocrx_word' id='word_1_452' title='bbox 291 3917 508 3996; x_wconf 84' lang='lat' dir='ltr'><em>Ducomcaeoos</em></span> <span class='ocrx_word' id='word_1_453' title='bbox 519 3921 550 3982; x_wconf 90' lang='lat' dir='ltr'><em>iu</em></span> <span class='ocrx_word' id='word_1_454' title='bbox 561 3919 665 4003; x_wconf 65' lang='lat' dir='ltr'><em>aiam*</em></span> <span class='ocrx_word' id='word_1_455' title='bbox 687 3923 790 4006; x_wconf 78' lang='lat' dir='ltr'><em>pepipi</em></span> <span class='ocrx_word' id='word_1_456' title='bbox 806 3940 872 3986; x_wconf 90' lang='lat' dir='ltr'><em>cum</em></span> <span class='ocrx_word' id='word_1_457' title='bbox 887 3923 1024 4002; x_wconf 78' lang='lat' dir='ltr'><em>patribus</em></span> <span class='ocrx_word' id='word_1_458' title='bbox 1045 3937 1165 3982; x_wconf 77' lang='lat' dir='ltr'><em>earnem.</em></span> <span class='ocrx_word' id='word_1_459' title='bbox 1178 3963 1186 3979; x_wconf 88' lang='lat'><strong><em>.</em></strong></span> <span class='ocrx_word' id='word_1_460' title='bbox 1198 3962 1226 3978; x_wconf 91' lang='lat'><em>..</em></span> <span class='ocrx_word' id='word_1_461' title='bbox 1245 3918 1295 3978; x_wconf 84' lang='lat' dir='ltr'><em>sed</em></span> 
     </span>
     <span class='ocr_line' id='line_1_47' title="bbox 72 4002 1294 4091; baseline 0.01 -34"><span class='ocrx_word' id='word_1_462' title='bbox 72 4007 146 4068; x_wconf 81' lang='lat' dir='ltr'><em>otram</em></span> <span class='ocrx_word' id='word_1_463' title='bbox 162 4002 318 4078; x_wconf 86' lang='lat' dir='ltr'><em>nesciunt,</em></span> <span class='ocrx_word' id='word_1_464' title='bbox 337 4011 365 4065; x_wconf 83' lang='lat' dir='ltr'><em>et</em></span> <span class='ocrx_word' id='word_1_465' title='bbox 381 4003 415 4066; x_wconf 89' lang='lat' dir='ltr'><em>in</em></span> <span class='ocrx_word' id='word_1_466' title='bbox 434 4004 562 4077; x_wconf 78' lang='lat' dir='ltr'><em>sensitis,</em></span> <span class='ocrx_word' id='word_1_467' title='bbox 580 4007 665 4091; x_wconf 17' lang='lat' dir='ltr'><em>,ansusi</em></span> <span class='ocrx_word' id='word_1_468' title='bbox 688 4007 818 4088; x_wconf 71' lang='lat' dir='ltr'><em>‘bocarit</em></span> <span class='ocrx_word' id='word_1_469' title='bbox 830 4016 989 4088; x_wconf 84' lang='lat' dir='ltr'><em>pactum...</em></span> <span class='ocrx_word' id='word_1_470' title='bbox 1005 4005 1079 4068; x_wconf 82' lang='lat' dir='ltr'><em>dabo</em></span> <span class='ocrx_word' id='word_1_471' title='bbox 1094 4005 1294 4090; x_wconf 75' lang='lat' dir='ltr'><em>tuaene-mouet</em></span> 
     </span>
    </p>
   </div>
   <div class='ocr_carea' id='block_1_3' title="bbox 70 4073 1302 4363">
    <p class='ocr_par' dir='ltr' id='par_1_3' title="bbox 70 4073 1302 4363">
     <span class='ocr_line' id='line_1_48' title="bbox 70 4073 1302 4168; baseline 0.008 -26"><span class='ocrx_word' id='word_1_472' title='bbox 70 4073 281 4164; x_wconf 75' lang='lat' dir='ltr'><em>inuocauerunt,</em></span> <span class='ocrx_word' id='word_1_473' title='bbox 301 4087 452 4150; x_wconf 86' lang='lat' dir='ltr'><em>ambolare</em></span> <span class='ocrx_word' id='word_1_474' title='bbox 468 4105 515 4150; x_wconf 87' lang='lat' dir='ltr'><em>eos</em></span> <span class='ocrx_word' id='word_1_475' title='bbox 531 4089 666 4168; x_wconf 70' lang='lat' dir='ltr'><em>[aciemn</em></span> <span class='ocrx_word' id='word_1_476' title='bbox 841 4117 844 4121; x_wconf 90' lang='lat'>·</span> <span class='ocrx_word' id='word_1_477' title='bbox 1296 4121 1302 4132; x_wconf 90' lang='lat'><em>·</em></span> 
     </span>
     <span class='ocr_line' id='line_1_49' title="bbox 93 4157 1187 4293; baseline -0.002 -27"><span class='ocrx_word' id='word_1_478' title='bbox 93 4205 119 4280; x_wconf 79' lang='lat' dir='ltr'><em>tt</em></span> <span class='ocrx_word' id='word_1_479' title='bbox 134 4210 240 4293; x_wconf 68' lang='lat' dir='ltr'><em>tntae</em></span> <span class='ocrx_word' id='word_1_480' title='bbox 357 4215 389 4276; x_wconf 84' lang='grc' dir='ltr'><em>(ιι</em></span> <span class='ocrx_word' id='word_1_481' title='bbox 404 4216 518 4292; x_wconf 64' lang='lat' dir='ltr'><em>neuras,</em></span> <span class='ocrx_word' id='word_1_482' title='bbox 533 4190 667 4288; x_wconf 61' lang='lat' dir='ltr'><em>usurpas</em></span> <span class='ocrx_word' id='word_1_483' title='bbox 723 4159 934 4286; x_wconf 46' lang='lat' dir='ltr'><em>{bibisti</em></span> <span class='ocrx_word' id='word_1_484' title='bbox 991 4159 1017 4280; x_wconf 70' lang='lat' dir='ltr'><em>ii</em></span> <span class='ocrx_word' id='word_1_485' title='bbox 1036 4157 1187 4285; x_wconf 56' lang='lat' dir='ltr'><em>iiii’sf&#39;aa</em></span> 
     </span>
     <span class='ocr_line' id='line_1_50' title="bbox 85 4263 1217 4363; baseline -0.001 -37"><span class='ocrx_word' id='word_1_486' title='bbox 85 4263 271 4341; x_wconf 70' lang='lat' dir='ltr'><em>,tamtarn</em></span> <span class='ocrx_word' id='word_1_487' title='bbox 359 4275 535 4340; x_wconf 63' lang='lat' dir='ltr'><em>nappaeae.</em></span> <span class='ocrx_word' id='word_1_488' title='bbox 614 4352 616 4363; x_wconf 33' lang='grc' dir='ltr'>Ι</span> <span class='ocrx_word' id='word_1_489' title='bbox 715 4278 1000 4356; x_wconf 51' lang='grc' dir='ltr'><em>ιιιιιιιριᾳιιιιι,</em></span> <span class='ocrx_word' id='word_1_490' title='bbox 1208 4291 1217 4312; x_wconf 73' lang='grc'><strong>«</strong></span> 
     </span>
    </p>
   </div>
   <div class='ocr_carea' id='block_1_4' title="bbox 1188 4443 1213 4488">
    <p class='ocr_par' dir='ltr' id='par_1_4' title="bbox 1188 4443 1213 4488">
     <span class='ocr_line' id='line_1_51' title="bbox 1188 4443 1213 4488; baseline -0.12 0"><span class='ocrx_word' id='word_1_491' title='bbox 1188 4443 1213 4488; x_wconf 80' lang='lat' dir='ltr'><em>tt</em></span> 
     </span>
    </p>
   </div>
   <div class='ocr_carea' id='block_1_5' title="bbox 0 0 1470 4734">
    <p class='ocr_par' dir='ltr' id='par_1_5' title="bbox 0 0 1470 4734">
     <span class='ocr_line' id='line_1_52' title="bbox 0 0 1470 4734; baseline 0 0"><span class='ocrx_word' id='word_1_492' title='bbox 0 0 1470 4734; x_wconf 95' lang='lat' dir='ltr'><em> </em></span> 
     </span>
    </p>
   </div>
  </div>
 </body>
</html>
