2962 4736
205 197 266 262 sto
618 200 804 258 renouentur
823 195 980 261 immacu

163 313 251 360 mum
269 313 450 376 iterpurttm
472 296 632 378 prestdeoe,
647 296 773 360 alumna
801 301 857 370 tes,
882 309 978 375 neque
1004 291 1208 372 negligentes,
1236 293 1286 356 sed
1312 297 1401 359 multo

163 387 261 444 ouum
272 381 616 460 Ptttooopttoemnntme
626 381 770 446 coculam.
801 378 894 455 magis
904 379 1076 440 revelationi
1091 378 1289 453 inhaerentes,
1304 379 1398 442 Philo-

208 465 237 526 l.
252 463 359 527 Rectae
373 463 582 546 Philosophiae
591 483 699 546 scopus
713 474 770 540 est,
800 461 906 543 sophia
933 461 1052 524 nonnisi
1072 470 1104 522 ut
1128 463 1239 523 lamula
1264 464 1312 524 usi
1334 475 1399 526 sunt

162 548 677 629 veritatemquaerere,etintentae
690 558 772 610 lena·
800 547 836 608 ad
856 544 1004 608 dominam
1032 563 1129 622 suam,
1150 546 1352 624 Tincologiam,
1373 560 1398 610 et

150 631 423 694 citeriuhaerere.
448 632 492 694 llli
511 651 581 711 ergo
605 651 770 696 consonum
799 629 997 692 adiuvandam
1033 638 1063 690 et
1094 631 1306 692 exornandam.
1339 631 1397 694 Hoc

162 725 220 793 est,
239 717 392 778 ueritatem
408 717 558 798 amplecti,
573 717 772 798 undecunque
800 714 886 775 modo
912 713 1104 794 Philosophia
1135 714 1316 795 Theologiae
1340 736 1396 778 non

162 799 213 862 illa
241 809 447 880 cognoscatur.
474 799 648 863 -Veritas
670 811 769 863 autent
799 815 887 878 parta
907 797 1026 859 seruitia
1045 799 1202 878 praestitit.
1446 811 1453 860 ζ

162 885 310 946 tutissime
324 901 377 965 per
387 883 607 948 Revelationem
620 885 772 963 cognosci·
840 881 871 944 h.
881 881 951 943 Post
961 881 1230 944 sedatoshellorum
1241 885 1396 961 tumultus,

161 975 221 1044 tur,
244 976 273 1030 et
292 986 346 1050 per
365 969 482 1030 lirmam
502 969 589 1031 fldem
610 970 768 1032 retinetur.
799 975 828 1026 et
841 967 999 1046 praecipue
1013 975 1078 1046 post
1090 967 1237 1028 inuentam
1254 975 1346 1029 artem
1359 978 1396 1048 ty-

161 1085 203 1098 ·-
222 1050 297 1113 Huic
314 1051 459 1133 principio
471 1053 641 1115 insistentes
656 1053 710 1114 tiri
721 1052 772 1114 do·
799 1049 991 1130 pograpbiae,
1004 1049 1093 1110 etiam
1108 1051 1191 1112 laicis
1208 1059 1270 1111 tum
1282 1060 1397 1132 tempus

161 1135 286 1197 ctissimi
304 1143 366 1198 lum
388 1135 488 1218 primi,
513 1145 574 1199 tum
599 1137 690 1198 medii
708 1137 770 1198 aeri
799 1151 972 1196 concessum
986 1135 1053 1209 luit,
1075 1144 1135 1195 tum
1150 1134 1249 1196 media
1263 1137 1398 1216 suppedi-

161 1219 331 1296 christiani,
354 1239 414 1281 non
429 1230 461 1282 nt
476 1222 615 1282 veritates
640 1221 698 1282 iam
719 1239 772 1303 per
800 1226 859 1280 tata
871 1226 940 1280 sunt
953 1218 1085 1279 scientiis
1103 1219 1308 1297 incumheudi,
1320 1239 1397 1300 quae

162 1300 385 1365 Revelationem
406 1304 567 1384 patefactas
590 1305 769 1382 invenirent,
798 1302 880 1382 prius
913 1302 976 1364 lere
998 1309 1114 1363 lantum
1145 1303 1223 1383 apud
1256 1321 1395 1383 personas
1465 1365 1467 1374 ,

129 1403 136 1432 ’-
165 1387 217 1448 sed
244 1396 277 1449 ut
301 1388 373 1450 istas
397 1387 560 1450 scientifico
589 1389 678 1450 modo
700 1407 770 1470 per·
798 1386 1025 1460 ecclesiasticas,
1040 1397 1069 1448 et
1088 1387 1117 1447 in
1137 1387 1291 1449 coenobiis
1313 1389 1397 1450 iure-

163 1479 340 1548 tnactarent,
361 1479 391 1533 et
405 1480 507 1534 centra
526 1472 770 1536 adversarioede·
798 1469 968 1532 uiehanlur.
990 1469 1054 1530 idox
1072 1471 1179 1531 deinde
1192 1471 1294 1553 opinio
1314 1472 1397 1533 inua-

161 1555 330 1630 lenderent,
349 1553 557 1636 Philosophiae
579 1557 767 1619 insudarunt.
798 1554 870 1626 luit,
902 1553 1124 1634 Philosophiam
1154 1554 1218 1616 siue
1238 1554 1396 1634 Theologia

160 1637 303 1700 Nimirum
321 1637 372 1701 SS.
392 1639 494 1702 Patres
508 1638 659 1702 Platonica
680 1643 771 1721 potis-
798 1639 1247 1718 pertractandarn,etveritates,
1260 1642 1349 1700 etiam
1362 1641 1395 1702 ad

160 1722 267 1786 simum
286 1721 477 1804 Philosophia
494 1725 542 1786 usi
560 1731 639 1802 sunl,
657 1743 717 1788 nen
737 1736 769 1787 ut
797 1721 979 1800 Religionem
1005 1729 1190 1802 spectantes,
1215 1723 1281 1785 siue
1302 1741 1397 1805 respe

161 1806 226 1867 lidei
245 1807 384 1869 ueritates
403 1827 438 1868 ex
456 1807 511 1869 hac
529 1817 687 1886 eruerent,
717 1809 768 1871 sed
797 1815 846 1868 ctu
868 1807 906 1868 ad
932 1805 1151 1868 Revelationenr
1175 1810 1395 1886 pertractandas
1466 1861 1467 1868 ,

161 1891 346 1968 utdogmata
364 1911 398 1953 en
417 1890 616 1954 Revelationis
637 1893 770 1956 sontibus
797 1909 873 1952 esse.
897 1891 939 1952 En
965 1888 1078 1952 absono
1096 1900 1125 1951 et
1153 1892 1314 1952 temerario
1340 1893 1395 1953 isto
1466 1901 1467 1908 ’

161 1976 278 2054 cognita
299 1975 415 2037 erudito
431 1976 519 2038 modo
536 1985 767 2057 pertractarent,
796 1975 953 2036 conamine
967 1975 1075 2036 lactum
1096 1983 1152 2052 est,
1167 1982 1199 2035 ut
1217 1975 1396 2038 recentiores

69 2069 72 2078 ·
160 2068 188 2121 et
207 2067 240 2119 ul
257 2069 318 2120 tum
334 2059 513 2137 infidelium,
528 2070 591 2121 tum
608 2061 771 2122 haeretico-
796 2057 969 2140 Philosophi
988 2076 1048 2120 nou
1066 2065 1125 2119 tam
1150 2077 1240 2120 novas
1259 2060 1397 2122 veritates

153 2160 237 2218 nm,
256 2143 308 2224 qui
326 2145 442 2206 ratione
460 2161 514 2205 sua
529 2143 565 2205 ad
588 2144 767 2224 impugnatr-
796 2142 975 2219 invenirent,
995 2160 1049 2204 nec
1069 2151 1396 2222 ncrasystematacon-

154 2233 225 2294 alam
253 2234 283 2287 et
306 2227 554 2308 corrumpendam
584 2226 767 2306 Religionem
796 2227 912 2302 derant,
933 2227 983 2288 sed
997 2227 1096 2306 polius
1113 2227 1300 2288 ethnicorum
1316 2247 1396 2289 erro·
1466 2223 1467 2299 i

152 2307 351 2378 christianam
364 2311 577 2387 abutebantur,
594 2329 709 2373 errores
723 2330 771 2374 re·
796 2329 843 2371 ree
861 2312 916 2372 suh
930 2312 988 2372 alia
1006 2311 1100 2372 lorma
1119 2311 1225 2372 iterum
1249 2312 1278 2371 in
1299 2313 1393 2374 lucem

152 2400 300 2463 tularenl.
320 2391 352 2455 ld
378 2411 448 2474 praa
467 2395 591 2456 caeteris
609 2395 767 2476 praestite-
796 2395 973 2474 proterrent,
993 2402 1021 2456 et
1037 2393 1191 2475 antiquum
1207 2397 1393 2459 Materialis·

150 2485 227 2546 eunt
248 2477 279 2540 8.
306 2478 441 2540 lustinus
464 2479 523 2554 td,
554 2479 704 2560 Oripaaes,
734 2481 765 2545 8.
794 2478 1098 2555 ιιιιιι,ιιιιιιιίηιιιηι,
1117 2479 1347 2558 Sceptichntum,
1365 2490 1394 2542 et

152 2561 362 2638 Athanasius,
389 2569 518 2642 uterque
540 2563 572 2626 S.
606 2565 769 2644 Greport'ats
794 2563 1018 2626 Pnolbcismatm
1040 2561 1075 2624 ad
1099 2581 1204 2623 novam
1230 2564 1319 2625 vitam
1344 2583 1393 2626 re·

151 2653 237 2717 Non.
255 2657 287 2706 et
304 2646 408 2725 Nym,
428 2645 460 2709 8.
484 2646 718 2726 Chrytoatomue,
739 2658 768 2710 et
796 2652 943 2708 uocarent.
964 2647 1230 2726 a)ldnlcrinlismo,
1246 2649 1297 2728 qui
1312 2641 1395 2729 piae·

149 2729 316 2818 praecipue
339 2730 371 2793 S.
388 2730 589 2811 Αιιριιιιιιιιιι.
606 2731 767 2812 -Poste-
797 2739 841 2791 ter
858 2730 1011 2792 materiam
1028 2731 1199 2792 sensibilem
1216 2732 1290 2792 nihil
1306 2752 1394 2810 agno·

149 2810 231 2883 riori
247 2831 318 2874 aevo
338 2812 531 2894 Philosophia
544 2815 711 2877 Aristotelis
729 2817 766 2877 ad
795 2815 861 2888 scit,
881 2825 911 2876 ct
925 2814 1075 2876 hominem
1095 2815 1131 2875 ad
1151 2835 1275 2892 meram,
1295 2828 1329 2877 ut
1346 2818 1393 2876 di·

148 2897 765 2978 exornandamTheologiamadhibilaluit,
795 2906 876 2974 cunt,
897 2899 1145 2976 organizationem
1165 2910 1299 2975 revocat,
1328 2901 1395 2962 adi·

148 2999 178 3050 ιι
199 2981 241 3041 sic
255 2981 333 3042 enati
349 2990 419 3042 sunt
433 2981 573 3060 Theologi
585 2983 764 3060 scholastici,
796 2992 856 3043 tum
886 2983 1105 3062 quodammodo
1134 2985 1292 3064 patefecit,
1321 2986 1394 3064 quin

148 3064 211 3154 qui
231 3083 289 3125 nort
306 3065 365 3126 iam
381 3066 767 3130 bdcireritatesahhristo·
794 3067 822 3126 id
843 3066 1046 3147 praevideret,
1072 3075 1101 3128 et
1127 3068 1307 3145 intenderet,
1335 3071 1392 3131 cel.

147 3146 448 3220 taledesumserunt,
463 3150 515 3211 sed
537 3160 649 3212 tantum
663 3153 766 3214 lormis
794 3151 873 3212 Boeo
896 3153 932 3213 de
965 3151 1155 3226 Verttlnntt'c,
1185 3152 1237 3231 qui
1261 3153 1395 3214 studium

147 3257 162 3302 a
192 3232 387 3314 peripatetica
405 3231 599 3314 Philosophia
618 3237 763 3315 praescri·
794 3243 918 3296 naturae
931 3235 1057 3297 maxime
1069 3236 1300 3312 commendarit,
1314 3237 1392 3297 istud

123 3335 124 3340 ¹
146 3325 214 3405 ptis
240 3316 286 3376 usi
304 3326 374 3378 sunt
394 3316 431 3377 ad
451 3319 588 3379 veritates
610 3320 764 3397 revelatas,
794 3319 934 3380 otnnihus
951 3318 1017 3380 aliis
1035 3319 1167 3381 scientiis
1190 3322 1341 3400 praetulit,
1365 3328 1394 3382 ct

147 3425 177 3470 ,ἢ
191 3406 351 3480 eterasque
374 3401 513 3462 materias
530 3401 568 3463 ad
583 3401 777 3481 Religionem¹
794 3400 999 3482 syllogismum
1016 3421 1050 3464 er
1066 3403 1137 3464 orbe
1150 3402 1282 3466 literario
1297 3405 1395 3467 elimi-

148 3493 171 3554 ιι
190 3482 261 3564 iqno
293 3484 379 3546 modo
410 3494 577 3564 spectantes
604 3487 767 3550 scientifico
795 3487 1393 3570 rnatumvoluit(licelinductionern,quae

148 3595 171 3636 m
191 3567 248 3628 odo
262 3569 494 3646 pertractandas.
512 3569 768 3632 Eminucruntiu-
794 3568 1129 3651 estSyllogismigenus,
1142 3573 1391 3652 commendaret).
1465 3595 1466 3648 t

147 3652 295 3721 recisius
324 3651 382 3712 iant
415 3654 532 3713 saeculo
563 3654 767 3717 decimotertio
794 3653 882 3715 hiulto
913 3654 1005 3732 magis
1033 3653 1243 3716 Materialismc
1273 3675 1390 3718 causatu
1465 3651 1466 3680 ³

148 3744 173 3806 ln
184 3733 327 3800 leucader
338 3735 487 3812 Holcrtaia,
497 3738 528 3802 S.
545 3737 768 3818 thomnsloot-
794 3738 875 3800 dedit
886 3735 928 3801 lc.
941 3739 1029 3813 Lolce,
1040 3739 1109 3800 dum
1123 3739 1235 3816 docuit,
1248 3742 1388 3815 anirnam,
1465 3713 1466 3765 l

148 3835 226 3892 rene,
246 3817 277 3881 S.
299 3819 524 3895 bonaventura,
548 3822 686 3885 alibertus
707 3825 765 3900 M,
794 3841 884 3904 quam
918 3823 1035 3885 tabulae
1064 3841 1148 3885 rasae
1172 3825 1389 3905 compararit,

155 3902 265 3976 etalii,
285 3903 337 3983 qui
357 3904 386 3964 in
409 3905 568 3985 praeclaris
578 3908 767 3987 scriptissuis
795 3925 898 3968 omncs
917 3907 999 3968 ideas
1021 3925 1089 3969 suas
1107 3927 1141 3969 ex
1160 3910 1299 3971 sensibus
1320 3910 1392 3970 liau-

155 3986 274 4062 egrcgio
298 3984 448 4048 doctrinas
474 3987 636 4068 Religionis
663 3999 691 4051 et
713 3993 767 4052 de·
795 3992 863 4052 rire:
886 3990 961 4052 banc
983 3991 1127 4052 theoriam
1149 3995 1298 4072 prosecuti
1325 3999 1393 4054 sunt

144 4069 321 4143 clarorunt,
342 4078 372 4130 et
390 4072 564 4152 probarunt,
582 4083 611 4134 et
628 4074 768 4136 deiende·
796 4075 958 4152 dcttdt'ilttc,
976 4076 1103 4151 Buttttcl,
1117 4085 1175 4136 eto.
1191 4095 1225 4137 ac
1239 4095 1273 4136 ex
1288 4078 1393 4138 eadem

145 4151 372 4248 rutttalloldetn
392 4157 590 4224 modoetiam
610 4156 638 4216 in
660 4158 766 4219 subse·
793 4159 923 4239 denique
955 4161 1089 4239 putidum
1122 4157 1391 4235 biattcrialistnum,
1464 4211 1465 4214 ,

87 4264 90 4272 ·
147 4234 319 4307 »questibus
334 4239 460 4299 saeculis
477 4239 531 4300 riri
549 4240 677 4299 illustres
695 4242 768 4303 exti·
794 4261 847 4304 scu
880 4244 1109 4304 sensualisurutn
1143 4245 1258 4307 excoxit
1291 4255 1397 4308 uttclor

156 4318 269 4391 terunt,
282 4317 490 4396 quitationem
510 4341 607 4404 neque
624 4341 768 4422 aperuera—
793 4327 879 4408 §arpii
893 4328 962 4392 libra
973 4329 1008 4392 dc
1021 4336 1173 4406 systemate
1185 4337 1327 4408 tt-cturnc,
1344 4329 1400 4424 qui
