2928 4734
228 177 289 241 202
625 181 991 236 ruuotoarrnacumranrs

185 273 259 337 tium
272 267 457 352 temporibus
465 263 588 329 ldessiae
596 271 641 326 sat
649 264 788 344 trequen—
826 267 853 322 at
866 275 1016 322 maumam
1037 275 1076 322 en
1092 258 1133 320 eir
1147 257 1181 320 ia
1201 257 1387 332 Sacerdotes,
1414 258 1449 318 el

184 365 233 419 ter
250 355 471 438 praedixerunt.
484 351 533 413 Ps.
551 349 588 426 ll,
605 347 713 410 bllcus
724 346 788 426 ipse
826 345 953 407 Levitae:
966 363 1002 404 cx
1016 343 1247 438 quibusultimis
1262 341 1361 436 verbis
1376 342 1449 437 de-

183 439 309 503 Messian
325 439 498 520 pollicetar:
515 433 637 498 Postula
653 448 742 506 aare,
762 436 787 491 at
826 429 1448 504 nominatarumgeutrumconversiosatrs

184 525 259 588 dabo
276 524 329 586 tibi
346 529 443 602 pentec
456 519 663 588 haereditatem
682 523 786 589 tuom,
827 513 907 574 clara
926 511 1109 589 indigitetur.
1123 544 1166 556 -·
1177 509 1259 572 lleuc
1277 510 1370 570 etiarn
1386 509 1446 570 le-

183 617 210 670 at
219 602 785 688 ponentonemtuomtoommosrermr.
806 603 808 618 '
826 597 936 658 remias
951 595 1111 676 praedicit,
1131 595 1202 674 qui,
1219 603 1381 674 postquam
1400 597 1444 659 de

183 691 330 774 Grapbice
341 707 428 770 parm
441 687 571 766 gentium
589 683 786 745 reminiscen-
826 681 1018 759 abrogatione
1028 680 1136 742 veteris
1149 679 1221 757 legis
1232 680 1349 740 locutus
1361 679 1443 742 lue-

184 776 239 852 tis,
250 775 323 838 etad
332 765 694 835 llerraruerumconversio
703 783 788 848 prae·
827 774 884 841 rat,
902 764 970 826 dein
983 765 1019 826 dc
1031 762 1166 826 Ecclesia
1185 782 1202 823 a
1220 761 1326 824 Massia
1344 765 1443 828 insti-

170 861 344 921 =nuntiatur
359 857 407 919 Ps.
424 855 499 930 Xlll,
518 853 559 914 28
578 861 634 914 etc.
656 850 702 912 his
720 868 786 910 ver·
827 850 936 911 tuenda
949 849 1031 910 dicit:
1043 849 1440 926 Gangrepabuntaredeam

184 941 249 1005 bis:
274 942 510 1006 Remioisceutur
526 947 553 1000 et
579 941 788 1000 convertentur
826 951 925 996 omnes
941 943 1040 1012 pentes
1057 932 1092 994 iu
1109 932 1229 994 annum
1248 932 1375 996 Domini
1400 939 1441 999 in

183 1030 223 1090 ad
233 1023 538 1089 Dominumnniversi
548 1023 622 1102 fines
636 1028 744 1096 terrae,
760 1028 786 1082 et
825 1017 1003 1093 Ierusalem,
1022 1024 1051 1078 et
1073 1015 1348 1079 monumentorum
1362 1032 1440 1098 post

183 1112 351 1174 adorabunt
365 1111 398 1171 in
412 1113 564 1186 conapevtu
579 1105 644 1167 eine
660 1105 785 1167 unirer·
821 1103 1001 1179 pravitatem
1019 1101 1114 1163 cordae
1127 1101 1177 1161 cni
1191 1100 1440 1184 pessimi(2).-

181 1211 232 1258 aaa
251 1195 387 1274 [omiliae
401 1193 545 1272 pontium.
565 1189 712 1264 Quoniam
726 1189 786 1250 Do·
823 1184 1013 1248 ldvlolatriee
1025 1184 1247 1262 abrogationem
1261 1186 1438 1252 clarissime

181 1281 261 1341 mini
278 1287 320 1341 ert
334 1292 473 1358 regnum,
495 1281 522 1336 et
540 1274 601 1353 ipae
616 1273 784 1338 dominabi-
824 1269 1134 1349 praedixirZactaaas
1145 1267 1258 1332 diceus:
1275 1268 1385 1334 Etlerit
1397 1277 1439 1337 iu

182 1370 234 1425 tur
251 1362 395 1444 gentium.
412 1359 502 1425 lsaias
514 1377 581 1438 cap.
597 1357 635 1433 ll,
650 1377 678 1417 r.
693 1357 780 1418 tete.
823 1355 871 1416 dio
886 1355 957 1430 itltr,
977 1354 1205 1424 dicitltominue
1222 1356 1434 1436 exercituum,

182 1435 353 1508 describeris
371 1443 533 1506 Ecclesiam
547 1461 564 1502 a
578 1441 682 1503 llessia
698 1441 783 1501 insti·
822 1439 989 1518 disperdam
1005 1439 1135 1500 numina
1148 1437 1295 1500 idolorum
1306 1441 1345 1502 de
1362 1450 1436 1505 ter-

182 1530 322 1591 tnendam
336 1529 388 1590 ait:
401 1528 472 1592 Erit
485 1528 518 1588 in
532 1526 701 1588 novissimis
718 1527 782 1588 die·
820 1540 876 1596 ru,
904 1531 931 1586 et
957 1541 1020 1584 uon
1038 1522 1250 1584 memorabitur
1263 1569 1267 1578 .
1278 1524 1377 1602 ultro,
1404 1537 1436 1590 at

182 1614 252 1688 bur,
278 1613 305 1674 id
333 1621 397 1690 est,
430 1609 614 1692 temporibus
639 1609 780 1685 llessiae,
818 1606 1434 1686 pseudoprvpteras,etsptmtumtmmuo-

178 1705 377 1776 praeparatus
395 1714 479 1758 mons
493 1697 596 1757 dovorae
610 1695 731 1756 Domini
748 1695 782 1756 iu
822 1692 893 1752 dnm
911 1693 1049 1771 anserum
1074 1692 1205 1752 deterre
1222 1690 1279 1769 (3).
1299 1727 1343 1738 -
1360 1693 1434 1758 Huc

180 1781 286 1843 vertice
311 1782 475 1856 montium,
501 1786 528 1840 et
546 1779 708 1840 elevabitur
727 1797 781 1840 ru·
821 1775 911 1836 etiarn
928 1774 1064 1836 nonnulli
1080 1782 1218 1836 revocant
1234 1776 1331 1836 locnrn
1348 1778 1433 1842 Eze-

177 1881 233 1944 per
254 1865 359 1940 eolles,
384 1873 410 1926 et
429 1865 524 1944 flerent
541 1864 580 1924 ad
594 1880 661 1924 eum
682 1880 782 1925 omnes
818 1859 925 1920 cbiclis
941 1878 968 1920 c.
982 1857 1067 1920 Xllll:
1082 1861 1161 1922 Haeo
1177 1859 1248 1922 dicit
1261 1862 1431 1927 Dominus:

180 1957 292 2028 pentes,
313 1957 339 2010 et
356 1949 441 2011 ibant
453 1947 557 2027 popuii
574 1947 672 2023 multi,
689 1954 715 2008 ct
733 1948 781 2009 di·
821 1945 990 2023 disperdam
1007 1944 1180 2018 simulacro,
1201 1952 1229 2004 et
1245 1962 1357 2008 cessare
1372 1949 1431 2026 fv-

179 2041 262 2095 cent:
280 2033 391 2108 Venite,
403 2041 430 2094 et
445 2031 637 2094 ascendemus
651 2033 783 2092 adman-
820 2029 897 2090 aium
918 2029 997 2090 idola
1024 2030 1059 2090 de
1086 2027 1240 2106 Memplriv.
1255 2063 1297 2074 --
1317 2031 1361 2091 llx
1380 2033 1431 2095 bis

180 2124 237 2178 tem
253 2117 391 2192 Domini,
411 2124 438 2178 et
458 2117 497 2177 ud
518 2116 636 2176 domum
654 2116 710 2176 Dei
729 2115 780 2177 la·
820 2113 946 2192 aliisque
957 2111 1103 2172 vaticiniis
1114 2119 1206 2192 patet,
1220 2129 1273 2191 per
1284 2111 1428 2178 llessiam

181 2200 242 2274 aab,
258 2207 285 2262 ct
302 2201 410 2263 docebit
422 2217 477 2262 nos
491 2199 555 2261 vias
571 2215 651 2275 suos,
673 2205 700 2258 ct
714 2215 780 2260 am··
818 2195 912 2258 luisse
935 2195 1132 2257 idololatriam
1155 2195 1369 2274 abrogandam,
1397 2209 1429 2264 at

179 2283 345 2346 tardabimus
360 2285 393 2346 in
415 2284 526 2345 semitis
552 2282 632 2356 eius,
658 2282 729 2360 puio
746 2284 781 2345 de
817 2281 967 2356 gentesad
982 2280 1162 2358 agnitionem
1184 2288 1213 2341 et
1230 2283 1343 2342 cultum
1359 2287 1428 2347 veri

178 2367 252 2429 Sion
267 2368 355 2432 coibit
374 2368 423 2430 len
436 2375 463 2429 et
479 2368 600 2436 verbam
615 2367 735 2428 Domini
746 2369 781 2430 rte
819 2363 870 2425 llci
893 2364 1108 2444 perducendas.
1126 2365 1202 2443 Ergo
1219 2363 1340 2428 Messias
1365 2371 1427 2430 ad-

177 2451 350 2514 Iernsvtem.
368 2452 406 2514 Et
423 2470 541 2520 rursum
561 2468 627 2530 cap.
648 2447 696 2512 LV
718 2470 777 2512 non
818 2447 919 2510 tenire
937 2449 1052 2524 debuit,
1073 2468 1140 2510 cunr
1154 2458 1255 2525 gentes
1270 2484 1287 2496 -
1301 2454 1426 2531 praeci-

178 2533 278 2596 minus
294 2537 408 2598 illustre
436 2535 529 2596 edidit
550 2533 723 2598 vaticinium
742 2535 778 2597 de
818 2550 876 2612 pue
894 2551 1030 2612 expresse
1057 2533 1265 2594 denominatae
1285 2570 1301 2580 -
1322 2537 1426 2598 adbuc

177 2619 316 2695 gentibus
328 2639 381 2701 per
391 2617 526 2680 Messinm
537 2617 643 2678 adseri
656 2616 708 2679 Dei
718 2621 779 2680 cul·
809 2616 1005 2695 'polytheismi
1024 2624 1053 2678 et
1076 2617 1262 2680 idololatriae
1286 2621 1427 2684 tenebris

177 2709 239 2762 turn
258 2704 420 2765 vocandis:
442 2704 517 2766 Ecce
544 2707 643 2764 testem
660 2704 778 2782 populis
814 2699 966 2762 insolutae
989 2709 1099 2763 essent.

176 2786 244 2870 dedi
266 2805 353 2863 eum,
378 2788 480 2848 ducem
506 2792 533 2848 et
560 2795 777 2866 praeceptorem

174 2871 321 2948 pentibus.
339 2871 413 2933 ane
429 2877 554 2950 pentem,
565 2887 653 2949 paam
664 2872 775 2934 nerm'e·
1058 2837 1172 2948 5⁴¹5·

177 2954 240 3028 bos,
258 2955 388 3030 vacabis,
406 2962 431 3015 et
448 2963 560 3034 pentec,
580 2971 654 3034 quoe
671 2963 698 3017 te
714 2973 775 3018 non
1048 2939 1180 2984 ΟΜΝ·

173 3047 385 3118 coguoverunt,
405 3039 444 3100 ad
458 3046 485 3099 te
498 3047 620 3100 carerent
633 3037 692 3119 (l).
709 3038 774 3102 trio
813 3071 815 3076 v
857 3035 887 3100 Si
901 3037 1041 3100 vaticinio
1059 3037 1088 3100 in
1105 3037 1162 3099 boc
1179 3037 1305 3100 articulo
1322 3039 1422 3102 addu-

173 3119 206 3180 in
226 3122 290 3182 loeo
309 3121 470 3182 nonnullae
489 3131 590 3199 gentes
608 3121 773 3185 doctrinam
812 3131 861 3184 cta
879 3123 934 3184 rite
949 3123 1151 3198 attendantur,
1165 3123 1227 3184 sole
1239 3124 1350 3184 clarius
1365 3143 1422 3206 np-

173 3200 308 3279 Massico,
328 3223 379 3264 seu
399 3223 498 3266 veram
517 3205 701 3284 Religionem
717 3206 772 3268 sibi
812 3214 908 3287 paret,
929 3215 1046 3287 tempus
1073 3225 1126 3286 pro
1145 3207 1271 3268 adventu
1292 3206 1420 3272 llessiae

172 3293 261 3347 antea
279 3287 408 3365 ignotam
425 3290 621 3370 suscipientes
636 3288 773 3368 cipresse
792 3318 794 3332 =
812 3310 830 3351 a
848 3289 1003 3370 Prophetis
1026 3291 1254 3352 determinatum
1276 3291 1334 3352 lam
1355 3291 1418 3352 du·

171 3369 375 3432 nominantur.
390 3371 463 3434 Narn
475 3372 532 3434 lse.
549 3371 646 3446 txtt,
662 3373 700 3434 l8
712 3383 770 3435 etc.
791 3371 888 3434 saum
904 3375 1050 3453 praeteria
1073 3393 1137 3435 sum
1153 3392 1230 3435 esse.
1247 3372 1319 3437 Nem
1336 3373 1417 3436 bles-

171 3449 292 3543 lllessias
310 3455 373 3536 ipse
393 3456 434 3518 ita
456 3456 769 3538 loquensinducitur:
790 3425 871 3546 'sies
889 3458 993 3518 debuit
1020 3394 1159 3519 adbenire
1188 3467 1321 3520 cessante
1344 3477 1416 3521 sce·

171 3536 307 3617 Ecceepa
323 3541 405 3603 venio
422 3549 456 3603 nt
470 3557 643 3620 congregem
660 3557 770 3602 mma·
789 3549 793 3648 f
812 3549 876 3622 ptro
895 3542 925 3602 in
951 3541 1035 3617 luda,
1055 3543 1092 3603 nd
1116 3542 1204 3602 duem
1222 3542 1416 3620 vergentibus

170 3621 290 3685 mnibus
300 3625 602 3704 partibusetlinpuis,
618 3631 645 3684 et
656 3625 772 3688 venient
789 3670 791 3686 ,
811 3625 1046 3700 bebdomadibus
1058 3625 1305 3702 Danielis,stanto
1316 3626 1416 3688 adbuc

170 3711 197 3766 et
208 3707 480 3788 videbuntptorr'vm
493 3725 598 3769 meum
611 3709 650 3770 lv't
660 3725 770 3787 ponam
788 3714 790 3798 p
808 3711 921 3791 templa
939 3710 1088 3785 secundo,
1109 3729 1160 3771 seu
1190 3709 1411 3787 zorobabelicv,

169 3787 204 3850 in
218 3790 260 3852 cis
278 3793 410 3872 signam,
423 3800 457 3854 ut
471 3791 586 3854 mittam
601 3809 639 3854 en
650 3793 701 3869 eis,
720 3795 771 3872 poi
788 3804 790 3872 J
809 3803 969 3876 antequam
999 3792 1100 3856 ludaei
1123 3793 1366 3874 dispergerentur
1384 3801 1415 3856 et

169 3874 272 3936 ratvutr
284 3877 415 3955 suerint,
435 3875 475 3937 vd
494 3875 767 3956 guntrammum,
788 3879 789 3882 ’
808 3877 911 3954 gentes
921 3878 1063 3958 propulsa
1074 3877 1285 3940 idololatriaad
1299 3877 1412 3938 rectam

168 3954 202 4018 in
221 3957 357 4036 Africam
383 3965 411 4020 et
431 3959 578 4040 Lydiam,
594 3995 636 4006 -
653 3961 687 4022 iu
704 3961 768 4022 lto·
808 3961 895 4022 tidem
906 3959 1271 4024 torneamentum—Sed
1285 3961 1346 4022 iam
1359 3980 1412 4023 aa·

169 4039 242 4102 tium
264 4042 527 4120 etGraect'ant,ud
543 4045 658 4107 rmum
671 4045 766 4123 lortpe,
808 4052 838 4106 te
855 4045 1019 4106 octodecim
1038 4047 1177 4122 saecula,
1209 4045 1367 4124 subiugata
1394 4065 1412 4108 a

167 4124 207 4184 od
223 4141 280 4201 eos,
295 4126 347 4204 pai
364 4145 425 4188 nou
440 4130 601 4190 andierunt
619 4129 655 4189 de
669 4144 724 4203 me,
742 4137 769 4191 et
807 4128 949 4209 Pompeio
969 4127 1098 4206 ludnea,
1118 4137 1266 4210 sceptrum
1293 4130 1322 4190 irr
1338 4128 1411 4192 luda

165 4220 227 4266 nvn
245 4211 386 4274 rtiderunt
412 4212 542 4292 gloriam
568 4227 767 4272 meam--
805 4214 926 4294 penitus
944 4213 1091 4294 cessavit3
1115 4215 1219 4276 eodem
1238 4213 1300 4276 sere
1332 4220 1411 4276 tem·

196 4308 227 4365 u)
240 4311 352 4359 crura.
369 4317 390 4374 r,
406 4313 427 4360 r.
487 4317 520 4371 a>
536 4316 577 4360 nr.
593 4317 615 4371 o,
631 4315 669 4362 tr.
836 4319 867 4378 ru
883 4319 950 4366 meu.
966 4319 1002 4367 re.
1114 4347 1120 4376 ,
