2910 4732
174 191 216 254 oo
553 165 739 256 anrouooras
758 209 920 256 emmaus

133 283 283 351 institutio
309 289 389 352 clara
414 297 444 353 et
467 291 568 354 ettlcar
590 309 657 353 esse
677 305 738 354 oon
776 290 962 368 detrudatur,
975 305 1029 352 our
1042 305 1101 354 aon
1118 288 1229 370 poterit
1244 287 1324 354 idern
1339 287 1380 354 de'

133 379 242 453 potest.
263 371 307 436 lta
325 375 403 436 idern
424 376 455 436 in
474 391 528 438 auc
547 371 687 438 Aemilio.
775 373 1314 454 aliisraritatibussuperaaluralibus
1327 391 1380 437 re·

175 453 261 537 unp.
274 455 308 519 Ut
322 458 486 540 propositio
498 459 644 540 quaedam
656 458 741 520 clara
775 457 880 520 volatis
897 456 1100 540 propugnari?
1111 487 1151 504 «-
1162 457 1195 538 b)
1208 456 1290 522 Siout
1306 473 1381 522 ccu-

134 537 186 618 sit,
201 541 374 622 requiritur,
388 551 421 604 ut
432 541 599 605 subiectum
612 552 641 604 et
653 560 739 623 prae·
775 542 822 604 lua
839 555 998 622 corporeus
1015 540 1084 617 illa,
1103 546 1180 622 quae
1199 541 1239 606 ob
1259 540 1380 606 disten·

134 621 265 686 dinatum
285 635 493 704 cognoscatur.
510 635 538 690 et
557 657 573 676 -
592 627 648 688 linc
667 645 735 689 cum
775 625 846 688 tiam
866 626 1018 708 percipere
1037 625 1152 706 nequit,
1173 644 1230 707 ope
1246 625 1380 688 telaaco·

133 706 184 768 illo
213 709 349 772 connecti
368 739 383 758 -
403 709 548 773 certitudo
576 710 734 786 habeatur,
775 709 815 790 pii
833 709 923 785 ridet,
944 709 1024 792 quod
1043 709 1143 772 radios
1160 709 1284 787 colligit,
1301 727 1379 789 pro·

133 809 192 853 uon
213 801 311 854 autern
332 801 365 854 ut
384 795 473 856 etiarn
494 794 600 856 modus
624 794 735 855 intrin-
751 823 756 920 p
774 793 901 876 piosque
919 795 1067 870 admorsa
1081 793 1124 855 sio
1138 793 1227 856 etiam
1245 787 1378 858 laumana

132 893 221 938 secur
234 876 404 939 huiusmodi
418 895 513 940 nexus
526 877 733 959 perspiciatur:
774 879 849 939 ratio
864 897 913 954 ea,
927 897 1005 959 quae
1021 896 1058 938 ca
1071 877 1199 958 propriis
1218 877 1378 959 principiis

133 957 183 1020 illa
198 961 278 1022 enim
295 962 415 1023 claritas
429 962 487 1022 iom
504 963 623 1038 sufficit,
639 971 673 1024 ut
684 981 736 1024 eo·
774 962 906 1023 orolrere
922 961 1036 1043 nequit,
1050 979 1103 1041 per
1114 960 1318 1024 testimonium
1329 961 1377 1024 al·

132 1043 225 1120 guitio
238 1045 339 1106 efficax
350 1053 440 1127 atque
456 1045 538 1107 utilis
552 1046 615 1108 lteri
630 1055 732 1126 queat.
774 1046 866 1106 terim
881 1054 922 1122 et,
934 1046 959 1108 si
977 1046 1015 1108 de
1034 1045 1179 1125 mysteriis
1196 1045 1306 1124 apium,
1320 1059 1377 1126 per

131 1123 181 1188 Sio
194 1145 224 1190 e.
237 1143 266 1206 g.
282 1145 442 1206 venenum,
458 1129 538 1209 quod
552 1147 612 1191 non
628 1130 669 1192 ah
680 1147 731 1191 ea·
773 1128 978 1191 auctoritatem
994 1129 1047 1192 Dei
1062 1129 1219 1194 revelantis
1233 1129 1373 1192 addiscit:

133 1208 293 1291 parientia,
309 1227 365 1273 neo
382 1231 435 1293 per
453 1213 613 1290 rationem,
628 1214 678 1276 aad
697 1233 734 1276 aa
772 1212 850 1274 inest
868 1213 948 1276 enim
967 1213 1055 1276 nobis
1069 1212 1158 1275 etiam
1172 1213 1297 1278 facultas
1308 1231 1374 1276 cre·

132 1295 195 1356 sola
219 1297 396 1358 anctoritate
416 1297 600 1359 mortiterum
619 1315 731 1376 cogno·
772 1296 874 1374 dandi,
892 1307 922 1359 et
940 1297 965 1358 si
984 1296 1188 1360 testimonium
1206 1297 1373 1360 auctorita·

132 1378 254 1455 scimus,
275 1397 392 1442 surnere
411 1399 596 1457 recusamus,
615 1382 684 1443 licet
703 1383 731 1443 i·
772 1380 809 1441 tis
823 1380 988 1444 intatttuitia
1005 1380 1142 1455 liabetur,
1155 1380 1220 1461 ipsa
1234 1381 1310 1444 ratio
1325 1399 1373 1444 as·

130 1479 303 1541 gnoromus,
317 1479 377 1544 qao
391 1465 510 1526 domurn
525 1466 612 1528 modo
624 1484 733 1547 corpus
771 1481 890 1525 mosum
913 1473 1066 1546 praestare
1084 1463 1178 1527 iubet.
1197 1463 1227 1544 c)
1245 1463 1372 1542 &dego-

132 1547 270 1607 trucidet.
292 1546 373 1608 Talis
394 1567 462 1610 uero
489 1550 607 1611 claritas
625 1539 731 1632 'quoad
771 1543 1373 1626 riaeexnaturasuaintellortualessuut‚

132 1629 297 1692 subiectum
317 1640 347 1692 et
365 1633 565 1712 praedicatum
586 1635 677 1695 etiam
690 1635 730 1695 ,in
770 1641 801 1702 et
821 1631 899 1694 sicut
920 1633 998 1715 ipsas
1017 1633 1129 1696 mundo
1145 1632 1280 1694 sensibili
1296 1651 1372 1713 pro-

133 1715 277 1794 mpsteriis
303 1715 442 1794 habetur,
466 1735 542 1798 quoe
568 1717 607 1778 ad
629 1719 731 1780 ellico·
770 1727 837 1798 pter
859 1716 1065 1792 sensatiooes,
1085 1716 1126 1778 ita
1150 1716 1261 1779 mundo
1283 1725 1374 1780 tran·

131 1798 207 1858 ciatu
225 1799 343 1860 sufficit.
360 1796 408 1860 Sic
423 1819 451 1862 e.
469 1819 497 1878 g.
517 1800 624 1864 suflicit
641 1802 730 1880 scire,
770 1799 953 1862 scandeotali
965 1799 1257 1882 proplerrationom,
1268 1801 1315 1860 rol
1328 1801 1375 1862 le-

131 1880 279 1944 Christum
302 1881 333 1942 in
352 1883 538 1946 Eucharistia
555 1903 623 1946 rere
642 1900 731 1964 prae·
770 1883 904 1962 gitimam
918 1885 1124 1947 auctoritatem
1139 1883 1290 1964 applicare
1302 1903 1375 1965 pos·

132 1974 245 2026 senstem
258 1976 378 2041 esse‚ut
390 1967 473 2028 illum
487 1968 611 2031 adorare
624 1978 654 2031 et
665 1987 733 2052 pos.-
770 1986 884 2030 sumus.
905 1968 943 2048 d)
962 1969 1003 2032 Er
1022 1967 1230 2050 mysteriorum
1249 1977 1371 2046 ndum,

132 2049 227 2110 simus
245 2059 276 2110 et
291 2048 465 2113 debeamus.
769 2059 849 2114 recte
867 2053 1065 2128 considerata,
1082 2059 1143 2113 tota
1160 2052 1271 2114 iterum
1289 2052 1374 2116 ottu-

175 2133 240 2196 Olta'.
261 2135 294 2195 li.
313 2131 533 2197 Revelationcm
547 2136 731 2199 materialem
771 2136 864 2197 cullas
881 2135 1022 2198 facillimo
1039 2135 1173 2199 solvitur.
1192 2169 1234 2182 -
1251 2131 1283 2196 lu
1303 2155 1374 2218 my·

133 2216 251 2299 physice
270 2216 483 2298 impossibilem
503 2239 580 2295 esse,
595 2221 672 2282 llant
686 2241 732 2283 so-
771 2219 869 2282 eteriis
887 2220 965 2282 cuim
987 2220 1069 2284 ideas
1088 2219 1215 2283 subiecti
1230 2229 1259 2280 et
1279 2239 1372 2300 pree-

132 2299 237 2382 queuti
253 2300 426 2364 dilemmate
444 2303 729 2384 probaremonatur.
770 2303 860 2366 dicati
883 2314 1050 2386 perspectas
1065 2301 1221 2379 habemus,
1235 2323 1312 2384 quaa
1323 2303 1375 2366 id-

35 2407 40 2416 ·
132 2383 295 2461 Veritates,
320 2385 378 2460 ait,
398 2387 667 2468 supra-rationales
686 2389 733 2452 vel
771 2407 805 2449 eo
823 2389 972 2465 cogitandi
994 2386 1369 2466 legibusnonobsistun13

132 2467 242 2530 nostris
260 2468 409 2546 cogitandi
429 2471 556 2550 legibus,
576 2492 629 2535 seu
649 2481 731 2534 cate·
770 2471 850 2552 ipsas
865 2472 1087 2550 coniungendas
1104 2490 1170 2534 esse
1187 2483 1248 2534 uota
1264 2491 1299 2533 ex
1318 2490 1371 2534 ra-

132 2551 222 2631 goriis
239 2553 383 2633 applicari
402 2563 536 2635 possunt,
552 2558 596 2618 vel
616 2576 686 2618 nou.
701 2556 732 2618 Si
750 2552 753 2666 p
771 2556 861 2618 tionis
880 2556 1051 2637 principiis,
1070 2555 1122 2618 sed
1140 2575 1176 2618 ex
1193 2557 1373 2618 auctoritate

131 2635 261 2716 primurn
276 2635 459 2714 conceditur,
480 2641 616 2702 ueritates
627 2658 732 2721 supra·
750 2667 753 2764 p
770 2639 823 2701 Dei
841 2641 998 2702 revelantis
1012 2639 1370 2718 cognoscimus-modum

132 2719 292 2782 rationales
310 2721 347 2782 ad
365 2725 499 2785 ordinem
515 2725 669 2786 radiatum
685 2743 732 2786 ra·
749 2767 752 2806 Ι
770 2732 869 2786 autem
887 2723 1118 2800 coniunctionis,
1131 2741 1184 2784 seu
1198 2741 1304 2786 nouum
1320 2723 1370 2785 ln·

133 2803 300 2879 tionatium,
312 2824 363 2866 seu
377 2807 555 2868 naturalium
568 2809 731 2870 cletrudun·
749 2807 752 2846 ¹
771 2807 930 2869 trinsecum
946 2825 1005 2870 nou
1016 2807 1224 2888 perspicimus,
1238 2808 1289 2888 qui
1300 2809 1372 2870 ideo

132 2896 191 2964 tur,
212 2894 302 2968 atque
323 2891 463 2970 mysteria
482 2909 547 2954 ease
572 2892 727 2953 desinunt:
770 2891 807 2952 ad
826 2891 1112 2954 ordinemverltatis
1129 2893 1287 2963 naturalis,
1302 2892 1324 2952 i.
1338 2909 1368 2954 e.

132 2973 156 3034 si
180 2987 248 3033 raro
273 2973 437 3034 secundum
462 2974 636 3052 adstruitur,
659 2984 732 3038 tuuc
769 2977 878 3038 rationi
904 2975 1051 3037 humanae
1075 2975 1371 3056 comprehensibilis,

132 3055 205 3117 tales
223 3055 407 3133 cognitiones
427 3058 514 3120 nobis
535 3059 617 3120 nullo
642 3061 730 3122 modo
770 3078 830 3122 non
848 3059 1015 3122 detruditur
1030 3060 1092 3139 (l).

133 3139 288 3201 inhaerere
306 3153 443 3221 possunt,
460 3141 530 3222 quia
546 3143 588 3202 nil
601 3142 731 3222 cogitare
797 3144 878 3208 ott.
900 3144 929 3206 l.
941 3141 1105 3206 ›Revelatio
1128 3142 1288 3206 materialis
1309 3161 1372 3222 pu·

134 3224 276 3298 valeanus,
293 3224 351 3286 nisi
366 3226 447 3305 quod
464 3226 620 3305 categoriis
639 3227 733 3308 appli·
770 3236 841 3306 goat
862 3245 929 3290 cum
959 3228 1022 3305 lege
1049 3226 1271 3302 continuitatis,
1291 3245 1372 3307 quaa

133 3307 194 3370 cari
212 3313 313 3388 queat.
770 3312 878 3374 saltum
894 3311 925 3372 iu
943 3319 1050 3373 natura
1069 3329 1128 3372 nou
1146 3311 1287 3376 admittit.
1307 3308 1372 3373 Sal·

172 3393 258 3470 Resp.
274 3390 304 3469 a)
317 3389 423 3451 Totum
439 3391 579 3454 dilemma
592 3393 679 3456 ctiam
693 3394 732 3456 ad
772 3403 936 3458 tacentem
957 3395 1039 3457 fieret
1061 3393 1093 3456 in
1112 3381 1262 3458 seductione
1285 3394 1371 3472 cogi-

133 3476 240 3536 multas
258 3471 421 3551 Religionis
436 3479 579 3539 naturalis
593 3480 732 3541 veritates
771 3479 866 3553 tandi,
883 3477 908 3539 si
923 3477 1000 3540 ratio
1017 3478 1183 3541 elevaretur
1196 3479 1235 3540 ad
1254 3495 1371 3556 cogno·

133 3556 276 3650 applicari
296 3565 407 3636 potest,
425 3568 455 3619 et
470 3560 538 3622 ideo
557 3563 654 3624 omnis
671 3561 732 3624 Re·
770 3563 896 3626 scandas
923 3563 1082 3637 veritates,
1107 3581 1185 3642 quae
1210 3563 1370 3643 sphaeram

133 3643 203 3718 ligio
218 3641 375 3718 (naturalis
391 3644 523 3722 quoque)
539 3644 732 3725 impossibilis
771 3646 931 3709 activitatis
946 3645 1282 3727 ipsiustraoscendunt.

133 3723 261 3787 dicenda
272 3723 361 3802 loret;
375 3726 453 3805 quod
468 3736 567 3789 umen
580 3731 643 3810 ipse
655 3729 733 3794 Kant
812 3725 898 3809 Hesp.
919 3729 952 3811 a)
968 3729 1119 3794 fleuelatio
1141 3739 1186 3792 eat
1207 3748 1283 3811 opus
1300 3727 1370 3805 uei,

133 3825 192 3871 uou
211 3807 351 3870 admittit.
369 3806 491 3880 Ouara—
503 3811 528 3871 si
543 3812 580 3874 do
598 3812 658 3874 lleo
678 3833 731 3874 co·
772 3815 823 3895 qui
833 3833 889 3877 ceu
900 3821 1004 3876 auctor
1015 3821 1139 3876 natmae
1149 3813 1264 3892 legihus
1274 3813 1372 3893 ipsius

133 3893 228 3972 gitare
251 3909 427 3972 possumus,
447 3902 477 3955 et
500 3893 585 3958 ideae
603 3896 640 3958 de
658 3895 731 3973 lleo,
772 3917 832 3960 uon
851 3897 963 3960 subest.
982 3897 1015 3977 h)
1030 3895 1088 3960 Sed
1104 3896 1178 3959 etin
1194 3897 1260 3978 ipsa
1272 3895 1372 3960 llere·

133 3985 202 4038 enta
226 3975 355 4052 inlinito,
375 3977 459 4038 cuius
488 3985 623 4041 naturam
652 3999 733 4042 nun·
772 3982 884 4043 latione
898 3981 1044 4044 materiali
1057 3988 1153 4062 potest
1164 3981 1210 4042 lex
1221 3981 1372 4042 continui·

133 4077 222 4140 quam
234 4059 365 4141 perfecte
376 4061 668 4142 ooanpreheodimus,
677 4063 733 4124 suli
772 4065 842 4127 talis
863 4063 1030 4142 observari,
1049 4084 1117 4128 cum
1142 4083 1195 4145 per
1212 4064 1373 4126 revelatio·

134 4143 290 4221 categoriis
314 4145 517 4222 continentur,
537 4147 609 4226 quin
634 4155 733 4208 tamen
773 4167 840 4210 uem
857 4149 987 4228 primum
1000 4149 1139 4212 veritates
1153 4148 1269 4210 ordinis
1284 4155 1374 4210 natu·

134 4245 250 4320 surnma
265 4227 338 4290 haec
356 4229 464 4324 ueritas
479 4229 514 4291 ad
533 4230 734 4324 ordinemve·
803 4276 834 4332 (t)
850 4275 882 4322 Cp·
897 4277 962 4324 mn,

134 4318 255 4373 rutatum
283 4314 465 4375 naturalium
497 4321 526 4376 et
550 4314 733 4376 sensualium
753 4309 970 4396 cauponato)

984 4279 1040 4323 tom.
1057 4277 1084 4324 ll.
1099 4277 1122 4340 d.
1134 4279 1178 4325 529
1188 4263 1237 4325 ‘elo
1253 4277 1374 4339 Ddbmayr
