2934 4736
207 151 271 218 330
603 169 788 215 morosus
806 169 969 216 onnam

166 247 210 314 Ex
220 246 320 311 citatis
334 248 393 310 ianr
405 245 481 312 loeis
492 247 658 310 clarissime
672 255 765 329 patet,
845 248 933 328 llap.
952 245 1087 310 tanam
1105 245 1223 310 induis
1239 242 1414 328 made-

166 341 311 416 quantum
329 333 462 415 Apostoli
477 333 587 395 distent
604 331 643 393 alr
661 351 765 394 eornrn
804 349 839 393 re
865 331 970 406 soluit,
988 333 1069 413 quod
1097 333 1160 414 ipse
1179 349 1265 394 serus
1283 330 1414 392 Hessius

165 417 328 500 principio,
337 417 387 497 qui
396 413 428 478 S.
437 413 619 498 Scriptorum
631 434 688 477 reu
699 415 768 477 uni·
805 416 856 492 sit;
870 415 938 476 ideo
951 417 989 476 ad
1005 414 1037 477 S.
1053 414 1220 497 Scripturas
1232 415 1412 496 appellarit,

166 519 235 563 corn
253 500 442 576 revelatiopis
460 499 596 578 lonwun,
620 510 652 562 et
671 500 765 562 solam
805 500 963 580 inquibus
979 508 1025 560 sat
1041 499 1245 561 luculentade
1266 499 1335 580 ipso
1355 517 1413 557 ra·

165 584 236 647 lidei
250 601 383 646 normam
400 593 545 645 statuunt.
805 583 909 646 licinia
931 584 1082 662 leguntur.
1108 583 1153 644 Ad
1181 600 1273 644 unum
1304 590 1410 644 antem

206 669 321 731 Notol.
337 667 441 730 luania
452 676 522 729 sunt
530 667 689 730 conamina
700 664 767 747 qui·
806 668 917 728 iontem
931 668 1095 748 appellare,
1111 684 1171 727 non
1188 666 1411 748 est-excludere

165 751 223 815 bns
248 753 383 814 nonnulli
401 770 437 813 ex
457 749 694 813 Protestantibns
714 769 766 811 ar·
805 751 896 813 alium
913 752 1037 812 loomin.
1050 785 1089 798 —
1102 749 1256 811 Praeterea
1270 749 1412 811 Christus

164 847 338 914 gumentunr
353 836 521 898 desumturn
534 853 570 896 er
581 834 680 897 uerbis
690 832 767 895 Pau·
805 835 843 897 ad
858 835 984 896 ludaeos
1001 835 1127 915 loquens
1141 852 1201 895 non
1216 834 1317 914 potuit
1330 833 1412 894 indi·

164 921 187 983 li
204 921 253 1000 (l)
268 921 456 1002 impugnant.
475 917 548 979 llam
563 919 676 994 dicere,
695 936 766 1000 par-
804 920 899 998 pitare
910 937 936 980 s.
955 918 1049 981 libros
1061 917 1098 978 ll.
1114 916 1149 979 T.
1162 918 1213 998 qui
1228 917 1365 978 nondam
1379 934 1411 976 e-

165 1005 272 1066 ticnles
285 1003 722 1065 disiunctirasmntandasasse
733 1002 765 1062 in
804 1003 966 1077 monhaut,
981 1002 1033 1064 sed
1050 1002 1147 1063 solnm
1165 1001 1313 1062 intellexit
1330 1019 1357 1061 s.
1374 1000 1411 1060 li·

164 1089 382 1165 eoniunctiras,
400 1096 431 1149 et
447 1085 572 1147 Paulum
585 1106 621 1148 ca
636 1086 767 1150 tenenda
806 1086 876 1149 bros
893 1085 929 1148 V.
949 1084 984 1147 T.
1005 1088 1039 1147 in
1057 1087 1161 1165 poitur
1186 1082 1289 1145 ludaei
1316 1093 1410 1165 puta-

165 1171 388 1246 commendare,
402 1189 479 1251 quae
492 1179 523 1232 et
540 1169 641 1232 docuit
649 1178 680 1232 et
694 1169 767 1231 scri-
804 1171 889 1245 bant,
906 1188 937 1232 re
949 1172 1040 1232 odom
1056 1177 1209 1232 octauum
1225 1169 1333 1230 ludere
1346 1169 1407 1246 (3).

169 1255 246 1337 psit,
268 1263 391 1318 nonest
412 1254 600 1334 interpretari
622 1253 674 1316 sed
696 1272 766 1314 cor-
847 1253 1085 1318 oot.12.Pautus
1103 1254 1197 1314 solam
1219 1249 1409 1332 Scripturam

164 1357 304 1421 rumpere
322 1339 513 1419 scripturam:
533 1347 612 1400 certe
627 1357 688 1400 non
699 1337 765 1400 sine
804 1347 838 1400 ut
854 1338 1143 1419 praestantissimum
1156 1337 1288 1398 medium
1300 1335 1339 1396 ad
1353 1337 1410 1395 do-

165 1423 293 1485 absurdo
310 1423 368 1484 dici
388 1430 506 1503 potest,
524 1421 648 1484 Paulum
667 1420 764 1483 Thes·
803 1423 931 1485 rendum
952 1422 1104 1499 assigned,
1122 1421 1280 1482 scribens:
1302 1419 1409 1484 Omnis

163 1506 365 1569 salonicenses
384 1506 424 1566 nil
442 1504 523 1566 aliud
541 1505 691 1583 docuisse,
706 1505 764 1568 nisi
803 1506 962 1587 Scriptura
978 1505 1121 1567 dirim
1145 1505 1296 1584 inspiratu
1322 1504 1410 1566 utilia

165 1607 202 1652 en
219 1609 296 1671 qarae
314 1590 344 1651 in
364 1589 460 1672 prima
473 1608 528 1651 sua
545 1590 671 1671 epistola
688 1591 764 1651 sori·
802 1599 845 1654 ert
855 1591 896 1654 od
909 1591 1082 1666 docendum,
1097 1590 1137 1651 od
1153 1589 1355 1668 eructandum,
1369 1588 1410 1648 ud

166 1674 236 1754 psit,
256 1674 286 1734 in
306 1692 364 1754 qua
384 1673 473 1735 etiam
489 1675 633 1736 nonnulla
654 1673 764 1736 lunda·
803 1675 1027 1755 corripiendum
1033 1720 1045 1751 ,
1058 1674 1100 1736 ud
1108 1673 1306 1736 moeream
1316 1673 1351 1734 in
1361 1673 1409 1732 iu-

164 1757 383 1819 mentaliasrdei
395 1757 766 1836 dogmatanoninreninn·
802 1759 903 1834 atillo,
923 1767 957 1821 ut
969 1758 1118 1838 perfertur
1133 1758 1173 1819 rit
1188 1757 1273 1818 lorrm
1296 1757 1352 1818 liei
1369 1757 1409 1818 od

163 1833 223 1904 tur'.
244 1839 313 1902 ideo
336 1840 480 1902 absonum
500 1859 620 1922 quoque
644 1850 690 1903 est
712 1860 764 1903 as·
803 1860 972 1923 omaenpor
989 1843 1098 1904 lanum
1113 1841 1278 1904 instructus
1294 1839 1356 1921 (l).

163 1943 275 2001 serere,
295 1943 412 2005 peren,
435 1943 513 2006 quae
528 1942 582 2005 per
600 1943 764 1988 mamaeae
844 1929 929 2007 llerp.
949 1925 1059 1988 Paulus
1087 1927 1190 1987 utilem
1218 1922 1407 2004 Scriptorum

163 2009 270 2072 tradita
282 2009 377 2085 luere,
393 2009 588 2070 accidentalia
605 2008 701 2070 solum
715 2009 759 2070 in·
802 2010 875 2072 dicit
894 2030 954 2073 non
971 2010 1178 2071 sufficientem.
1199 2009 1236 2070 Et
1253 2008 1279 2069 si
1296 2008 1407 2070 adver·

165 2093 323 2170 telligemla
341 2111 416 2166 esse,
436 2111 504 2153 oum
517 2091 766 2154 Thessalonicen·
803 2094 874 2156 sarii
891 2113 927 2156 ex
945 2094 1057 2155 ultimis
1080 2093 1176 2155 verbis
1194 2090 1324 2174 probare
1339 2102 1407 2154 ten-

163 2194 211 2238 ses
225 2178 303 2238 circa
317 2176 487 2238 essentialia
499 2183 639 2238 oretenus
656 2175 765 2238 instrui
804 2187 879 2254 tant,
894 2179 1034 2240 sufficere
1046 2175 1227 2258 Scripturam
1243 2175 1281 2237 ad
1294 2177 1408 2238 eonsti-

164 2261 338 2335 delituerint,
354 2279 392 2322 ne
410 2259 583 2340 imperfecta
601 2277 703 2321 eorum
726 2262 765 2322 n·
804 2262 945 2324 tuendum
960 2263 1057 2322 virum
1075 2262 1259 2343 perlectum,
1275 2267 1307 2321 et
1321 2260 1360 2322 ad
1375 2280 1409 2320 o-

164 2343 217 2406 des
234 2352 379 2407 maneret.
404 2341 538 2425 Denique
561 2344 676 2404 admitti
703 2363 764 2406 non
804 2364 872 2408 mne
891 2364 967 2427 opus
984 2345 1095 2406 bonum
1116 2345 1319 2421 instructum
1340 2345 1406 2406 iure

165 2437 277 2508 potest,
302 2435 492 2509 praeceptum
511 2427 643 2508 Apostoli
660 2427 698 2489 de
717 2437 764 2490 te·
803 2430 987 2510 reponimus,
1006 2429 1074 2491 ideo
1091 2428 1215 2490 Paulum
1240 2429 1298 2490 hoo
1320 2448 1405 2490 asse·

165 2511 273 2577 aendts
292 2510 500 2573 traditionibus
523 2511 655 2573 oralibus
672 2530 763 2572 eons-
803 2515 911 2588 ruisse,
930 2515 1001 2594 qnia
1015 2510 1046 2574 S.
1065 2510 1216 2594 Scriptura
1239 2514 1403 2593 praecipit,

186 2613 223 2657 ue
242 2603 354 2657 tantum
369 2595 526 2672 obligasse,
540 2595 634 2657 donec
649 2597 764 2673 integra
805 2598 1355 2678 traditionespersermonemaceeptas
1365 2607 1406 2656 te-

163 2613 195 2742 g.
212 2676 363 2760 Scriptura
387 2679 522 2741 conlecta
550 2679 650 2741 luerit.
671 2679 763 2741 Prae·
803 2683 1064 2758 mendas,lormam
1084 2699 1224 2743 sanorum
1245 2681 1404 2742 verborum

165 2772 251 2844 cepta
269 2765 347 2824 errim
364 2763 462 2824 divina
475 2764 513 2825 ab
530 2764 679 2844 Apostolis
691 2781 763 2844 pro·
804 2764 970 2826 habendam
990 2773 1021 2827 et
1046 2767 1157 2827 oralem
1184 2764 1402 2826 institutionem

166 2849 308 2925 mulgata,
322 2847 606 2929 proomnitempore
619 2847 762 2925 obligant,
803 2857 836 2910 ut
856 2849 967 2911 bonum
991 2849 1157 2931 depositum
1177 2848 1405 2910 custodiendam

163 2940 194 2992 et
213 2949 270 2992 uon
287 2932 387 2992 orrinia
405 2929 574 3012 coas‘cripta
591 2949 668 3006 esse,
688 2949 764 3011 quae
803 2951 881 2994 esso.
899 2933 1054 2994 Praeterea
1066 2932 1326 3009 exlocoPauli,in
1339 2951 1406 2994 sen·

165 3023 304 3077 oretenus
322 3033 339 3076 a
354 3014 469 3078 Christo
488 3025 516 3076 et
534 3016 682 3095 Apostolis
701 3024 764 3075 tra·
804 3035 837 3077 so
850 3018 1084 3079 adversariorum
1110 3017 1273 3092 intellecto,
1296 3017 1403 3078 absur-

165 3097 227 3160 dita
247 3098 379 3177 luerunt,
403 3108 577 3180 argumenta
597 3098 656 3160 iam
676 3099 764 3161 allata
803 3101 873 3162 dum
906 3108 1090 3182 separaretur.
1120 3101 1295 3182 Apostolum
1324 3101 1404 3162 enim

164 3181 304 3264 probant.
804 3185 922 3250 nonnisi
948 3186 1149 3266 descriptura
1173 3184 1209 3246 V.
1232 3184 1266 3246 T.
1295 3185 1401 3265 loqui,

206 3265 283 3328 Noto
300 3265 333 3328 T.
352 3263 434 3328 Sicut
451 3286 506 3329 nos
523 3286 557 3329 er
575 3263 606 3328 S.
627 3263 762 3348 Scriptu-
804 3276 884 3349 patet
906 3287 941 3330 ex
959 3269 1056 3330 verbis
1074 3269 1342 3350 praecedentibu-s;
1363 3268 1405 3328 ait

164 3365 217 3410 rae
233 3348 329 3410 verbis
348 3369 400 3431 pro
414 3352 580 3412 traditionis
599 3351 715 3411 divinae
730 3370 765 3412 e·
804 3352 882 3413 enirn
892 3353 951 3433 (5):
965 3355 1002 3416 Et
1012 3355 1082 3432 qanto
1095 3354 1130 3417 ab
1142 3354 1277 3433 iosorrtio
1288 3371 1313 3414 s.
1327 3352 1402 3412 litte-

164 3430 480 3512 risteotiaarpumenta
495 3435 766 3516 petimns‚sicPro·
803 3437 1401 3517 roaaooti,quoetepnaouotiootraereod

167 3521 307 3576 testantes
326 3516 413 3578 nobis
431 3519 517 3580 allata
537 3519 645 3581 biblica
669 3538 764 3600 oppo-
803 3522 928 3582 solutam
939 3538 994 3600 per
1008 3523 1226 3602 fidemquoeest
1241 3522 1275 3582 io
1288 3521 1401 3584 Ciroto

166 3605 258 3671 nunt,
275 3605 308 3658 ut
333 3601 508 3678 ostendant,
523 3603 642 3664 nonnisi
663 3621 698 3664 ex
715 3622 765 3664 sa·
804 3605 881 3666 lesu.
903 3604 964 3666 lam
978 3623 1060 3682 veru,
1080 3623 1145 3666 cum
1159 3604 1334 3666 Timotheus
1353 3603 1405 3664 ad-

167 3681 225 3745 cris
246 3681 348 3744 ttitttis
370 3683 506 3763 dogmata
524 3686 685 3748 christiano
699 3705 767 3768 pro·
806 3689 975 3750 hucinlans
986 3697 1058 3762 erat,
1072 3690 1171 3750 nullae
1182 3687 1404 3750 extabantscri·

167 3765 264 3830 banda
283 3783 359 3829 esso.
805 3783 910 3852 ptume
932 3771 966 3833 N.
987 3772 1021 3834 T.
1043 3773 1118 3850 Ergo
1144 3769 1230 3833 lectio
1257 3773 1402 3834 librorum

134 3908 170 3925 ,.
211 3849 765 3932 Oli.l.Chrlstusipseiubetnosad
806 3854 1401 3918 ll.T.sufficeretadconstituendumvi·

96 4011 100 4026 Ι
167 3931 333 4015 Scripturas
353 3935 504 4011 accedere,
524 3944 553 3997 et
575 3937 680 3999 exinde
698 3937 766 3999 fidei
807 3959 871 4001 rum
892 3941 1085 4005 christianum
1112 3940 1296 4020 perlectum,
1316 3948 1346 4001 et
1367 3938 1403 4000 ad

72 4354 122 4368 .-

168 4017 304 4092 dugmata
322 4019 450 4081 haurire:
472 4021 513 4080 ait
531 4021 622 4081 enirn:
642 4021 765 4084 Scruta-
807 4042 894 4085 omne
912 4042 986 4104 opus
1004 4023 1115 4085 bonum
1134 4023 1328 4085 instructum?

168 4101 244 4163 mini
262 4103 442 4184 Scriptores,
467 4103 569 4165 -illue
591 4111 671 4177 ruat,
695 4122 768 4182 quoe
850 4107 915 4170 ott.
935 4107 966 4169 3.
992 4107 1102 4169 Paulus
1127 4108 1248 4168 omnino
1275 4106 1406 4168 excludit
1458 4177 1459 4180 Ἴ

169 4185 367 4250 testimonium
384 4187 532 4268 perltt'lertl
551 4188 586 4249 da
602 4203 648 4248 otc
664 4185 724 4266 (T).
808 4191 993 4268 traditiones,
1013 4209 1080 4252 cum
1099 4191 1135 4252 ad
1147 4191 1314 4254 Corinthios
1327 4192 1405 4252 seri·

200 4283 232 4347 tu
248 4289 266 4338 u
281 4291 361 4340 tum.
377 4295 399 4354 a,
417 4295 449 4342 tr.
550 4292 583 4351 (a)
594 4293 625 4340 ιο.
641 4293 663 4354 o,
674 4293 711 4343 aa.
838 4295 870 4356 (a)
881 4296 906 4342 v.
917 4297 970 4344 eoa.
987 4295 1108 4356 limium.
1119 4297 1141 4358 s,
1155 4297 1180 4342 io
1190 4298 1236 4342 etc.
1251 4297 1283 4357 (s)
1295 4297 1329 4343 ta.
1339 4310 1361 4342 v.
1374 4295 1406 4344 ts.
