2918 4734
427 200 512 255 'raas
526 207 559 253 11.
580 205 682 253 suerro
700 209 721 252 1.
741 205 835 253 carur
852 207 885 252 n.
1180 175 1250 251 '155

68 289 131 374 qnod
144 287 237 353 ludaei
255 297 287 352 ut
308 285 445 351 homines
467 284 593 363 creduli,
612 293 642 350 et
684 285 777 362 niue,
798 285 957 348 alteriusve
981 285 1134 368 scriptoris
1154 285 1290 349 testimo·

67 373 239 458 prodigiorum
268 381 415 436 amatores
445 371 643 452 traducantur
683 369 783 432 nium.

67 459 96 520 ab
110 457 267 520 auctoribus
287 455 437 538 profanis,
457 456 515 518 alia
537 455 641 537 procul
726 453 792 518 Obi.
814 452 848 515 3:
861 451 1068 534 Apostolorum
1086 464 1115 516 et
1134 453 1287 534 Evangeli-

65 541 136 604 dubio
152 541 221 604 ratio
234 561 292 603 non
314 551 370 614 est,
389 539 446 601 nisi
462 539 533 620 quia
551 539 583 600 iu
602 538 641 600 li·
682 543 795 599 starum
814 536 968 600 sinceritas
986 544 1019 600 ex
1047 557 1082 601 eo
1103 539 1287 620 potissimum

64 624 111 686 bris
126 625 208 688 sacris
221 624 397 698 ludaeorum
413 624 641 685 multanarran·
682 621 843 700 colligitur,
868 622 949 703 quod
972 621 1046 684 nihil
1070 641 1121 684 eos
1143 623 1287 702 potuisset

63 715 168 771 turrem
186 709 339 786 miracula,
355 725 432 790 quae
451 707 556 788 pagani
575 706 641 768 sinc
681 705 719 766 ad
749 706 912 768 fallendum
939 707 1100 782 inducere,
1121 705 1201 786 quod
1221 705 1287 768 stilo

63 795 174 856 examine
190 802 219 855 et
233 793 349 855 ratione
366 791 537 868 irriserunt,
562 790 641 853 sicut
681 789 810 870 simplici
824 789 869 850 usi
882 790 1005 866 luerint,
1017 801 1046 852 et
1062 790 1199 872 proprios
1214 807 1287 869 quo·

61 876 181 938 increduli
192 877 285 939 nostri
298 875 534 940 Christianorum
551 875 641 936 mira·
680 891 739 952 que
751 875 883 936 deiectus
898 873 1161 950 manifestaverint,
1178 890 1212 934 ac
1225 883 1287 935 tan·
1308 891 1312 896 ’

62 960 117 1022 cula
135 961 193 1022 sine
216 962 333 1022 ratione
359 969 388 1021 et
407 959 542 1021 examine
569 959 640 1020 irri-
680 956 808 1038 dempro
824 959 947 1020 veritate
960 969 1084 1020 mortem
1097 957 1284 1038 pertulerint.

63 1043 129 1106 dent.
147 1044 193 1107 llis
207 1044 333 1121 accedit,
354 1043 445 1124 quod,
466 1051 499 1105 ut
516 1050 641 1104 testatur
679 1037 738 1103 Sed
772 1042 844 1103 haec
873 1053 1049 1120 argumenta
1069 1043 1110 1102 nil
1134 1039 1284 1121 probant3

62 1125 180 1204 historia,
211 1129 272 1191 iam
298 1127 464 1190 viventibus
491 1126 640 1208 Apostolis
680 1143 749 1186 nam
762 1124 1289 1207 Apostolosambitioneplenossuis·

61 1229 108 1272 non
123 1231 152 1274 ex
173 1212 291 1276 ludaeis
319 1219 453 1290 tantum,
478 1211 529 1272 sed
549 1211 639 1272 etiam
679 1226 723 1286 se,
743 1218 773 1271 et
787 1210 866 1271 inter
877 1224 909 1272 se
923 1212 960 1272 de
977 1211 1104 1290 primatu
1123 1209 1289 1273 contentio-

62 1311 88 1355 er
98 1293 251 1359 Gentilibus
266 1296 353 1358 multi
366 1296 454 1358 hoen
472 1293 581 1357 Christi
591 1313 640 1356 su·
680 1311 733 1354 nes
752 1293 913 1370 habuisse,
945 1314 980 1356 ex
992 1291 1167 1378 'Evangeliis
1191 1302 1284 1374 patet.

60 1380 194 1460 sceperint,
221 1389 253 1444 et
274 1380 483 1461 Apostolorum
503 1379 639 1442 testimo·
679 1374 755 1438 llere
770 1396 852 1454 ergo,
868 1379 937 1440 dum
955 1379 1097 1440 miracula
1111 1378 1219 1443 Christi
1234 1397 1288 1439 an-

61 1462 104 1522 niis
119 1463 197 1526 firma
215 1465 275 1526 fide
293 1463 486 1526 inhaeserint.
680 1460 867 1536 nuntiarunt,
887 1465 1037 1544 propriam
1055 1464 1180 1542 gloriam
1208 1471 1238 1523 el
1255 1481 1286 1524 a·

93 1545 147 1610 oto.
169 1549 199 1612 2.
219 1545 331 1620 Quovis
357 1548 474 1610 saeculo
504 1546 639 1625 contigit,
680 1545 720 1605 lia
738 1545 894 1607 commoda
920 1557 1131 1627 speraverunt;
1151 1547 1218 1608 ideo
1238 1555 1287 1608 et·

60 1631 233 1694 ulmiracula
267 1631 368 1714 spuria
405 1645 434 1694 et
462 1631 639 1693 condotain
680 1629 739 1688 iam
759 1630 827 1690 stilo
846 1630 974 1710 simplici
998 1631 1043 1692 usi
1060 1637 1141 1709 sunt,
1162 1639 1194 1691 ut
1210 1630 1287 1692 laci·

60 1713 141 1791 vulgus
153 1726 376 1797 spargerentur,
389 1724 419 1776 et
435 1735 452 1777 a
466 1715 555 1777 variis
568 1733 642 1795 quo»
679 1711 737 1773 lius
759 1711 920 1794 decipiant;
940 1725 970 1775 et
994 1715 1128 1796 proprios
1154 1715 1287 1778 delectus

59 1813 103 1875 quo
117 1799 285 1862 auctoribus
301 1799 408 1862 litteris
426 1799 640 1876 consignaren-
681 1799 890 1877 propalarunt,
920 1809 952 1859 ut
981 1798 1179 1860 humilitatem
1212 1800 1286 1862 alle-

60 1885 105 1943 tur:
122 1901 186 1963 ergo
205 1884 263 1946 hoo
278 1883 357 1945 idem
373 1884 465 1945 etiam
480 1883 639 1963 Apostolo-
680 1891 772 1958 etent,
787 1891 816 1942 et
828 1883 870 1942 sic
889 1892 1030 1962 tanquam
1044 1901 1111 1944 vere
1128 1883 1223 1944 sancti
1236 1902 1285 1944 re-

58 1980 108 2025 rum
124 1985 190 2030 aevo
210 1968 384 2045 contingere
404 1967 512 2050 potuit3
533 1985 640 2049 quam·
681 1974 832 2046 putentur.
853 1965 993 2028 Carceres
1012 1985 1093 2043 vero,
1114 1967 1239 2029 verbera
1258 1973 1285 2028 et

58 2046 139 2112 obrem
156 2051 275 2133 scriptis
293 2070 413 2132 quoque
431 2069 533 2113 eorum
554 2049 640 2113 testi·
681 2058 805 2111 mortem
837 2051 1022 2131 pertulerunt
1049 2050 1077 2111 vi
1105 2051 1218 2128 coacti,
1239 2052 1286 2114 oui

59 2132 149 2196 moniis
164 2135 239 2198 Ades
256 2155 317 2198 non
336 2145 380 2196 est
398 2135 546 2198 habenda.
680 2135 819 2196 resistere
839 2134 921 2196 nullo
942 2135 1030 2196 modo
1047 2143 1218 2215 potuerunt.

89 2217 165 2298 Roop.
183 2217 214 2282 si
227 2219 382 2281 christiani
394 2219 515 2302 quidam
535 2229 640 2281 aueto-
721 2219 807 2298 Respo.
824 2217 888 2279 Non
909 2238 1062 2296 negamuS,
1085 2218 1243 2298 Apostolos
1255 2238 1287 2280 a·

58 2313 96 2361 res
110 2303 251 2366 miracula
266 2303 370 2364 liclitia
392 2312 639 2378 commemorant,
681 2301 845 2382 liquamdiu
872 2302 1028 2364 ambitioni
1056 2303 1087 2362 in
1112 2303 1201 2364 corde
1233 2323 1287 2366 suo

59 2380 127 2448 iacilo
152 2395 214 2465 est,
242 2406 294 2450 eos
322 2387 432 2449 nimiae
457 2387 641 2450 credulitatis
681 2386 778 2448 locum
802 2385 931 2463 dedisse,
956 2395 985 2448 et
1005 2387 1041 2447 de
1063 2385 1191 2466 primatu
1209 2406 1286 2450 con-

59 2469 227 2550 convinoere,
244 2471 324 2554 quod
339 2479 368 2533 et
386 2472 495 2533 lactum
511 2481 585 2533 esta
600 2471 641 2533 vi·
681 2469 828 2532 tentiones
856 2470 935 2532 inter
959 2488 991 2532 se
1020 2470 1186 2546 habuisse,
1217 2471 1287 2554 quia

56 2547 88 2609 ris
103 2553 196 2632 probis
214 2565 247 2617 et
263 2555 399 2630 eruditis,
419 2556 471 2636 qui
494 2556 575 2616 iuxta
594 2575 641 2617 sa·
681 2551 833 2616 communi
848 2553 1025 2616 ludaeorum
1045 2554 1228 2636 praeiudicio
1240 2575 1287 2618 ca-

55 2648 99 2696 nae
113 2635 227 2702 critices
245 2639 361 2716 regulas
374 2639 513 2701 lahulosa
525 2658 542 2700 a
552 2640 641 2702 certis
681 2639 723 2719 pti
740 2638 814 2700 salso
828 2637 1063 2716 arbitrabantur,
1077 2657 1095 2701 a
1111 2638 1227 2702 Christo
1242 2658 1288 2702 re·

55 2733 142 2797 magna
157 2741 225 2784 oum
246 2741 317 2784 cura
329 2732 359 2786 et
373 2723 525 2801 diligentia
543 2743 641 2786 secre·
679 2741 769 2800 gnum
796 2729 947 2801 terrenum
966 2722 1181 2784 instituendum
1202 2723 1285 2802 iore3

52 2812 149 2869 ‚vemat
177 2803 290 2870 Verum
309 2807 433 2868 acideo
456 2807 640 2888 repudianda
680 2807 732 2868 sed
748 2825 824 2868 vana
842 2807 917 2870 haec
929 2825 996 2888 spes
1015 2805 1183 2869 necessario
1198 2806 1287 2886 peni-

53 2889 216 2968 estaeritas,
245 2891 315 2973 quia
338 2891 524 2953 mendacium
550 2911 639 2974 saepe
681 2898 729 2952 tus
759 2891 878 2952 evanuit
912 2899 977 2971 post
1001 2889 1108 2954 Christi
1136 2898 1286 2969 mortem,

53 2970 459 3037 raritatislarvaminduit‘lan
478 2977 640 3056 repudian-
680 2973 1284 3057 quemextremosuppliciointeremptum

54 3047 97 3144 doe
111 3066 175 3121 sunt
187 3077 293 3120 omnes
303 3058 456 3136 historiae,
470 3060 540 3140 quia
554 3061 640 3121 multi
680 3059 825 3122 sciebant.
845 3059 966 3124 Constat
983 3077 1072 3140 porro
1094 3075 1130 3118 ex
1150 3057 1284 3138 historie,

50 3149 98 3196 tam
123 3139 238 3205 fabulas
261 3161 314 3224 pro
339 3142 471 3204 historiis
494 3144 638 3206 vendide'-
680 3161 769 3222 quam
782 3162 870 3205 nemo
885 3143 1013 3222 negavit,
1033 3151 1062 3203 et
1081 3151 1287 3206 eventuscon·

53 3222 124 3314 rput‘l
136 3225 179 3287 An
193 3226 267 3306 quia
282 3245 371 3308 saepe
390 3227 506 3288 nummi
521 3229 639 3290 adulte·
680 3227 819 3302 firmavit,
830 3227 985 3308 Apostolos
1003 3233 1070 3306 post
1079 3225 1285 3291 ascensionem

50 3304 100 3364 moi
124 3310 218 3388 sparsi
249 3319 339 3387 sunt,
369 3329 508 3373 nummos
537 3331 640 3374 omnes
681 3310 789 3374 Christi
808 3309 838 3371 in
862 3309 978 3372 coelum
998 3317 1027 3372 et
1045 3309 1204 3371 adtentum
1221 3309 1287 3393 Spi-

49 3397 117 3456 hunc
142 3391 285 3456 abiicient
309 3413 428 3472 sagaces
452 3393 640 3477 Philosophi?
681 3396 754 3457 ritus
766 3392 931 3471 S.,inalios
943 3412 1064 3476 prorsus
1074 3393 1154 3455 viros
1169 3396 1288 3476 sapien-

52 3463 170 3536 Ceterum
190 3477 357 3539 notandum
376 3488 432 3555 est,
455 3498 515 3540 non
540 3481 641 3542 omnia
682 3489 741 3556 tes,
770 3478 935 3559 intrepidos
964 3487 994 3540 et
1015 3486 1133 3539 sanctos
1160 3489 1287 3544 mutatos

50 3553 179 3621 miracula
194 3562 297 3643 spuria
310 3563 641 3644 eteonhetaesse,quee
681 3564 784 3626 luisse.
805 3561 875 3624 Ideo
898 3570 965 3642 post
978 3560 1086 3625 Christi
1105 3571 1231 3626 mortem
1250 3583 1287 3627 ne

49 3643 194 3732 trecenliori
220 3664 292 3707 aevo
313 3664 330 3707 a
356 3647 508 3708 nonnullis
525 3648 642 3711 Criticis
682 3648 838 3710 minimum
853 3645 972 3729 quidem
984 3645 1156 3708 ambitionis
1170 3646 1286 3724 signum

52 3725 307 3798 rigidioribusioeo
322 3738 436 3792 lantum
455 3730 565 3794 reiecta
579 3733 643 3794 lue·
683 3731 714 3792 in
733 3732 881 3812 Apostolis
899 3729 1125 3806 observabatur,
1141 3747 1176 3790 ac
1194 3730 1288 3792 insen·

53 3809 168 3889 laquie
186 3824 375 3890 argumenta,
390 3814 499 3896 quibus
511 3817 642 3897 proban·
684 3815 794 3878 sissimi
815 3813 979 3892 Religionis
993 3815 1173 3876 christianae
1188 3811 1287 3875 hostes

56 3893 103 3964 tur,
117 3893 189 3974 ipsis
206 3897 384 3960 satissolida
402 3899 464 3960 visa
482 3913 543 3960 non
561 3909 641 3962 sunt.
685 3918 735 3961 eos
754 3917 906 3979 nunquam
923 3898 959 3960 de
981 3897 1144 3978 ambitione
1163 3915 1287 3958 accusa·

54 3966 168 4052 Constat,
188 3987 307 4057 autem,
337 3982 416 4063 quod
445 3985 538 4045 multa
568 3985 644 4046 iacta
685 3990 764 4045 runt.
785 3979 1288 4060 Undenamergoincredulisciunt

54 4072 109 4149 vere
127 4063 324 4144 contigerint,
347 4086 424 4147 quae
443 4077 542 4130 tamen
561 4069 641 4130 sulii·
684 4068 841 4149 Apostolos
857 4067 886 4128 in
904 4066 1121 4149 praedieatione
1135 4061 1287 4150 Evangelii

55 4152 155 4206 oranter
168 4148 288 4227 probari
301 4169 361 4211 non
374 4161 509 4232 possunt,
527 4152 645 4234 etquod
686 4150 836 4233 propriam
855 4152 978 4229 gloriam
1003 4159 1033 4211 et
1055 4149 1114 4210 alia
1130 4149 1288 4212 commoda

53 4235 177 4320 constans
205 4240 235 4294 et
258 4233 416 4297 uniformis
447 4235 565 4298 traditio
592 4253 645 4297 va·
686 4237 868 4317 quaesiisse?
891 4235 920 4297 id
948 4235 992 4295 illi
1016 4233 1080 4293 sine
1097 4233 1179 4293 omni
1198 4252 1288 4312 argu-

53 4302 133 4374 lrdvus
160 4328 367 4396 argumentum
389 4319 458 4399 sit,
485 4338 579 4404 poam
608 4340 645 4383 u·
687 4329 800 4396 mento,
823 4321 883 4382 imo
899 4324 1000 4380 contra
1017 4316 1164 4378 rationem
1184 4317 1288 4381 deblass
