2962 4736
464 224 539 272 anns
558 226 602 272 ιιι.
627 224 729 272 sncrro
750 225 783 271 ιι.
806 225 901 272 carun
922 227 954 275 ι.
1226 215 1287 278 5ι3

82 304 273 368 infallibilem
294 303 686 369 auctoritatemilessater·
724 308 919 369 cumstantias
947 312 978 368 et
1007 305 1163 370 hominum
1195 310 1327 374 actiones

83 409 120 474 go
138 391 264 452 hiscein
287 389 462 452 veritatibus
487 389 534 452 ius
562 389 685 452 rationis
724 389 865 470 applicat,
898 397 928 452 et
947 389 989 452 ita
1016 394 1226 457 tractationem
1249 414 1327 476 pro·

83 475 182 554 quoad
200 493 323 538 examen
343 475 506 536 internum:
521 493 586 535 curn
604 475 684 535 euim
714 476 881 555 practicam
899 476 1057 538 construit.

83 557 163 620 Deus
177 559 238 620 felli
259 569 288 621 et
309 559 411 621 saltere
431 577 491 619 non
513 557 617 638 possit,
635 576 683 634 ea,
768 559 798 619 5.
820 557 853 619 ln
866 559 916 636 iis,
935 578 1012 639 quae
1027 560 1158 622 revelata
1172 571 1324 642 nonsuut,

84 661 162 722 quae
178 641 216 705 ab
234 643 300 725 ipso
329 645 509 718 revelantur,
533 651 686 704 cerasunt
725 651 755 705 et
772 643 809 704 ab
833 643 967 706 Ecclesia
992 645 1029 707 ad
1057 645 1238 706 credendum
1267 667 1327 709 non

82 745 138 807 per
150 746 195 804 se,
218 738 248 791 et
262 748 324 790 non
353 737 474 810 propter
496 725 621 790 rationis
635 745 685 790 as·
726 737 946 808 proponuntur,
970 729 1097 791 liberum
1126 729 1182 791 erit
1206 729 1326 808 iugenio

79 831 218 876 sensum.
727 813 857 874 humano
874 812 904 873 id
923 813 1046 890 sentire,
1066 812 1145 894 quod
1168 824 1235 894 post
1255 814 1326 877 dili-

725 916 798 976 gens
816 916 938 960 examen
959 897 1076 958 veritati
1100 899 1192 976 magis
1217 918 1327 961 conso·
1429 967 1431 971 ,

319 982 349 1054 ς.
373 989 450 1037 sos.
727 1002 797 1043 num
810 981 977 1064 apparebit,
989 981 1070 1043 iuxta
1085 983 1202 1044 celebre
1212 984 1325 1046 dictum

127 1094 330 1152 iblnlleltglons
344 1095 480 1142 illustranda
494 1095 518 1142 et
530 1097 643 1144 tradenda
667 1127 678 1136 .,
726 1065 756 1128 S·
774 1065 944 1162 Augustini:
968 1066 1034 1162 ‘¹1¹¹
1058 1067 1233 1130 necessariis
1258 1068 1327 1130 uni·

727 1159 783 1226 tas,
803 1151 834 1212 iu
857 1151 957 1212 dubus
976 1151 1110 1228 hbertas,
1134 1151 1166 1213 iu
1184 1151 1324 1215 omnihus

726 1235 844 1297 caritas.
863 1254 879 1297 a
899 1269 941 1280 -

127 1324 158 1386 l.
192 1321 265 1387 Cum
296 1325 369 1386 varii
400 1324 518 1402 generis
546 1325 685 1388 veritates
768 1320 798 1386 6.
815 1317 849 1382 ln
872 1317 1324 1398 tradendaReligionerationis

81 1408 232 1470 revelatae
251 1409 281 1469 in
303 1406 334 1470 S.
354 1407 506 1491 Scriptura
525 1419 555 1472 et
578 1409 684 1471 Tradi-
725 1402 772 1465 ius
791 1411 821 1464 et
838 1403 967 1464 officium
983 1412 1040 1480 est,
1068 1413 1100 1465 ut
1128 1403 1248 1465 modum
1266 1405 1323 1466 do·

81 1493 167 1556 tione
192 1493 339 1573 sparsim,
373 1503 475 1574 utpote
502 1494 533 1557 iu
561 1493 685 1556 diversis
724 1487 809 1549 cendi
819 1487 988 1551 auditorum
1002 1487 1096 1549 indoli
1107 1489 1320 1551 accommodet.

82 1575 294 1640 occasionibus
316 1579 460 1658 prolatae,
480 1576 682 1653 inveniantur,
725 1571 853 1634 Eaedem
887 1571 965 1633 enim
998 1569 1161 1650 Religionis
1184 1573 1322 1636 veritates

81 1661 160 1726 ratio
174 1660 253 1737 illas,
273 1680 350 1742 quae
362 1661 399 1723 ad
417 1663 576 1742 specialem
591 1663 685 1726 disci·
726 1674 784 1716 uon
806 1675 866 1717 uno
891 1673 1008 1735 semper
1035 1657 1201 1737 eodemque
1234 1658 1321 1721 ruodo

81 1745 197 1827 plinam
216 1745 413 1824 theologicam
429 1755 577 1827 spectant,
596 1747 684 1808 colli·
725 1740 801 1801 tradi
820 1748 1006 1821 possunt-
1022 1739 1117 1802 Aliter
1134 1741 1213 1801 enim
1227 1739 1322 1804 Theo·

79 1830 135 1909 git,
157 1837 186 1892 el
204 1829 245 1890 ita
260 1830 290 1891 iu
305 1831 439 1898 ordinem
463 1831 583 1908 redigit,
601 1839 683 1893 utu·
724 1824 820 1902 legiae
836 1823 1008 1888 Candidatis
1032 1823 1063 1884 in
1088 1825 1215 1901 scholis,
1235 1827 1322 1888 aliter

80 1933 123 1976 na
139 1914 333 1976 alterilucem
353 1915 496 1990 affundat,
512 1933 615 1978 earum
631 1934 684 1978 ne·
724 1909 836 1989 pueris,
856 1908 943 1970 aliter
963 1908 1071 1970 adultis
1096 1908 1128 1968 in
1150 1905 1320 1972 Catechesi·

79 2016 138 2060 xus
157 1996 310 2078 appareat,
337 2007 368 2060 et
394 2018 513 2074 omnes,
538 2007 681 2080 quantum
722 1993 778 2054 bus
796 1993 1006 2074 proponendae
1031 2001 1112 2054 sunt.
1139 1991 1224 2054 Ratio
1250 2012 1319 2072 ergo

79 2081 149 2144 fieri
168 2090 276 2162 potest,
303 2081 359 2144 sub
378 2102 438 2144 uno
458 2084 562 2145 obtutu
588 2085 682 2146 collo·
722 2079 859 2140 veritates
874 2077 1025 2155 religionis
1049 2076 1183 2139 tradendi
1199 2077 1319 2150 modum

79 2173 201 2227 centur.
215 2163 348 2227 Sicratio
361 2168 539 2247 producitiu
552 2165 682 2232 Theolo-
703 2161 920 2225 'delerfflinare
945 2161 1045 2236 debet,
1075 2161 1126 2241 qui
1145 2163 1265 2223 allenlis
1283 2183 1320 2225 0-

77 2250 132 2327 gia
143 2251 348 2312 tractationem
364 2253 589 2331 septemplicem,
606 2272 682 2333 quae
722 2246 842 2310 mnibus
859 2245 1089 2308 circumstantiis
1102 2247 1233 2327 optimus
1246 2265 1319 2310 cer.-

81 2351 192 2409 inagna
202 2335 403 2398 emolumenta
419 2336 623 2416 allert(§lln.
635 2338 679 2417 l).
721 2339 814 2394 setur.

123 2417 155 2478 E.
170 2416 256 2479 Ratio
270 2419 423 2494 terminos,
442 2421 551 2503 quibus
570 2422 682 2485 doctri·

79 2520 140 2565 nae
158 2502 194 2562 ad
224 2500 446 2566 Revelationem
464 2514 633 2586 spectantes
647 2525 682 2567 e·
957 2508 1084 2580 ΒΑΜ·
1188 2567 1197 2577 .

78 2585 273 2661 nuntiantur,
299 2587 438 2666 explicat,
467 2590 612 2666 genuinas
627 2609 681 2651 ea·
896 2635 921 2682 tt.
936 2636 1039 2682 ,afim
1053 2636 1143 2683 temtus

77 2669 208 2733 rundem
241 2670 381 2732 notiones
416 2673 680 2750 distinctionibus,

79 2753 273 2836 paritatibus,
293 2755 436 2836 exemplis
453 2767 510 2819 etc.
542 2759 682 2821 clariores
765 2757 795 2819 ι’.
815 2753 947 2837 Systema
966 2756 1039 2820 utile
1058 2765 1103 2819 est
1128 2755 1166 2818 ad
1183 2753 1321 2818 veritates

78 2838 193 2915 reddit,
212 2838 322 2901 solidis
333 2841 499 2903 rationibus
513 2842 608 2919 -sulcit,
626 2841 682 2904 ad·
711 2840 916 2903 addiscendas
934 2849 964 2902 et
983 2840 1151 2915 tradendas,
1176 2858 1235 2899 non
1263 2859 1320 2900 au-

79 2922 302 2999 uotatiouibus,
330 2933 360 2984 et
384 2925 594 2988 reflexionibus
613 2927 683 3007 phi·
723 2935 780 2987 tem
801 2925 1002 2988 necessarium
1029 2925 1065 2986 ad
1093 2925 1160 2986 illus
1178 2923 1320 2984 evincen-

79 3005 247 3088 losophicis
265 3017 295 3069 et
313 3007 462 3072 historicis
480 3019 577 3086 ornat,
595 3021 623 3072 et
641 3011 684 3074 sic
722 3010 785 3072 das.
802 3008 994 3090 Nequaquam
1011 3027 1080 3087 ergo
1108 3009 1145 3070 de
1162 3014 1321 3088 systemate

80 3099 239 3173 promovet
251 3093 610 3158 tractationemerudttom
622 3096 681 3176 (t).
723 3095 801 3156 iusto
817 3094 1053 3172 magnificentius
1067 3091 1176 3154 sentire
1189 3099 1319 3171 oportet,

93 3212 99 3220 -
126 3175 158 3236 3.
182 3173 269 3236 Ratio
283 3194 319 3237 ex
349 3177 522 3240 veritatibus
547 3178 685 3242 revelatis
724 3196 821 3258 neque
836 3178 910 3239 alios
924 3178 962 3240 ob
981 3177 1070 3239 huius
1087 3177 1200 3238 formae
1222 3175 1321 3252 neglc-

80 3259 283 3323 cunctationes
300 3261 427 3337 deducit,
448 3263 536 3324 etsie
558 3263 683 3325 aliarum
724 3273 804 3324 ctum
819 3273 1010 3324 contemnere
1022 3263 1102 3323 licet.
1122 3259 1186 3322 Imo
1204 3259 1255 3339 qui
1270 3279 1321 3340 sy·

79 3343 241 3406 veritatum
272 3343 501 3408 theoreticarum
537 3347 685 3425 cognitio·
724 3343 1340 3422 sternuccndit,inanimccaveredehet,=

79 3427 394 3507 uemprogiguit.·Et
419 3431 444 3491 si
465 3431 616 3494 conclusio
645 3432 685 3494 ita
725 3431 876 3511 nepotius
908 3429 1046 3492 veritates
1070 3448 1125 3490 suo
1156 3429 1319 3508 systemati,

81 3518 130 3573 cst
144 3511 278 3586 evidens,
298 3520 329 3573 ut
357 3531 410 3592 per
439 3516 608 3595 oppositum
639 3535 688 3578 se·
724 3533 814 3596 quam
830 3523 956 3596 systema
974 3531 1060 3575 strum
1079 3513 1254 3575 veritatibus
1268 3531 1321 3574 ao·

83 3604 231 3675 queretur
255 3596 448 3674 simulasse,
480 3608 509 3661 et
528 3619 587 3660 non
606 3619 684 3676 esse,
725 3597 1322 3678 commodareconetur.Nonsystemave·

82 3697 140 3740 seu
160 3688 261 3760 aperta
279 3683 488 3760 contradictio,
509 3684 619 3763 exurgit
636 3683 685 3744 iu·
725 3684 829 3744 ritates
847 3684 995 3762 producit,
1014 3681 1064 3744 sed
1085 3683 1221 3744 veritates
1242 3689 1322 3744 recte

83 3763 124 3824 de
143 3765 258 3840 ceritas,
278 3782 330 3825 seu
350 3768 513 3846 propositio
533 3769 687 3849 theologice
727 3767 904 3848 propositae¹
923 3776 1038 3830 rectum
1066 3777 1192 3847 systema
1216 3764 1322 3845 progi-

84 3854 177 3924 cc-rto,
191 3857 220 3909 et
236 3850 385 3910 sententia
400 3851 469 3912 huic
487 3853 622 3932 opposita
641 3869 688 3915 er·
725 3859 830 3931 guurrt.

85 3949 183 3996 ronco
201 3931 282 3992 ouini
301 3932 365 3994 iure
388 3936 628 4017 appellatorii).
769 3935 799 3997 E.
815 3933 846 3996 ln
860 3933 1055 4016 explicatione
1065 3932 1321 3995 notionumettcr·

128 4015 159 4077 4.
180 4014 267 4078 llatio
294 4034 328 4078 ex
347 4019 522 4082 veritatibus
542 4020 687 4083 theoreti·
727 4019 876 4082 minorum
898 4039 1000 4082 cavere
1024 4018 1111 4080 dehet
1133 4016 1222 4091 ratio,
1246 4034 1323 4077 nea

278 1218 304 1263 d·
316 1215 417 1262 Rationis
431 1215 490 1262 lura.

12 4087 27 4106 ⁸
81 4099 130 4162 cis
145 4119 219 4162 oraru
232 4102 378 4181 practicus
392 4104 480 4179 eruit,
501 4112 531 4166 et
552 4107 688 4168 veritates
727 4122 815 4166 sensu
834 4103 985 4166 Ecclesiae
1003 4111 1032 4163 et
1049 4101 1322 4179 Tlreologiuerecc-

83 4186 247 4266 practicaS,
264 4204 317 4247 scu
333 4187 413 4264 leges
432 4191 558 4251 morales
576 4191 689 4253 revela·
729 4188 796 4250 dat:
810 4188 877 4250 ideo
892 4205 950 4249 uon
965 4203 1081 4264 semper
1095 4203 1131 4246 ex
1143 4203 1246 4246 vocatur
1260 4184 1321 4264 Ety·

85 4278 131 4332 tas
148 4269 187 4330 ad
213 4269 309 4331 varios
334 4289 432 4347 casus,
449 4289 502 4335 scu
517 4275 595 4337 vitoe
626 4275 688 4337 cir·
729 4273 870 4350 molegio,
885 4289 920 4332 ex
934 4269 1108 4348 Philotogia,
1123 4270 1168 4331 tel
1187 4268 1323 4330 Philoso-

89 4365 147 4437 'tlt
162 4375 321 4426 intronata.
334 4378 418 4440 capi,
429 4378 618 4454 art.t,prop.2.
662 4373 669 4382 ”
713 4375 1318 4450 ·ιωριιιιιιιιφιῃ.ιιιιιιιι.ιιιιιιιιιοιι.[ι.1ιό

1216 4545 1242 4587 33
