<?xml version="1.0" encoding="UTF-8"?>
<!DOCTYPE html PUBLIC "-//W3C//DTD XHTML 1.0 Transitional//EN"
    "http://www.w3.org/TR/xhtml1/DTD/xhtml1-transitional.dtd">
<html xmlns="http://www.w3.org/1999/xhtml" xml:lang="en" lang="en">
 <head>
  <title>
</title>
<meta http-equiv="Content-Type" content="text/html;charset=utf-8" />
  <meta name='ocr-system' content='tesseract 3.04.00' />
  <meta name='ocr-capabilities' content='ocr_page ocr_carea ocr_par ocr_line ocrx_word'/>
</head>
<body>
  <div class='ocr_page' id='page_1' title='image "./institutionesth00knolgoog_0095.png"; bbox 0 0 2918 4734; ppageno 0'>
   <div class='ocr_carea' id='block_1_1' title="bbox 248 175 1301 402">
    <p class='ocr_par' dir='ltr' id='par_1_1' title="bbox 248 175 1301 402">
     <span class='ocr_line' id='line_1_1' title="bbox 248 175 1263 260; baseline 0.003 -3"><span class='ocrx_word' id='word_1_1' title='bbox 248 175 263 212; x_wconf 82' lang='lat'>‘</span> <span class='ocrx_word' id='word_1_2' title='bbox 445 209 519 257; x_wconf 79' lang='lat' dir='ltr'><strong>raas</strong></span> <span class='ocrx_word' id='word_1_3' title='bbox 540 209 561 256; x_wconf 91' lang='lat' dir='ltr'><strong>r.</strong></span> <span class='ocrx_word' id='word_1_4' title='bbox 586 209 688 258; x_wconf 81' lang='lat' dir='ltr'><strong>sacrm</strong></span> <span class='ocrx_word' id='word_1_5' title='bbox 709 212 740 258; x_wconf 90' lang='lat' dir='ltr'><strong>n.</strong></span> <span class='ocrx_word' id='word_1_6' title='bbox 764 212 858 258; x_wconf 83' lang='lat' dir='ltr'><strong>cnrur</strong></span> <span class='ocrx_word' id='word_1_7' title='bbox 878 211 920 260; x_wconf 83' lang='lat' dir='ltr'><strong>rr.</strong></span> <span class='ocrx_word' id='word_1_8' title='bbox 1223 195 1263 260; x_wconf 89' lang='lat'><strong>85</strong></span> 
     </span>
     <span class='ocr_line' id='line_1_2' title="bbox 256 290 1301 402; baseline 0.017 -62"><span class='ocrx_word' id='word_1_9' title='bbox 256 306 270 340; x_wconf 87' lang='grc'><em>;</em></span> <span class='ocrx_word' id='word_1_10' title='bbox 306 326 350 402; x_wconf 40' lang='grc' dir='ltr'><strong>,ς’</strong></span> <span class='ocrx_word' id='word_1_11' title='bbox 367 335 420 384; x_wconf 47' lang='grc' dir='ltr'><strong>Ι..</strong></span> <span class='ocrx_word' id='word_1_12' title='bbox 704 290 852 370; x_wconf 80' lang='lat' dir='ltr'>stinguere</span> <span class='ocrx_word' id='word_1_13' title='bbox 870 291 961 356; x_wconf 82' lang='lat' dir='ltr'><strong>iuvat.</strong></span> <span class='ocrx_word' id='word_1_14' title='bbox 988 293 1093 357; x_wconf 85' lang='lat' dir='ltr'><strong>Primo</strong></span> <span class='ocrx_word' id='word_1_15' title='bbox 1114 293 1213 360; x_wconf 75' lang='lat' dir='ltr'><strong>mose</strong></span> <span class='ocrx_word' id='word_1_16' title='bbox 1230 315 1301 359; x_wconf 89' lang='lat' dir='ltr'><strong>con·</strong></span> 
     </span>
    </p>
   </div>
   <div class='ocr_carea' id='block_1_2' title="bbox 61 375 1331 4397">
    <p class='ocr_par' dir='ltr' id='par_1_2' title="bbox 61 375 1331 4397">
     <span class='ocr_line' id='line_1_3' title="bbox 61 375 1166 437; baseline 0.01 -9"><span class='ocrx_word' id='word_1_17' title='bbox 61 409 65 428; x_wconf 80' lang='grc'><em>,</em></span> <span class='ocrx_word' id='word_1_18' title='bbox 706 375 765 436; x_wconf 82' lang='lat' dir='ltr'><strong>t&#39;ne</strong></span> <span class='ocrx_word' id='word_1_19' title='bbox 815 395 918 437; x_wconf 87' lang='lat' dir='ltr'><strong>vous</strong></span> <span class='ocrx_word' id='word_1_20' title='bbox 990 395 1024 437; x_wconf 89' lang='lat' dir='ltr'><strong>ur</strong></span> <span class='ocrx_word' id='word_1_21' title='bbox 1160 379 1166 392; x_wconf 88' lang='lat'>&#39;</span> 
     </span>
     <span class='ocr_line' id='line_1_4' title="bbox 89 378 1302 545; baseline 0.005 -26"><span class='ocrx_word' id='word_1_22' title='bbox 89 428 110 478; x_wconf 73' lang='lat'><strong>³·</strong></span> <span class='ocrx_word' id='word_1_23' title='bbox 123 432 654 545; x_wconf 54' lang='lat' dir='ltr'><strong>remissionemque</strong></span> <span class='ocrx_word' id='word_1_24' title='bbox 705 385 848 537; x_wconf 63' lang='lat' dir='ltr'><strong>initi</strong></span> <span class='ocrx_word' id='word_1_25' title='bbox 865 378 1167 541; x_wconf 45' lang='lat' dir='ltr'><strong>territis-,itit</strong></span> <span class='ocrx_word' id='word_1_26' title='bbox 1183 398 1302 542; x_wconf 70' lang='lat' dir='ltr'><strong>itti</strong></span> 
     </span>
     <span class='ocr_line' id='line_1_5' title="bbox 111 531 1301 624; baseline 0.009 -27"><span class='ocrx_word' id='word_1_27' title='bbox 111 531 145 598; x_wconf 88' lang='lat' dir='ltr'><strong>iit</strong></span> <span class='ocrx_word' id='word_1_28' title='bbox 164 555 198 598; x_wconf 87' lang='lat' dir='ltr'><strong>ex</strong></span> <span class='ocrx_word' id='word_1_29' title='bbox 215 537 373 620; x_wconf 80' lang='lat' dir='ltr'><strong>prophetia</strong></span> <span class='ocrx_word' id='word_1_30' title='bbox 389 557 442 622; x_wconf 93' lang='lat' dir='ltr'><strong>pro</strong></span> <span class='ocrx_word' id='word_1_31' title='bbox 461 540 614 606; x_wconf 88' lang='lat' dir='ltr'><strong>divinitate</strong></span> <span class='ocrx_word' id='word_1_32' title='bbox 630 564 665 606; x_wconf 91' lang='lat' dir='ltr'><strong>a·</strong></span> <span class='ocrx_word' id='word_1_33' title='bbox 706 544 878 624; x_wconf 91' lang='lat' dir='ltr'><strong>procedunt:</strong></span> <span class='ocrx_word' id='word_1_34' title='bbox 899 544 977 606; x_wconf 92' lang='lat' dir='ltr'><strong>circa</strong></span> <span class='ocrx_word' id='word_1_35' title='bbox 991 545 1045 606; x_wconf 88' lang='lat' dir='ltr'><strong>hos</strong></span> <span class='ocrx_word' id='word_1_36' title='bbox 1060 563 1144 607; x_wconf 90' lang='lat' dir='ltr'><strong>mens</strong></span> <span class='ocrx_word' id='word_1_37' title='bbox 1159 547 1301 622; x_wconf 90' lang='lat' dir='ltr'><strong>humana,</strong></span> 
     </span>
     <span class='ocr_line' id='line_1_6' title="bbox 75 619 1302 708; baseline 0.008 -27"><span class='ocrx_word' id='word_1_38' title='bbox 75 619 174 682; x_wconf 88' lang='lat' dir='ltr'><strong>licuius</strong></span> <span class='ocrx_word' id='word_1_39' title='bbox 189 622 355 699; x_wconf 88' lang='lat' dir='ltr'><strong>doctrinae,</strong></span> <span class='ocrx_word' id='word_1_40' title='bbox 374 643 427 686; x_wconf 88' lang='lat' dir='ltr'><strong>seu</strong></span> <span class='ocrx_word' id='word_1_41' title='bbox 442 644 495 706; x_wconf 91' lang='lat' dir='ltr'><strong>pro</strong></span> <span class='ocrx_word' id='word_1_42' title='bbox 510 626 666 697; x_wconf 74' lang='lat' dir='ltr'><strong>existentia</strong></span> <span class='ocrx_word' id='word_1_43' title='bbox 705 627 801 704; x_wconf 91' lang='lat' dir='ltr'><strong>legum</strong></span> <span class='ocrx_word' id='word_1_44' title='bbox 822 628 1007 708; x_wconf 73' lang='lat' dir='ltr'><strong>physicarum</strong></span> <span class='ocrx_word' id='word_1_45' title='bbox 1018 647 1078 690; x_wconf 91' lang='lat' dir='ltr'><strong>uon</strong></span> <span class='ocrx_word' id='word_1_46' title='bbox 1095 628 1209 708; x_wconf 83' lang='lat' dir='ltr'><strong>ignara,</strong></span> <span class='ocrx_word' id='word_1_47' title='bbox 1223 633 1302 694; x_wconf 86' lang='lat' dir='ltr'><strong>mui-</strong></span> 
     </span>
     <span class='ocr_line' id='line_1_7' title="bbox 73 703 1303 797; baseline 0.012 -34"><span class='ocrx_word' id='word_1_48' title='bbox 73 703 181 767; x_wconf 80' lang='lat' dir='ltr'><strong>divinae</strong></span> <span class='ocrx_word' id='word_1_49' title='bbox 216 705 417 769; x_wconf 86' lang='lat' dir='ltr'><strong>Revelationis</strong></span> <span class='ocrx_word' id='word_1_50' title='bbox 441 707 665 788; x_wconf 76' lang='lat' dir='ltr'><strong>&#39;argumentum</strong></span> <span class='ocrx_word' id='word_1_51' title='bbox 707 719 735 772; x_wconf 89' lang='lat' dir='ltr'><strong>ta</strong></span> <span class='ocrx_word' id='word_1_52' title='bbox 754 720 784 773; x_wconf 89' lang='lat' dir='ltr'><strong>et</strong></span> <span class='ocrx_word' id='word_1_53' title='bbox 801 712 972 792; x_wconf 86' lang='lat' dir='ltr'><strong>praevidere</strong></span> <span class='ocrx_word' id='word_1_54' title='bbox 989 721 1019 774; x_wconf 88' lang='lat' dir='ltr'><strong>et</strong></span> <span class='ocrx_word' id='word_1_55' title='bbox 1044 712 1213 795; x_wconf 80' lang='lat' dir='ltr'><strong>praedicere</strong></span> <span class='ocrx_word' id='word_1_56' title='bbox 1234 725 1303 797; x_wconf 91' lang='lat' dir='ltr'><strong>pot·</strong></span> 
     </span>
     <span class='ocr_line' id='line_1_8' title="bbox 72 789 1303 872; baseline 0.008 -22"><span class='ocrx_word' id='word_1_57' title='bbox 72 798 175 851; x_wconf 91' lang='lat' dir='ltr'><strong>certum</strong></span> <span class='ocrx_word' id='word_1_58' title='bbox 191 789 348 867; x_wconf 87' lang='lat' dir='ltr'><strong>educatur,</strong></span> <span class='ocrx_word' id='word_1_59' title='bbox 363 810 483 854; x_wconf 87' lang='lat' dir='ltr'><strong>necesse</strong></span> <span class='ocrx_word' id='word_1_60' title='bbox 497 802 553 872; x_wconf 87' lang='lat' dir='ltr'><strong>est,</strong></span> <span class='ocrx_word' id='word_1_61' title='bbox 570 805 603 857; x_wconf 90' lang='lat' dir='ltr'><strong>ut</strong></span> <span class='ocrx_word' id='word_1_62' title='bbox 617 815 667 858; x_wconf 92' lang='lat' dir='ltr'><strong>co·</strong></span> <span class='ocrx_word' id='word_1_63' title='bbox 705 803 760 856; x_wconf 91' lang='lat' dir='ltr'><strong>est.</strong></span> <span class='ocrx_word' id='word_1_64' title='bbox 781 793 927 867; x_wconf 82' lang='lat' dir='ltr'><strong>Quoniam</strong></span> <span class='ocrx_word' id='word_1_65' title='bbox 946 804 1045 859; x_wconf 90' lang='lat' dir='ltr'><strong>autem</strong></span> <span class='ocrx_word' id='word_1_66' title='bbox 1064 816 1123 859; x_wconf 92' lang='lat' dir='ltr'><strong>non</strong></span> <span class='ocrx_word' id='word_1_67' title='bbox 1142 816 1245 862; x_wconf 91' lang='lat' dir='ltr'><strong>omnes</strong></span> <span class='ocrx_word' id='word_1_68' title='bbox 1257 800 1303 860; x_wconf 88' lang='lat' dir='ltr'><strong>ie·</strong></span> 
     </span>
     <span class='ocr_line' id='line_1_9' title="bbox 71 873 1304 963; baseline 0.007 -28"><span class='ocrx_word' id='word_1_69' title='bbox 71 892 252 950; x_wconf 79' lang='lat' dir='ltr'><strong>gnoscamus,</strong></span> <span class='ocrx_word' id='word_1_70' title='bbox 270 873 455 957; x_wconf 81' lang='lat' dir='ltr'><strong>prophetiam</strong></span> <span class='ocrx_word' id='word_1_71' title='bbox 480 886 550 940; x_wconf 89' lang='lat' dir='ltr'><strong>ante</strong></span> <span class='ocrx_word' id='word_1_72' title='bbox 572 898 665 942; x_wconf 87' lang='lat' dir='ltr'><strong>even·</strong></span> <span class='ocrx_word' id='word_1_73' title='bbox 703 897 766 958; x_wconf 88' lang='lat' dir='ltr'><strong>ges,</strong></span> <span class='ocrx_word' id='word_1_74' title='bbox 786 879 922 961; x_wconf 89' lang='lat' dir='ltr'><strong>viresque</strong></span> <span class='ocrx_word' id='word_1_75' title='bbox 933 889 1056 942; x_wconf 88' lang='lat' dir='ltr'><strong>naturae</strong></span> <span class='ocrx_word' id='word_1_76' title='bbox 1071 881 1176 943; x_wconf 88' lang='lat' dir='ltr'><strong>intime</strong></span> <span class='ocrx_word' id='word_1_77' title='bbox 1190 883 1304 963; x_wconf 90' lang='lat' dir='ltr'><strong>perspi·</strong></span> 
     </span>
     <span class='ocr_line' id='line_1_10' title="bbox 73 958 1303 1047; baseline 0.008 -29"><span class='ocrx_word' id='word_1_78' title='bbox 73 965 127 1019; x_wconf 92' lang='lat' dir='ltr'><strong>tum</strong></span> <span class='ocrx_word' id='word_1_79' title='bbox 146 959 293 1040; x_wconf 85' lang='lat' dir='ltr'><strong>prolatam</strong></span> <span class='ocrx_word' id='word_1_80' title='bbox 311 958 419 1038; x_wconf 87' lang='lat' dir='ltr'><strong>luisse,</strong></span> <span class='ocrx_word' id='word_1_81' title='bbox 440 961 523 1023; x_wconf 92' lang='lat' dir='ltr'><strong>nullo</strong></span> <span class='ocrx_word' id='word_1_82' title='bbox 545 961 665 1042; x_wconf 89' lang='lat' dir='ltr'><strong>ingenio</strong></span> <span class='ocrx_word' id='word_1_83' title='bbox 705 963 757 1040; x_wconf 89' lang='lat' dir='ltr'><strong>cit,</strong></span> <span class='ocrx_word' id='word_1_84' title='bbox 771 961 837 1025; x_wconf 88' lang='lat' dir='ltr'><strong>idco</strong></span> <span class='ocrx_word' id='word_1_85' title='bbox 848 963 914 1026; x_wconf 93' lang='lat' dir='ltr'><strong>ilios</strong></span> <span class='ocrx_word' id='word_1_86' title='bbox 924 972 1046 1025; x_wconf 79' lang='lat' dir='ltr'><strong>eventus</strong></span> <span class='ocrx_word' id='word_1_87' title='bbox 1059 966 1208 1028; x_wconf 87' lang='lat' dir='ltr'><strong>naturales</strong></span> <span class='ocrx_word' id='word_1_88' title='bbox 1219 985 1303 1047; x_wconf 88' lang='lat' dir='ltr'><strong>prac-</strong></span> 
     </span>
     <span class='ocr_line' id='line_1_11' title="bbox 72 1039 1303 1129; baseline 0.006 -26"><span class='ocrx_word' id='word_1_89' title='bbox 72 1039 205 1120; x_wconf 89' lang='lat' dir='ltr'><strong>hnmano,</strong></span> <span class='ocrx_word' id='word_1_90' title='bbox 232 1062 286 1105; x_wconf 89' lang='lat' dir='ltr'><strong>seu</strong></span> <span class='ocrx_word' id='word_1_91' title='bbox 309 1044 392 1104; x_wconf 90' lang='lat' dir='ltr'><strong>linito</strong></span> <span class='ocrx_word' id='word_1_92' title='bbox 406 1043 493 1105; x_wconf 89' lang='lat' dir='ltr'><strong>-sine</strong></span> <span class='ocrx_word' id='word_1_93' title='bbox 516 1045 569 1107; x_wconf 87' lang='lat' dir='ltr'><strong>liei</strong></span> <span class='ocrx_word' id='word_1_94' title='bbox 590 1065 665 1111; x_wconf 89' lang='lat' dir='ltr'><strong>cou-</strong></span> <span class='ocrx_word' id='word_1_95' title='bbox 704 1045 804 1108; x_wconf 91' lang='lat' dir='ltr'><strong>dicere</strong></span> <span class='ocrx_word' id='word_1_96' title='bbox 818 1048 932 1128; x_wconf 91' lang='lat' dir='ltr'><strong>nequit,</strong></span> <span class='ocrx_word' id='word_1_97' title='bbox 950 1048 985 1108; x_wconf 83' lang='lat' dir='ltr'><strong>ad</strong></span> <span class='ocrx_word' id='word_1_98' title='bbox 1002 1065 1076 1127; x_wconf 89' lang='lat' dir='ltr'><strong>quos</strong></span> <span class='ocrx_word' id='word_1_99' title='bbox 1091 1049 1303 1129; x_wconf 78' lang='lat' dir='ltr'><strong>praecidendos</strong></span> 
     </span>
     <span class='ocr_line' id='line_1_12' title="bbox 72 1127 1303 1210; baseline 0.007 -24"><span class='ocrx_word' id='word_1_100' title='bbox 72 1143 150 1190; x_wconf 87' lang='lat' dir='ltr'><strong>cursu</strong></span> <span class='ocrx_word' id='word_1_101' title='bbox 173 1136 313 1190; x_wconf 80' lang='lat' dir='ltr'><strong>eventum</strong></span> <span class='ocrx_word' id='word_1_102' title='bbox 335 1127 499 1209; x_wconf 72' lang='lat' dir='ltr'><strong>praevideri</strong></span> <span class='ocrx_word' id='word_1_103' title='bbox 520 1132 663 1210; x_wconf 91' lang='lat' dir='ltr'><strong>potuisse,</strong></span> <span class='ocrx_word' id='word_1_104' title='bbox 704 1130 836 1192; x_wconf 90' lang='lat' dir='ltr'><strong>omnium</strong></span> <span class='ocrx_word' id='word_1_105' title='bbox 856 1133 951 1208; x_wconf 88' lang='lat' dir='ltr'><strong>legum</strong></span> <span class='ocrx_word' id='word_1_106' title='bbox 970 1132 1162 1206; x_wconf 88' lang='lat' dir='ltr'><strong>naturalium,</strong></span> <span class='ocrx_word' id='word_1_107' title='bbox 1179 1132 1303 1195; x_wconf 89' lang='lat' dir='ltr'><strong>virium-</strong></span> 
     </span>
     <span class='ocr_line' id='line_1_13' title="bbox 72 1209 1301 1296; baseline 0.007 -27"><span class='ocrx_word' id='word_1_108' title='bbox 72 1219 199 1273; x_wconf 86' lang='lat' dir='ltr'><strong>erantum</strong></span> <span class='ocrx_word' id='word_1_109' title='bbox 213 1229 282 1273; x_wconf 90' lang='lat' dir='ltr'><strong>cum</strong></span> <span class='ocrx_word' id='word_1_110' title='bbox 302 1209 441 1274; x_wconf 89' lang='lat' dir='ltr'><strong>omnibus</strong></span> <span class='ocrx_word' id='word_1_111' title='bbox 459 1213 521 1274; x_wconf 90' lang='lat' dir='ltr'><strong>suis</strong></span> <span class='ocrx_word' id='word_1_112' title='bbox 539 1213 666 1278; x_wconf 89' lang='lat' dir='ltr'><strong>circum·</strong></span> <span class='ocrx_word' id='word_1_113' title='bbox 703 1233 762 1295; x_wconf 88' lang='lat' dir='ltr'><strong>que</strong></span> <span class='ocrx_word' id='word_1_114' title='bbox 791 1215 939 1295; x_wconf 83' lang='lat' dir='ltr'><strong>agentium</strong></span> <span class='ocrx_word' id='word_1_115' title='bbox 970 1213 1142 1296; x_wconf 75' lang='lat' dir='ltr'><strong>compienne</strong></span> <span class='ocrx_word' id='word_1_116' title='bbox 1166 1217 1301 1294; x_wconf 83' lang='lat' dir='ltr'><strong>cognosci</strong></span> 
     </span>
     <span class='ocr_line' id='line_1_14' title="bbox 69 1295 1303 1380; baseline 0.006 -26"><span class='ocrx_word' id='word_1_117' title='bbox 69 1295 664 1380; x_wconf 82' lang='lat' dir='ltr'><strong>stantiisprophetiaeexactorespondis·</strong></span> <span class='ocrx_word' id='word_1_118' title='bbox 704 1298 837 1361; x_wconf 87' lang='lat' dir='ltr'><strong>deberat:</strong></span> <span class='ocrx_word' id='word_1_119' title='bbox 867 1299 909 1360; x_wconf 91' lang='lat' dir='ltr'><strong>sic</strong></span> <span class='ocrx_word' id='word_1_120' title='bbox 939 1298 1050 1380; x_wconf 89' lang='lat' dir='ltr'><strong>pariter</strong></span> <span class='ocrx_word' id='word_1_121' title='bbox 1075 1297 1150 1362; x_wconf 92' lang='lat' dir='ltr'><strong>ratio</strong></span> <span class='ocrx_word' id='word_1_122' title='bbox 1173 1299 1303 1362; x_wconf 85' lang='lat' dir='ltr'><strong>humana</strong></span> 
     </span>
     <span class='ocr_line' id='line_1_15' title="bbox 69 1379 1302 1467; baseline 0.006 -28"><span class='ocrx_word' id='word_1_123' title='bbox 69 1395 107 1454; x_wconf 87' lang='lat' dir='ltr'><strong>se,</strong></span> <span class='ocrx_word' id='word_1_124' title='bbox 119 1386 148 1441; x_wconf 91' lang='lat' dir='ltr'><strong>et</strong></span> <span class='ocrx_word' id='word_1_125' title='bbox 158 1379 348 1462; x_wconf 88' lang='lat' dir='ltr'><strong>prophetiam</strong></span> <span class='ocrx_word' id='word_1_126' title='bbox 361 1399 434 1443; x_wconf 88' lang='lat' dir='ltr'><strong>cum</strong></span> <span class='ocrx_word' id='word_1_127' title='bbox 446 1380 581 1446; x_wconf 85' lang='lat' dir='ltr'><strong>doctrina</strong></span> <span class='ocrx_word' id='word_1_128' title='bbox 592 1401 664 1467; x_wconf 91' lang='lat' dir='ltr'><strong>pro·</strong></span> <span class='ocrx_word' id='word_1_129' title='bbox 705 1383 874 1463; x_wconf 89' lang='lat' dir='ltr'><strong>praedicere</strong></span> <span class='ocrx_word' id='word_1_130' title='bbox 897 1401 957 1443; x_wconf 92' lang='lat' dir='ltr'><strong>non</strong></span> <span class='ocrx_word' id='word_1_131' title='bbox 983 1389 1078 1463; x_wconf 93' lang='lat' dir='ltr'><strong>potest</strong></span> <span class='ocrx_word' id='word_1_132' title='bbox 1097 1392 1231 1458; x_wconf 87' lang='lat' dir='ltr'><strong>eventus,</strong></span> <span class='ocrx_word' id='word_1_133' title='bbox 1251 1385 1302 1466; x_wconf 92' lang='lat' dir='ltr'><strong>qni</strong></span> 
     </span>
     <span class='ocr_line' id='line_1_16' title="bbox 69 1463 1303 1547; baseline 0.004 -22"><span class='ocrx_word' id='word_1_134' title='bbox 69 1464 158 1544; x_wconf 88' lang='lat' dir='ltr'><strong>posita</strong></span> <span class='ocrx_word' id='word_1_135' title='bbox 178 1465 270 1527; x_wconf 88' lang='lat' dir='ltr'><strong>talem</strong></span> <span class='ocrx_word' id='word_1_136' title='bbox 289 1463 464 1526; x_wconf 79' lang='lat' dir='ltr'><strong>relationem</strong></span> <span class='ocrx_word' id='word_1_137' title='bbox 484 1464 614 1543; x_wconf 89' lang='lat' dir='ltr'><strong>habere,</strong></span> <span class='ocrx_word' id='word_1_138' title='bbox 634 1478 666 1531; x_wconf 92' lang='lat' dir='ltr'><strong>ut</strong></span> <span class='ocrx_word' id='word_1_139' title='bbox 704 1467 836 1528; x_wconf 91' lang='lat' dir='ltr'><strong>acansis</strong></span> <span class='ocrx_word' id='word_1_140' title='bbox 854 1466 999 1546; x_wconf 88' lang='lat' dir='ltr'><strong>pluribus,</strong></span> <span class='ocrx_word' id='word_1_141' title='bbox 1017 1466 1113 1547; x_wconf 89' lang='lat' dir='ltr'><strong>iisque</strong></span> <span class='ocrx_word' id='word_1_142' title='bbox 1128 1468 1303 1546; x_wconf 90' lang='lat' dir='ltr'><strong>contingen-</strong></span> 
     </span>
     <span class='ocr_line' id='line_1_17' title="bbox 68 1541 1331 1630; baseline 0.004 -22"><span class='ocrx_word' id='word_1_143' title='bbox 68 1547 189 1612; x_wconf 87' lang='lat' dir='ltr'><strong>iniiiius</strong></span> <span class='ocrx_word' id='word_1_144' title='bbox 200 1548 459 1610; x_wconf 84' lang='lat' dir='ltr'><strong>confirmationem</strong></span> <span class='ocrx_word' id='word_1_145' title='bbox 472 1551 587 1628; x_wconf 88' lang='lat' dir='ltr'><strong>prolata</strong></span> <span class='ocrx_word' id='word_1_146' title='bbox 602 1552 667 1614; x_wconf 91' lang='lat' dir='ltr'><strong>lne-</strong></span> <span class='ocrx_word' id='word_1_147' title='bbox 705 1549 803 1625; x_wconf 90' lang='lat' dir='ltr'><strong>tibus,</strong></span> <span class='ocrx_word' id='word_1_148' title='bbox 817 1549 968 1630; x_wconf 83' lang='lat' dir='ltr'><strong>nobisque</strong></span> <span class='ocrx_word' id='word_1_149' title='bbox 995 1550 1115 1626; x_wconf 85' lang='lat' dir='ltr'><strong>ignotis,</strong></span> <span class='ocrx_word' id='word_1_150' title='bbox 1147 1552 1302 1630; x_wconf 92' lang='lat' dir='ltr'><strong>oriuntur,</strong></span> <span class='ocrx_word' id='word_1_151' title='bbox 1320 1541 1331 1568; x_wconf 70' lang='lat'>⁸</span> 
     </span>
     <span class='ocr_line' id='line_1_18' title="bbox 67 1631 1302 1715; baseline 0.004 -23"><span class='ocrx_word' id='word_1_152' title='bbox 67 1631 112 1710; x_wconf 89' lang='lat' dir='ltr'><strong>rii;</strong></span> <span class='ocrx_word' id='word_1_153' title='bbox 130 1651 185 1696; x_wconf 90' lang='lat' dir='ltr'><strong>sen</strong></span> <span class='ocrx_word' id='word_1_154' title='bbox 202 1633 335 1695; x_wconf 80' lang='lat' dir='ltr'><strong>brevius:</strong></span> <span class='ocrx_word' id='word_1_155' title='bbox 356 1633 393 1695; x_wconf 90' lang='lat' dir='ltr'><strong>ad</strong></span> <span class='ocrx_word' id='word_1_156' title='bbox 411 1632 595 1715; x_wconf 84' lang='lat' dir='ltr'><strong>probandam</strong></span> <span class='ocrx_word' id='word_1_157' title='bbox 614 1653 665 1698; x_wconf 89' lang='lat' dir='ltr'><strong>re·</strong></span> <span class='ocrx_word' id='word_1_158' title='bbox 704 1633 877 1714; x_wconf 88' lang='lat' dir='ltr'><strong>praesertim</strong></span> <span class='ocrx_word' id='word_1_159' title='bbox 896 1634 920 1695; x_wconf 90' lang='lat' dir='ltr'><strong>si</strong></span> <span class='ocrx_word' id='word_1_160' title='bbox 936 1633 1054 1712; x_wconf 88' lang='lat' dir='ltr'><strong>longius</strong></span> <span class='ocrx_word' id='word_1_161' title='bbox 1068 1633 1163 1698; x_wconf 91' lang='lat' dir='ltr'><strong>adhuc</strong></span> <span class='ocrx_word' id='word_1_162' title='bbox 1181 1635 1302 1702; x_wconf 88' lang='lat' dir='ltr'><strong>distent:</strong></span> 
     </span>
     <span class='ocr_line' id='line_1_19' title="bbox 67 1715 1304 1797; baseline 0.003 -19"><span class='ocrx_word' id='word_1_163' title='bbox 67 1717 244 1780; x_wconf 87' lang='lat' dir='ltr'><strong>relationem</strong></span> <span class='ocrx_word' id='word_1_164' title='bbox 263 1715 395 1782; x_wconf 83' lang='lat' dir='ltr'><strong>divinam</strong></span> <span class='ocrx_word' id='word_1_165' title='bbox 405 1716 479 1779; x_wconf 88' lang='lat' dir='ltr'><strong>certi</strong></span> <span class='ocrx_word' id='word_1_166' title='bbox 494 1735 559 1780; x_wconf 87' lang='lat' dir='ltr'><strong>esse</strong></span> <span class='ocrx_word' id='word_1_167' title='bbox 574 1719 665 1782; x_wconf 89' lang='lat' dir='ltr'><strong>debc-</strong></span> <span class='ocrx_word' id='word_1_168' title='bbox 704 1717 745 1778; x_wconf 90' lang='lat' dir='ltr'><strong>sic</strong></span> <span class='ocrx_word' id='word_1_169' title='bbox 770 1735 849 1793; x_wconf 86' lang='lat' dir='ltr'><strong>eg.</strong></span> <span class='ocrx_word' id='word_1_170' title='bbox 877 1717 993 1778; x_wconf 91' lang='lat' dir='ltr'><strong>diutina</strong></span> <span class='ocrx_word' id='word_1_171' title='bbox 1020 1718 1201 1797; x_wconf 81' lang='lat' dir='ltr'><strong>experientia</strong></span> <span class='ocrx_word' id='word_1_172' title='bbox 1229 1728 1304 1782; x_wconf 89' lang='lat' dir='ltr'><strong>teste</strong></span> 
     </span>
     <span class='ocr_line' id='line_1_20' title="bbox 67 1800 1304 1883; baseline 0.006 -24"><span class='ocrx_word' id='word_1_173' title='bbox 67 1818 128 1863; x_wconf 90' lang='lat' dir='ltr'><strong>mus</strong></span> <span class='ocrx_word' id='word_1_174' title='bbox 144 1800 321 1863; x_wconf 77' lang='lat' dir='ltr'><strong>deveritat&#39;e</strong></span> <span class='ocrx_word' id='word_1_175' title='bbox 333 1801 556 1883; x_wconf 86' lang='lat' dir='ltr'><strong>prophetiarum</strong></span> <span class='ocrx_word' id='word_1_176' title='bbox 571 1803 664 1868; x_wconf 82' lang='lat' dir='ltr'><strong>hieto·</strong></span> <span class='ocrx_word' id='word_1_177' title='bbox 704 1819 791 1862; x_wconf 90' lang='lat' dir='ltr'><strong>nemo</strong></span> <span class='ocrx_word' id='word_1_178' title='bbox 813 1809 910 1881; x_wconf 88' lang='lat' dir='ltr'><strong>potest</strong></span> <span class='ocrx_word' id='word_1_179' title='bbox 934 1809 1013 1864; x_wconf 90' lang='lat' dir='ltr'><strong>certo</strong></span> <span class='ocrx_word' id='word_1_180' title='bbox 1037 1802 1207 1881; x_wconf 88' lang='lat' dir='ltr'><strong>praedicere</strong></span> <span class='ocrx_word' id='word_1_181' title='bbox 1227 1812 1304 1866; x_wconf 90' lang='lat' dir='ltr'><strong>tem-</strong></span> 
     </span>
     <span class='ocr_line' id='line_1_21' title="bbox 66 1884 1305 1965; baseline 0.002 -19"><span class='ocrx_word' id='word_1_182' title='bbox 66 1884 135 1959; x_wconf 84' lang='lat' dir='ltr'><strong>rim,</strong></span> <span class='ocrx_word' id='word_1_183' title='bbox 157 1885 373 1965; x_wconf 82' lang='lat' dir='ltr'><strong>philosophice,</strong></span> <span class='ocrx_word' id='word_1_184' title='bbox 398 1893 428 1947; x_wconf 87' lang='lat' dir='ltr'><strong>et</strong></span> <span class='ocrx_word' id='word_1_185' title='bbox 451 1887 586 1950; x_wconf 84' lang='lat' dir='ltr'><strong>relation.</strong></span> <span class='ocrx_word' id='word_1_186' title='bbox 609 1884 665 1950; x_wconf 87' lang='lat' dir='ltr'><strong>Sed</strong></span> <span class='ocrx_word' id='word_1_187' title='bbox 704 1892 831 1964; x_wconf 87' lang='lat' dir='ltr'><strong>pestates</strong></span> <span class='ocrx_word' id='word_1_188' title='bbox 846 1884 1167 1958; x_wconf 77' lang='lat' dir='ltr'><strong>futurorumanncrum</strong></span> <span class='ocrx_word' id='word_1_189' title='bbox 1184 1887 1305 1952; x_wconf 75' lang='lat' dir='ltr'><strong>etc.,Se·</strong></span> 
     </span>
     <span class='ocr_line' id='line_1_22' title="bbox 67 1966 1305 2050; baseline 0.003 -22"><span class='ocrx_word' id='word_1_190' title='bbox 67 1966 138 2030; x_wconf 92' lang='lat' dir='ltr'><strong>hanc</strong></span> <span class='ocrx_word' id='word_1_191' title='bbox 165 1968 316 2050; x_wconf 86' lang='lat' dir='ltr'><strong>triplicem</strong></span> <span class='ocrx_word' id='word_1_192' title='bbox 338 1968 563 2050; x_wconf 87' lang='lat' dir='ltr'><strong>prophetiarum</strong></span> <span class='ocrx_word' id='word_1_193' title='bbox 586 1972 666 2033; x_wconf 84' lang='lat' dir='ltr'><strong>veri·</strong></span> <span class='ocrx_word' id='word_1_194' title='bbox 703 1969 801 2032; x_wconf 84' lang='lat' dir='ltr'><strong>cundo</strong></span> <span class='ocrx_word' id='word_1_195' title='bbox 828 1969 927 2032; x_wconf 64' lang='lat' dir='ltr'><strong>cloccae</strong></span> <span class='ocrx_word' id='word_1_196' title='bbox 953 1970 1105 2031; x_wconf 86' lang='lat' dir='ltr'><strong>concernit</strong></span> <span class='ocrx_word' id='word_1_197' title='bbox 1136 1979 1259 2032; x_wconf 82' lang='lat' dir='ltr'><strong>eventus</strong></span> <span class='ocrx_word' id='word_1_198' title='bbox 1288 1991 1305 2032; x_wconf 88' lang='lat' dir='ltr'><strong>a</strong></span> 
     </span>
     <span class='ocr_line' id='line_1_23' title="bbox 67 2052 1305 2136; baseline 0.003 -23"><span class='ocrx_word' id='word_1_199' title='bbox 67 2059 152 2114; x_wconf 91' lang='lat' dir='ltr'><strong>tatem</strong></span> <span class='ocrx_word' id='word_1_200' title='bbox 171 2070 352 2132; x_wconf 76' lang='lat' dir='ltr'><strong>cognoscere</strong></span> <span class='ocrx_word' id='word_1_201' title='bbox 374 2060 454 2114; x_wconf 91' lang='lat' dir='ltr'><strong>certo</strong></span> <span class='ocrx_word' id='word_1_202' title='bbox 471 2063 501 2116; x_wconf 95' lang='lat' dir='ltr'><strong>et</strong></span> <span class='ocrx_word' id='word_1_203' title='bbox 519 2061 581 2116; x_wconf 92' lang='lat' dir='ltr'><strong>tuto</strong></span> <span class='ocrx_word' id='word_1_204' title='bbox 593 2074 665 2136; x_wconf 89' lang='lat' dir='ltr'><strong>pos·</strong></span> <span class='ocrx_word' id='word_1_205' title='bbox 704 2070 794 2114; x_wconf 87' lang='lat' dir='ltr'><strong>causa</strong></span> <span class='ocrx_word' id='word_1_206' title='bbox 814 2052 908 2114; x_wconf 91' lang='lat' dir='ltr'><strong>libera</strong></span> <span class='ocrx_word' id='word_1_207' title='bbox 937 2062 966 2115; x_wconf 92' lang='lat' dir='ltr'><strong>et</strong></span> <span class='ocrx_word' id='word_1_208' title='bbox 993 2053 1175 2131; x_wconf 85' lang='lat' dir='ltr'><strong>contingenti</strong></span> <span class='ocrx_word' id='word_1_209' title='bbox 1198 2073 1305 2134; x_wconf 85' lang='lat' dir='ltr'><strong>prore·</strong></span> 
     </span>
     <span class='ocr_line' id='line_1_24' title="bbox 68 2132 1301 2218; baseline 0.002 -22"><span class='ocrx_word' id='word_1_210' title='bbox 68 2154 182 2214; x_wconf 86' lang='lat' dir='ltr'><strong>sumus,</strong></span> <span class='ocrx_word' id='word_1_211' title='bbox 207 2145 299 2218; x_wconf 87' lang='lat' dir='ltr'><strong>atque</strong></span> <span class='ocrx_word' id='word_1_212' title='bbox 324 2135 392 2199; x_wconf 90' lang='lat' dir='ltr'><strong>ideo</strong></span> <span class='ocrx_word' id='word_1_213' title='bbox 414 2136 597 2216; x_wconf 88' lang='lat' dir='ltr'><strong>admittenda</strong></span> <span class='ocrx_word' id='word_1_214' title='bbox 621 2149 666 2202; x_wconf 88' lang='lat' dir='ltr'><strong>est</strong></span> <span class='ocrx_word' id='word_1_215' title='bbox 705 2132 833 2212; x_wconf 85' lang='lat' dir='ltr'><strong>trientes,</strong></span> <span class='ocrx_word' id='word_1_216' title='bbox 850 2137 893 2199; x_wconf 92' lang='lat' dir='ltr'><strong>uti</strong></span> <span class='ocrx_word' id='word_1_217' title='bbox 910 2143 979 2199; x_wconf 82' lang='lat' dir='ltr'><strong>sont</strong></span> <span class='ocrx_word' id='word_1_218' title='bbox 994 2137 1126 2199; x_wconf 89' lang='lat' dir='ltr'><strong>actiones</strong></span> <span class='ocrx_word' id='word_1_219' title='bbox 1141 2137 1301 2200; x_wconf 92' lang='lat' dir='ltr'><strong>humanae.</strong></span> 
     </span>
     <span class='ocr_line' id='line_1_25' title="bbox 66 2218 1304 2302; baseline 0.002 -22"><span class='ocrx_word' id='word_1_220' title='bbox 66 2219 228 2283; x_wconf 82' lang='lat' dir='ltr'><strong>subiectiva</strong></span> <span class='ocrx_word' id='word_1_221' title='bbox 246 2220 407 2283; x_wconf 84' lang='lat' dir='ltr'><strong>earundem</strong></span> <span class='ocrx_word' id='word_1_222' title='bbox 425 2221 615 2302; x_wconf 89' lang='lat' dir='ltr'><strong>possibilitas.</strong></span> <span class='ocrx_word' id='word_1_223' title='bbox 657 2275 658 2280; x_wconf 67' lang='grc'>,</span> <span class='ocrx_word' id='word_1_224' title='bbox 704 2218 788 2284; x_wconf 86' lang='lat' dir='ltr'><strong>Circa</strong></span> <span class='ocrx_word' id='word_1_225' title='bbox 806 2221 877 2283; x_wconf 89' lang='lat' dir='ltr'><strong>istas</strong></span> <span class='ocrx_word' id='word_1_226' title='bbox 895 2220 969 2282; x_wconf 89' lang='lat' dir='ltr'><strong>ratio</strong></span> <span class='ocrx_word' id='word_1_227' title='bbox 984 2221 1115 2287; x_wconf 90' lang='lat' dir='ltr'><strong>humana</strong></span> <span class='ocrx_word' id='word_1_228' title='bbox 1133 2240 1168 2285; x_wconf 88' lang='lat' dir='ltr'><strong>cx</strong></span> <span class='ocrx_word' id='word_1_229' title='bbox 1187 2222 1304 2300; x_wconf 87' lang='lat' dir='ltr'><strong>cognita</strong></span> 
     </span>
     <span class='ocr_line' id='line_1_26' title="bbox 103 2303 1304 2388; baseline 0.002 -24"><span class='ocrx_word' id='word_1_230' title='bbox 103 2305 133 2366; x_wconf 91' lang='lat' dir='ltr'><strong>i.</strong></span> <span class='ocrx_word' id='word_1_231' title='bbox 157 2305 275 2369; x_wconf 75' lang='lat' dir='ltr'><strong>Veritas</strong></span> <span class='ocrx_word' id='word_1_232' title='bbox 298 2304 439 2369; x_wconf 81' lang='lat' dir='ltr'><strong>historico</strong></span> <span class='ocrx_word' id='word_1_233' title='bbox 457 2315 520 2367; x_wconf 92' lang='lat' dir='ltr'><strong>tum</strong></span> <span class='ocrx_word' id='word_1_234' title='bbox 538 2305 574 2368; x_wconf 88' lang='lat' dir='ltr'><strong>dc</strong></span> <span class='ocrx_word' id='word_1_235' title='bbox 593 2325 665 2388; x_wconf 91' lang='lat' dir='ltr'><strong>pro·</strong></span> <span class='ocrx_word' id='word_1_236' title='bbox 705 2303 1304 2386; x_wconf 86' lang='lat' dir='ltr'><strong>hominisindoie‚educatione,passioni-</strong></span> 
     </span>
     <span class='ocr_line' id='line_1_27' title="bbox 67 2385 1304 2478; baseline 0.002 -29"><span class='ocrx_word' id='word_1_237' title='bbox 67 2385 163 2466; x_wconf 88' lang='lat' dir='ltr'><strong>phetia</strong></span> <span class='ocrx_word' id='word_1_238' title='bbox 184 2388 288 2451; x_wconf 88' lang='lat' dir='ltr'><strong>debito</strong></span> <span class='ocrx_word' id='word_1_239' title='bbox 307 2397 440 2470; x_wconf 89' lang='lat' dir='ltr'><strong>tempore</strong></span> <span class='ocrx_word' id='word_1_240' title='bbox 458 2390 582 2470; x_wconf 88' lang='lat' dir='ltr'><strong>prolata,</strong></span> <span class='ocrx_word' id='word_1_241' title='bbox 601 2399 663 2454; x_wconf 91' lang='lat' dir='ltr'><strong>tum</strong></span> <span class='ocrx_word' id='word_1_242' title='bbox 704 2387 760 2450; x_wconf 92' lang='lat' dir='ltr'><strong>hus</strong></span> <span class='ocrx_word' id='word_1_243' title='bbox 778 2397 835 2450; x_wconf 91' lang='lat' dir='ltr'><strong>etc.</strong></span> <span class='ocrx_word' id='word_1_244' title='bbox 856 2389 999 2450; x_wconf 90' lang='lat' dir='ltr'><strong>nonnulla</strong></span> <span class='ocrx_word' id='word_1_245' title='bbox 1016 2389 1137 2470; x_wconf 90' lang='lat' dir='ltr'><strong>quidem</strong></span> <span class='ocrx_word' id='word_1_246' title='bbox 1156 2390 1304 2478; x_wconf 82' lang='lat' dir='ltr'><strong>praevide·</strong></span> 
     </span>
     <span class='ocr_line' id='line_1_28' title="bbox 67 2471 1304 2558; baseline 0.002 -26"><span class='ocrx_word' id='word_1_247' title='bbox 67 2471 100 2532; x_wconf 89' lang='lat' dir='ltr'><strong>de</strong></span> <span class='ocrx_word' id='word_1_248' title='bbox 116 2483 228 2536; x_wconf 83' lang='lat' dir='ltr'><strong>eventu</strong></span> <span class='ocrx_word' id='word_1_249' title='bbox 249 2481 364 2549; x_wconf 91' lang='lat' dir='ltr'><strong>secuto,</strong></span> <span class='ocrx_word' id='word_1_250' title='bbox 382 2480 464 2535; x_wconf 88' lang='lat' dir='ltr'><strong>ceria</strong></span> <span class='ocrx_word' id='word_1_251' title='bbox 481 2473 546 2536; x_wconf 89' lang='lat' dir='ltr'><strong>lieri</strong></span> <span class='ocrx_word' id='word_1_252' title='bbox 569 2484 666 2557; x_wconf 91' lang='lat' dir='ltr'><strong>potest</strong></span> <span class='ocrx_word' id='word_1_253' title='bbox 704 2490 737 2535; x_wconf 90' lang='lat' dir='ltr'><strong>re</strong></span> <span class='ocrx_word' id='word_1_254' title='bbox 750 2472 1304 2558; x_wconf 78' lang='lat' dir='ltr'><strong>potcstznunennihitptenacertnu-</strong></span> 
     </span>
     <span class='ocr_line' id='line_1_29' title="bbox 65 2557 1304 2638; baseline 0 -18"><span class='ocrx_word' id='word_1_255' title='bbox 65 2557 273 2634; x_wconf 75' lang='lat' dir='ltr'><strong>prosecutione,</strong></span> <span class='ocrx_word' id='word_1_256' title='bbox 286 2574 340 2637; x_wconf 95' lang='lat' dir='ltr'><strong>per</strong></span> <span class='ocrx_word' id='word_1_257' title='bbox 350 2557 500 2637; x_wconf 88' lang='lat' dir='ltr'><strong>propriam</strong></span> <span class='ocrx_word' id='word_1_258' title='bbox 509 2559 665 2638; x_wconf 81' lang='lat' dir='ltr'><strong>experien-</strong></span> <span class='ocrx_word' id='word_1_259' title='bbox 704 2557 773 2620; x_wconf 89' lang='lat' dir='ltr'><strong>dine</strong></span> <span class='ocrx_word' id='word_1_260' title='bbox 784 2557 955 2638; x_wconf 89' lang='lat' dir='ltr'><strong>praedicere</strong></span> <span class='ocrx_word' id='word_1_261' title='bbox 964 2558 1052 2635; x_wconf 89' lang='lat' dir='ltr'><strong>vaiet,</strong></span> <span class='ocrx_word' id='word_1_262' title='bbox 1066 2566 1095 2619; x_wconf 90' lang='lat' dir='ltr'><strong>et</strong></span> <span class='ocrx_word' id='word_1_263' title='bbox 1106 2559 1130 2620; x_wconf 92' lang='lat' dir='ltr'><strong>si</strong></span> <span class='ocrx_word' id='word_1_264' title='bbox 1142 2577 1245 2633; x_wconf 89' lang='lat' dir='ltr'><strong>unam,</strong></span> <span class='ocrx_word' id='word_1_265' title='bbox 1260 2560 1304 2620; x_wconf 89' lang='lat' dir='ltr'><strong>vei</strong></span> 
     </span>
     <span class='ocr_line' id='line_1_30' title="bbox 67 2639 1303 2723; baseline 0.003 -24"><span class='ocrx_word' id='word_1_266' title='bbox 67 2639 147 2717; x_wconf 84' lang='lat' dir='ltr'><strong>ham,</strong></span> <span class='ocrx_word' id='word_1_267' title='bbox 160 2641 187 2702; x_wconf 92' lang='lat' dir='ltr'><strong>si</strong></span> <span class='ocrx_word' id='word_1_268' title='bbox 198 2659 236 2704; x_wconf 85' lang='lat' dir='ltr'><strong>ex</strong></span> <span class='ocrx_word' id='word_1_269' title='bbox 247 2659 299 2703; x_wconf 87' lang='lat' dir='ltr'><strong>ore</strong></span> <span class='ocrx_word' id='word_1_270' title='bbox 312 2641 475 2722; x_wconf 90' lang='lat' dir='ltr'><strong>prophetae</strong></span> <span class='ocrx_word' id='word_1_271' title='bbox 488 2643 665 2722; x_wconf 86' lang='lat' dir='ltr'><strong>praedictio·</strong></span> <span class='ocrx_word' id='word_1_272' title='bbox 704 2642 828 2704; x_wconf 90' lang='lat' dir='ltr'><strong>aiteram</strong></span> <span class='ocrx_word' id='word_1_273' title='bbox 845 2641 991 2703; x_wconf 89' lang='lat' dir='ltr'><strong>actionem</strong></span> <span class='ocrx_word' id='word_1_274' title='bbox 1017 2642 1187 2722; x_wconf 86' lang='lat' dir='ltr'><strong>praevidere</strong></span> <span class='ocrx_word' id='word_1_275' title='bbox 1203 2652 1303 2723; x_wconf 88' lang='lat' dir='ltr'><strong>queat,</strong></span> 
     </span>
     <span class='ocr_line' id='line_1_31' title="bbox 67 2723 1304 2807; baseline 0.002 -22"><span class='ocrx_word' id='word_1_276' title='bbox 67 2741 130 2786; x_wconf 91' lang='lat' dir='ltr'><strong>nem</strong></span> <span class='ocrx_word' id='word_1_277' title='bbox 161 2723 303 2800; x_wconf 89' lang='lat' dir='ltr'><strong>audiant,</strong></span> <span class='ocrx_word' id='word_1_278' title='bbox 324 2731 354 2786; x_wconf 91' lang='lat' dir='ltr'><strong>et</strong></span> <span class='ocrx_word' id='word_1_279' title='bbox 372 2733 510 2786; x_wconf 85' lang='lat' dir='ltr'><strong>eventum</strong></span> <span class='ocrx_word' id='word_1_280' title='bbox 537 2725 665 2807; x_wconf 90' lang='lat' dir='ltr'><strong>propriis</strong></span> <span class='ocrx_word' id='word_1_281' title='bbox 704 2733 784 2786; x_wconf 91' lang='lat' dir='ltr'><strong>certo</strong></span> <span class='ocrx_word' id='word_1_282' title='bbox 815 2734 912 2787; x_wconf 91' lang='lat' dir='ltr'><strong>tamen</strong></span> <span class='ocrx_word' id='word_1_283' title='bbox 943 2733 1035 2787; x_wconf 90' lang='lat' dir='ltr'><strong>totam</strong></span> <span class='ocrx_word' id='word_1_284' title='bbox 1061 2726 1187 2788; x_wconf 88' lang='lat' dir='ltr'><strong>alicuius</strong></span> <span class='ocrx_word' id='word_1_285' title='bbox 1215 2726 1304 2788; x_wconf 79' lang='lat' dir='ltr'><strong>vitam</strong></span> 
     </span>
     <span class='ocr_line' id='line_1_32' title="bbox 68 2807 1305 2891; baseline 0.003 -24"><span class='ocrx_word' id='word_1_286' title='bbox 68 2809 158 2869; x_wconf 87' lang='lat' dir='ltr'><strong>oculis</strong></span> <span class='ocrx_word' id='word_1_287' title='bbox 187 2807 328 2884; x_wconf 84' lang='lat' dir='ltr'><strong>videant,</strong></span> <span class='ocrx_word' id='word_1_288' title='bbox 355 2808 398 2871; x_wconf 90' lang='lat' dir='ltr'><strong>uti</strong></span> <span class='ocrx_word' id='word_1_289' title='bbox 422 2808 569 2890; x_wconf 79' lang='lat' dir='ltr'><strong>Apostoiis</strong></span> <span class='ocrx_word' id='word_1_290' title='bbox 587 2811 665 2872; x_wconf 90' lang='lat' dir='ltr'><strong>circa</strong></span> <span class='ocrx_word' id='word_1_291' title='bbox 705 2808 876 2890; x_wconf 88' lang='lat' dir='ltr'><strong>praedicere</strong></span> <span class='ocrx_word' id='word_1_292' title='bbox 898 2810 1012 2891; x_wconf 90' lang='lat' dir='ltr'><strong>nequit,</strong></span> <span class='ocrx_word' id='word_1_293' title='bbox 1032 2809 1102 2891; x_wconf 92' lang='lat' dir='ltr'><strong>quia</strong></span> <span class='ocrx_word' id='word_1_294' title='bbox 1124 2827 1227 2870; x_wconf 91' lang='lat' dir='ltr'><strong>omnes</strong></span> <span class='ocrx_word' id='word_1_295' title='bbox 1244 2809 1305 2871; x_wconf 93' lang='lat' dir='ltr'><strong>cir·</strong></span> 
     </span>
     <span class='ocr_line' id='line_1_33' title="bbox 67 2887 1304 2974; baseline 0.002 -23"><span class='ocrx_word' id='word_1_296' title='bbox 67 2887 171 2953; x_wconf 79' lang='lat' dir='ltr'><strong>Christi</strong></span> <span class='ocrx_word' id='word_1_297' title='bbox 188 2889 446 2956; x_wconf 86' lang='lat' dir='ltr'><strong>Resurrectionem</strong></span> <span class='ocrx_word' id='word_1_298' title='bbox 465 2893 598 2972; x_wconf 83' lang='lat' dir='ltr'><strong>contigit3</strong></span> <span class='ocrx_word' id='word_1_299' title='bbox 607 2911 663 2974; x_wconf 89' lang='lat' dir='ltr'><strong>po·</strong></span> <span class='ocrx_word' id='word_1_300' title='bbox 705 2893 909 2970; x_wconf 87' lang='lat' dir='ltr'><strong>cumstontias,</strong></span> <span class='ocrx_word' id='word_1_301' title='bbox 929 2893 960 2954; x_wconf 92' lang='lat' dir='ltr'><strong>in</strong></span> <span class='ocrx_word' id='word_1_302' title='bbox 978 2892 1086 2974; x_wconf 92' lang='lat' dir='ltr'><strong>quibus</strong></span> <span class='ocrx_word' id='word_1_303' title='bbox 1101 2892 1190 2953; x_wconf 93' lang='lat' dir='ltr'><strong>homo</strong></span> <span class='ocrx_word' id='word_1_304' title='bbox 1208 2910 1304 2954; x_wconf 82' lang='lat' dir='ltr'><strong>versa·</strong></span> 
     </span>
     <span class='ocr_line' id='line_1_34' title="bbox 66 2975 1304 3057; baseline 0.002 -22"><span class='ocrx_word' id='word_1_305' title='bbox 66 2976 148 3038; x_wconf 82' lang='lat' dir='ltr'><strong>cteris</strong></span> <span class='ocrx_word' id='word_1_306' title='bbox 165 2993 238 3038; x_wconf 81' lang='lat' dir='ltr'><strong>vero</strong></span> <span class='ocrx_word' id='word_1_307' title='bbox 256 2995 291 3037; x_wconf 81' lang='lat' dir='ltr'><strong>ex</strong></span> <span class='ocrx_word' id='word_1_308' title='bbox 306 2976 476 3038; x_wconf 87' lang='lat' dir='ltr'><strong>authentico</strong></span> <span class='ocrx_word' id='word_1_309' title='bbox 495 2977 664 3039; x_wconf 89' lang='lat' dir='ltr'><strong>testimonio</strong></span> <span class='ocrx_word' id='word_1_310' title='bbox 705 2986 789 3038; x_wconf 91' lang='lat' dir='ltr'><strong>turus</strong></span> <span class='ocrx_word' id='word_1_311' title='bbox 811 2985 866 3052; x_wconf 90' lang='lat' dir='ltr'><strong>est,</strong></span> <span class='ocrx_word' id='word_1_312' title='bbox 895 2995 955 3038; x_wconf 92' lang='lat' dir='ltr'><strong>non</strong></span> <span class='ocrx_word' id='word_1_313' title='bbox 974 2976 1155 3057; x_wconf 81' lang='lat' dir='ltr'><strong>praenoscit3</strong></span> <span class='ocrx_word' id='word_1_314' title='bbox 1175 2975 1304 3056; x_wconf 88' lang='lat' dir='ltr'><strong>denique</strong></span> 
     </span>
     <span class='ocr_line' id='line_1_35' title="bbox 68 3057 1316 3142; baseline 0.002 -24"><span class='ocrx_word' id='word_1_315' title='bbox 68 3057 101 3120; x_wconf 95' lang='lat' dir='ltr'><strong>de</strong></span> <span class='ocrx_word' id='word_1_316' title='bbox 112 3060 191 3121; x_wconf 88' lang='lat' dir='ltr'><strong>iacta</strong></span> <span class='ocrx_word' id='word_1_317' title='bbox 206 3059 285 3121; x_wconf 91' lang='lat' dir='ltr'><strong>insto</strong></span> <span class='ocrx_word' id='word_1_318' title='bbox 303 3062 663 3142; x_wconf 83' lang='lat' dir='ltr'><strong>temporapraedictionc,</strong></span> <span class='ocrx_word' id='word_1_319' title='bbox 705 3061 730 3124; x_wconf 91' lang='lat' dir='ltr'><strong>si</strong></span> <span class='ocrx_word' id='word_1_320' title='bbox 744 3061 882 3124; x_wconf 84' lang='lat' dir='ltr'><strong>deficiant</strong></span> <span class='ocrx_word' id='word_1_321' title='bbox 892 3060 1049 3142; x_wconf 91' lang='lat' dir='ltr'><strong>principia,</strong></span> <span class='ocrx_word' id='word_1_322' title='bbox 1060 3058 1104 3121; x_wconf 90' lang='lat' dir='ltr'><strong>uti</strong></span> <span class='ocrx_word' id='word_1_323' title='bbox 1116 3078 1145 3121; x_wconf 88' lang='lat' dir='ltr'><strong>e.</strong></span> <span class='ocrx_word' id='word_1_324' title='bbox 1163 3079 1191 3139; x_wconf 89' lang='lat' dir='ltr'><strong>g.</strong></span> <span class='ocrx_word' id='word_1_325' title='bbox 1205 3059 1230 3119; x_wconf 92' lang='lat' dir='ltr'><strong>si</strong></span> <span class='ocrx_word' id='word_1_326' title='bbox 1246 3059 1316 3121; x_wconf 88' lang='lat' dir='ltr'><strong>ho-·</strong></span> 
     </span>
     <span class='ocr_line' id='line_1_36' title="bbox 67 3142 1305 3228; baseline 0.002 -26"><span class='ocrx_word' id='word_1_327' title='bbox 67 3151 94 3203; x_wconf 91' lang='lat' dir='ltr'><strong>et</strong></span> <span class='ocrx_word' id='word_1_328' title='bbox 108 3143 146 3205; x_wconf 90' lang='lat' dir='ltr'><strong>de</strong></span> <span class='ocrx_word' id='word_1_329' title='bbox 164 3152 274 3206; x_wconf 83' lang='lat' dir='ltr'><strong>eventu</strong></span> <span class='ocrx_word' id='word_1_330' title='bbox 295 3153 430 3206; x_wconf 91' lang='lat' dir='ltr'><strong>accurate</strong></span> <span class='ocrx_word' id='word_1_331' title='bbox 453 3153 566 3222; x_wconf 89' lang='lat' dir='ltr'><strong>secuto,</strong></span> <span class='ocrx_word' id='word_1_332' title='bbox 586 3147 665 3228; x_wconf 90' lang='lat' dir='ltr'><strong>quod</strong></span> <span class='ocrx_word' id='word_1_333' title='bbox 706 3164 753 3206; x_wconf 93' lang='lat' dir='ltr'><strong>mo</strong></span> <span class='ocrx_word' id='word_1_334' title='bbox 768 3145 904 3207; x_wconf 59' lang='lat' dir='ltr'><strong>‘noradum</strong></span> <span class='ocrx_word' id='word_1_335' title='bbox 919 3145 1035 3218; x_wconf 84' lang='lat' dir='ltr'><strong>existat,</strong></span> <span class='ocrx_word' id='word_1_336' title='bbox 1052 3148 1081 3205; x_wconf 92' lang='lat' dir='ltr'><strong>et</strong></span> <span class='ocrx_word' id='word_1_337' title='bbox 1094 3142 1162 3204; x_wconf 92' lang='lat' dir='ltr'><strong>ideo</strong></span> <span class='ocrx_word' id='word_1_338' title='bbox 1182 3142 1245 3204; x_wconf 91' lang='lat' dir='ltr'><strong>eius</strong></span> <span class='ocrx_word' id='word_1_339' title='bbox 1260 3143 1305 3204; x_wconf 91' lang='lat' dir='ltr'><strong>in·</strong></span> 
     </span>
     <span class='ocr_line' id='line_1_37' title="bbox 66 3226 1305 3308; baseline 0.004 -24"><span class='ocrx_word' id='word_1_340' title='bbox 66 3236 200 3308; x_wconf 92' lang='lat' dir='ltr'><strong>respectu</strong></span> <span class='ocrx_word' id='word_1_341' title='bbox 223 3228 317 3290; x_wconf 91' lang='lat' dir='ltr'><strong>nostri</strong></span> <span class='ocrx_word' id='word_1_342' title='bbox 338 3228 376 3290; x_wconf 90' lang='lat' dir='ltr'><strong>de</strong></span> <span class='ocrx_word' id='word_1_343' title='bbox 395 3228 499 3290; x_wconf 84' lang='lat' dir='ltr'><strong>cadem</strong></span> <span class='ocrx_word' id='word_1_344' title='bbox 520 3227 664 3294; x_wconf 84' lang='lat' dir='ltr'><strong>iicsurre·</strong></span> <span class='ocrx_word' id='word_1_345' title='bbox 706 3228 800 3305; x_wconf 81' lang='lat' dir='ltr'><strong>doles,</strong></span> <span class='ocrx_word' id='word_1_346' title='bbox 813 3228 948 3290; x_wconf 88' lang='lat' dir='ltr'><strong>educatio</strong></span> <span class='ocrx_word' id='word_1_347' title='bbox 962 3236 990 3289; x_wconf 90' lang='lat' dir='ltr'><strong>et</strong></span> <span class='ocrx_word' id='word_1_348' title='bbox 1017 3226 1169 3308; x_wconf 89' lang='lat' dir='ltr'><strong>passiones</strong></span> <span class='ocrx_word' id='word_1_349' title='bbox 1181 3245 1240 3288; x_wconf 91' lang='lat' dir='ltr'><strong>non</strong></span> <span class='ocrx_word' id='word_1_350' title='bbox 1256 3247 1305 3289; x_wconf 92' lang='lat' dir='ltr'><strong>co-</strong></span> 
     </span>
     <span class='ocr_line' id='line_1_38' title="bbox 66 3309 1305 3392; baseline 0.002 -21"><span class='ocrx_word' id='word_1_351' title='bbox 66 3311 162 3373; x_wconf 89' lang='lat' dir='ltr'><strong>ctione</strong></span> <span class='ocrx_word' id='word_1_352' title='bbox 182 3309 292 3374; x_wconf 87' lang='lat' dir='ltr'><strong>Christi</strong></span> <span class='ocrx_word' id='word_1_353' title='bbox 310 3313 387 3374; x_wconf 85' lang='lat' dir='ltr'><strong>raiet</strong></span> <span class='ocrx_word' id='word_1_354' title='bbox 704 3320 899 3392; x_wconf 87' lang='lat' dir='ltr'><strong>gnoscantor,</strong></span> <span class='ocrx_word' id='word_1_355' title='bbox 919 3311 992 3372; x_wconf 93' lang='lat' dir='ltr'><strong>nihii</strong></span> <span class='ocrx_word' id='word_1_356' title='bbox 1015 3311 1051 3372; x_wconf 92' lang='lat' dir='ltr'><strong>de</strong></span> <span class='ocrx_word' id='word_1_357' title='bbox 1071 3311 1135 3392; x_wconf 89' lang='lat' dir='ltr'><strong>ipso</strong></span> <span class='ocrx_word' id='word_1_358' title='bbox 1151 3331 1177 3378; x_wconf 87' lang='lat' dir='ltr'><strong>a</strong></span> <span class='ocrx_word' id='word_1_359' title='bbox 1207 3321 1305 3374; x_wconf 87' lang='lat' dir='ltr'><strong>mente</strong></span> 
     </span>
     <span class='ocr_line' id='line_1_39' title="bbox 104 3393 1304 3478; baseline 0 -22"><span class='ocrx_word' id='word_1_360' title='bbox 104 3393 136 3458; x_wconf 78' lang='lat'><strong>2.</strong></span> <span class='ocrx_word' id='word_1_361' title='bbox 153 3395 474 3476; x_wconf 80' lang='lat' dir='ltr'><strong>Veritospitiiocopuico</strong></span> <span class='ocrx_word' id='word_1_362' title='bbox 493 3396 602 3461; x_wconf 86' lang='lat' dir='ltr'><strong>iudicio</strong></span> <span class='ocrx_word' id='word_1_363' title='bbox 615 3416 666 3478; x_wconf 90' lang='lat' dir='ltr'><strong>po·</strong></span> <span class='ocrx_word' id='word_1_364' title='bbox 706 3398 835 3458; x_wconf 92' lang='lat' dir='ltr'><strong>humana</strong></span> <span class='ocrx_word' id='word_1_365' title='bbox 861 3394 1015 3477; x_wconf 88' lang='lat' dir='ltr'><strong>praenosci</strong></span> <span class='ocrx_word' id='word_1_366' title='bbox 1040 3400 1069 3457; x_wconf 89' lang='lat' dir='ltr'><strong>et</strong></span> <span class='ocrx_word' id='word_1_367' title='bbox 1086 3394 1215 3477; x_wconf 89' lang='lat' dir='ltr'><strong>praedici</strong></span> <span class='ocrx_word' id='word_1_368' title='bbox 1235 3404 1304 3477; x_wconf 92' lang='lat' dir='ltr'><strong>pot-</strong></span> 
     </span>
     <span class='ocr_line' id='line_1_40' title="bbox 66 3477 1305 3560; baseline 0.001 -21"><span class='ocrx_word' id='word_1_369' title='bbox 66 3477 214 3540; x_wconf 86' lang='lat' dir='ltr'><strong>tissimum</strong></span> <span class='ocrx_word' id='word_1_370' title='bbox 236 3480 370 3556; x_wconf 86' lang='lat' dir='ltr'><strong>negativo</strong></span> <span class='ocrx_word' id='word_1_371' title='bbox 384 3478 531 3543; x_wconf 91' lang='lat' dir='ltr'><strong>innititur.</strong></span> <span class='ocrx_word' id='word_1_372' title='bbox 552 3479 664 3553; x_wconf 86' lang='lat' dir='ltr'><strong>Quam·</strong></span> <span class='ocrx_word' id='word_1_373' title='bbox 705 3489 760 3542; x_wconf 91' lang='lat' dir='ltr'><strong>est.</strong></span> <span class='ocrx_word' id='word_1_374' title='bbox 775 3478 907 3540; x_wconf 91' lang='lat' dir='ltr'><strong>—Idem</strong></span> <span class='ocrx_word' id='word_1_375' title='bbox 925 3479 1083 3541; x_wconf 91' lang='lat' dir='ltr'><strong>dicendum</strong></span> <span class='ocrx_word' id='word_1_376' title='bbox 1101 3480 1196 3541; x_wconf 90' lang='lat' dir='ltr'><strong>estde</strong></span> <span class='ocrx_word' id='word_1_377' title='bbox 1214 3480 1305 3560; x_wconf 84' lang='lat' dir='ltr'><strong>spiri·</strong></span> 
     </span>
     <span class='ocr_line' id='line_1_41' title="bbox 66 3561 1305 3645; baseline 0.002 -23"><span class='ocrx_word' id='word_1_378' title='bbox 66 3561 106 3624; x_wconf 86' lang='lat' dir='ltr'><strong>ris</strong></span> <span class='ocrx_word' id='word_1_379' title='bbox 120 3563 202 3625; x_wconf 91' lang='lat' dir='ltr'><strong>enim</strong></span> <span class='ocrx_word' id='word_1_380' title='bbox 220 3583 279 3625; x_wconf 93' lang='lat' dir='ltr'><strong>non</strong></span> <span class='ocrx_word' id='word_1_381' title='bbox 293 3563 441 3644; x_wconf 91' lang='lat' dir='ltr'><strong>possimus</strong></span> <span class='ocrx_word' id='word_1_382' title='bbox 456 3583 509 3645; x_wconf 91' lang='lat' dir='ltr'><strong>per</strong></span> <span class='ocrx_word' id='word_1_383' title='bbox 522 3565 663 3627; x_wconf 88' lang='lat' dir='ltr'><strong>iudicium</strong></span> <span class='ocrx_word' id='word_1_384' title='bbox 706 3564 784 3625; x_wconf 89' lang='lat' dir='ltr'><strong>tibus</strong></span> <span class='ocrx_word' id='word_1_385' title='bbox 808 3562 929 3626; x_wconf 89' lang='lat' dir='ltr'><strong>bomine</strong></span> <span class='ocrx_word' id='word_1_386' title='bbox 952 3563 1234 3645; x_wconf 86' lang='lat' dir='ltr'><strong>praestantioribus,</strong></span> <span class='ocrx_word' id='word_1_387' title='bbox 1253 3563 1305 3624; x_wconf 90' lang='lat' dir='ltr'><strong>sed</strong></span> 
     </span>
     <span class='ocr_line' id='line_1_42' title="bbox 66 3646 1305 3730; baseline 0.001 -24"><span class='ocrx_word' id='word_1_388' title='bbox 66 3647 224 3725; x_wconf 83' lang='lat' dir='ltr'><strong>positivum</strong></span> <span class='ocrx_word' id='word_1_389' title='bbox 241 3647 450 3725; x_wconf 88' lang='lat' dir='ltr'><strong>determinare,</strong></span> <span class='ocrx_word' id='word_1_390' title='bbox 465 3667 620 3730; x_wconf 87' lang='lat' dir='ltr'><strong>quousque</strong></span> <span class='ocrx_word' id='word_1_391' title='bbox 634 3667 665 3711; x_wconf 88' lang='lat' dir='ltr'><strong>se</strong></span> <span class='ocrx_word' id='word_1_392' title='bbox 706 3647 807 3708; x_wconf 90' lang='lat' dir='ltr'><strong>finitis.</strong></span> <span class='ocrx_word' id='word_1_393' title='bbox 826 3646 891 3724; x_wconf 92' lang='lat' dir='ltr'><strong>isti,</strong></span> <span class='ocrx_word' id='word_1_394' title='bbox 910 3648 980 3710; x_wconf 92' lang='lat' dir='ltr'><strong>licet</strong></span> <span class='ocrx_word' id='word_1_395' title='bbox 996 3647 1101 3708; x_wconf 91' lang='lat' dir='ltr'><strong>maiori</strong></span> <span class='ocrx_word' id='word_1_396' title='bbox 1125 3647 1305 3728; x_wconf 90' lang='lat' dir='ltr'><strong>perspicacia</strong></span> 
     </span>
     <span class='ocr_line' id='line_1_43' title="bbox 66 3729 1305 3812; baseline 0.002 -25"><span class='ocrx_word' id='word_1_397' title='bbox 66 3729 140 3792; x_wconf 82' lang='lat' dir='ltr'><strong>vires</strong></span> <span class='ocrx_word' id='word_1_398' title='bbox 164 3731 313 3792; x_wconf 91' lang='lat' dir='ltr'><strong>humanae</strong></span> <span class='ocrx_word' id='word_1_399' title='bbox 332 3732 410 3793; x_wconf 91' lang='lat' dir='ltr'><strong>circa</strong></span> <span class='ocrx_word' id='word_1_400' title='bbox 427 3733 614 3795; x_wconf 89' lang='lat' dir='ltr'><strong>coniecturas</strong></span> <span class='ocrx_word' id='word_1_401' title='bbox 629 3733 665 3794; x_wconf 90' lang='lat' dir='ltr'><strong>dc</strong></span> <span class='ocrx_word' id='word_1_402' title='bbox 705 3732 851 3809; x_wconf 88' lang='lat' dir='ltr'><strong>gaudeant</strong></span> <span class='ocrx_word' id='word_1_403' title='bbox 869 3731 900 3793; x_wconf 93' lang='lat' dir='ltr'><strong>in</strong></span> <span class='ocrx_word' id='word_1_404' title='bbox 919 3732 1007 3794; x_wconf 90' lang='lat' dir='ltr'><strong>rebus</strong></span> <span class='ocrx_word' id='word_1_405' title='bbox 1029 3731 1252 3812; x_wconf 89' lang='lat' dir='ltr'><strong>perspiciendis,</strong></span> <span class='ocrx_word' id='word_1_406' title='bbox 1276 3737 1305 3791; x_wconf 89' lang='lat' dir='ltr'><strong>et</strong></span> 
     </span>
     <span class='ocr_line' id='line_1_44' title="bbox 68 3811 1305 3896; baseline 0.001 -25"><span class='ocrx_word' id='word_1_407' title='bbox 68 3812 170 3875; x_wconf 90' lang='lat' dir='ltr'><strong>iuturis</strong></span> <span class='ocrx_word' id='word_1_408' title='bbox 188 3815 367 3894; x_wconf 78' lang='lat' dir='ltr'><strong>extendant3</strong></span> <span class='ocrx_word' id='word_1_409' title='bbox 387 3814 543 3896; x_wconf 87' lang='lat' dir='ltr'><strong>possumus</strong></span> <span class='ocrx_word' id='word_1_410' title='bbox 567 3825 665 3879; x_wconf 88' lang='lat' dir='ltr'><strong>tamen</strong></span> <span class='ocrx_word' id='word_1_411' title='bbox 707 3814 915 3891; x_wconf 88' lang='lat' dir='ltr'><strong>diiudicandis,</strong></span> <span class='ocrx_word' id='word_1_412' title='bbox 929 3811 1305 3878; x_wconf 86' lang='lat' dir='ltr'><strong>nuliatenustamenactio·</strong></span> 
     </span>
     <span class='ocr_line' id='line_1_45' title="bbox 69 3895 1303 3977; baseline -0.002 -20"><span class='ocrx_word' id='word_1_413' title='bbox 69 3914 116 3974; x_wconf 88' lang='lat' dir='ltr'><strong>per</strong></span> <span class='ocrx_word' id='word_1_414' title='bbox 129 3898 276 3960; x_wconf 91' lang='lat' dir='ltr'><strong>iudicium</strong></span> <span class='ocrx_word' id='word_1_415' title='bbox 294 3899 459 3976; x_wconf 86' lang='lat' dir='ltr'><strong>negativum</strong></span> <span class='ocrx_word' id='word_1_416' title='bbox 475 3908 552 3963; x_wconf 91' lang='lat' dir='ltr'><strong>certo</strong></span> <span class='ocrx_word' id='word_1_417' title='bbox 565 3901 665 3964; x_wconf 88' lang='lat' dir='ltr'><strong>deter·</strong></span> <span class='ocrx_word' id='word_1_418' title='bbox 706 3917 758 3961; x_wconf 91' lang='lat' dir='ltr'><strong>nes</strong></span> <span class='ocrx_word' id='word_1_419' title='bbox 784 3899 914 3962; x_wconf 81' lang='lat' dir='ltr'><strong>hominis</strong></span> <span class='ocrx_word' id='word_1_420' title='bbox 941 3899 1050 3962; x_wconf 89' lang='lat' dir='ltr'><strong>liberas</strong></span> <span class='ocrx_word' id='word_1_421' title='bbox 1062 3897 1259 3977; x_wconf 87' lang='lat' dir='ltr'><strong>-praesertim</strong></span> <span class='ocrx_word' id='word_1_422' title='bbox 1279 3895 1303 3955; x_wconf 93' lang='lat' dir='ltr'><strong>si</strong></span> 
     </span>
     <span class='ocr_line' id='line_1_46' title="bbox 68 3980 1305 4064; baseline -0.002 -24"><span class='ocrx_word' id='word_1_423' title='bbox 68 3980 192 4058; x_wconf 90' lang='lat' dir='ltr'><strong>minare,</strong></span> <span class='ocrx_word' id='word_1_424' title='bbox 209 4001 365 4064; x_wconf 87' lang='lat' dir='ltr'><strong>quousque</strong></span> <span class='ocrx_word' id='word_1_425' title='bbox 373 3983 406 4045; x_wconf 81' lang='lat' dir='ltr'><strong>&#39;se</strong></span> <span class='ocrx_word' id='word_1_426' title='bbox 416 3984 571 4047; x_wconf 80' lang='lat' dir='ltr'><strong>extendere</strong></span> <span class='ocrx_word' id='word_1_427' title='bbox 584 3985 665 4047; x_wconf 91' lang='lat' dir='ltr'><strong>nulio</strong></span> <span class='ocrx_word' id='word_1_428' title='bbox 706 3984 837 4045; x_wconf 91' lang='lat' dir='ltr'><strong>nondum</strong></span> <span class='ocrx_word' id='word_1_429' title='bbox 857 3984 961 4045; x_wconf 81' lang='lat' dir='ltr'><strong>existet</strong></span> <span class='ocrx_word' id='word_1_430' title='bbox 975 4029 983 4059; x_wconf 99' lang='lat'><strong>,</strong></span> <span class='ocrx_word' id='word_1_431' title='bbox 996 4016 1038 4030; x_wconf 95' lang='lat'><em>-</em></span> <span class='ocrx_word' id='word_1_432' title='bbox 1049 3980 1240 4063; x_wconf 83' lang='lat' dir='ltr'><strong>praevidere,</strong></span> <span class='ocrx_word' id='word_1_433' title='bbox 1275 3989 1305 4039; x_wconf 90' lang='lat' dir='ltr'><strong>et</strong></span> 
     </span>
     <span class='ocr_line' id='line_1_47' title="bbox 70 4061 1301 4148; baseline -0.002 -23"><span class='ocrx_word' id='word_1_434' title='bbox 70 4065 155 4128; x_wconf 88' lang='lat' dir='ltr'><strong>modo</strong></span> <span class='ocrx_word' id='word_1_435' title='bbox 173 4068 306 4143; x_wconf 84' lang='lat' dir='ltr'><strong>valeant,</strong></span> <span class='ocrx_word' id='word_1_436' title='bbox 329 4067 370 4129; x_wconf 89' lang='lat' dir='ltr'><strong>ita</strong></span> <span class='ocrx_word' id='word_1_437' title='bbox 392 4076 426 4130; x_wconf 90' lang='lat' dir='ltr'><strong>ut</strong></span> <span class='ocrx_word' id='word_1_438' title='bbox 443 4068 609 4130; x_wconf 85' lang='lat' dir='ltr'><strong>necessario</strong></span> <span class='ocrx_word' id='word_1_439' title='bbox 628 4067 664 4130; x_wconf 89' lang='lat' dir='ltr'><strong>ad</strong></span> <span class='ocrx_word' id='word_1_440' title='bbox 707 4067 876 4148; x_wconf 89' lang='lat' dir='ltr'><strong>praedicere</strong></span> <span class='ocrx_word' id='word_1_441' title='bbox 895 4075 1029 4148; x_wconf 91' lang='lat' dir='ltr'><strong>possunt.</strong></span> <span class='ocrx_word' id='word_1_442' title='bbox 1052 4064 1124 4126; x_wconf 88' lang='lat' dir='ltr'><strong>Nam</strong></span> <span class='ocrx_word' id='word_1_443' title='bbox 1142 4063 1192 4123; x_wconf 86' lang='lat' dir='ltr'><strong>iiie</strong></span> <span class='ocrx_word' id='word_1_444' title='bbox 1209 4061 1301 4137; x_wconf 91' lang='lat' dir='ltr'><strong>solus,</strong></span> 
     </span>
     <span class='ocr_line' id='line_1_48' title="bbox 70 4149 1305 4226; baseline -0.002 -16"><span class='ocrx_word' id='word_1_445' title='bbox 70 4149 269 4212; x_wconf 83' lang='lat' dir='ltr'><strong>mnsaiitatem</strong></span> <span class='ocrx_word' id='word_1_446' title='bbox 283 4151 413 4213; x_wconf 86' lang='lat' dir='ltr'><strong>divinam</strong></span> <span class='ocrx_word' id='word_1_447' title='bbox 427 4153 663 4220; x_wconf 88' lang='lat' dir='ltr'><strong>concludendum</strong></span> <span class='ocrx_word' id='word_1_448' title='bbox 705 4153 752 4212; x_wconf 93' lang='lat' dir='ltr'><strong>cui</strong></span> <span class='ocrx_word' id='word_1_449' title='bbox 766 4151 915 4214; x_wconf 83' lang='lat' dir='ltr'><strong>omnia-</strong></span> <span class='ocrx_word' id='word_1_450' title='bbox 925 4159 984 4212; x_wconf 91' lang='lat' dir='ltr'><strong>tam</strong></span> <span class='ocrx_word' id='word_1_451' title='bbox 996 4151 1106 4222; x_wconf 90' lang='lat' dir='ltr'><strong>lutura,</strong></span> <span class='ocrx_word' id='word_1_452' title='bbox 1116 4164 1202 4226; x_wconf 88' lang='lat' dir='ltr'><strong>quam</strong></span> <span class='ocrx_word' id='word_1_453' title='bbox 1219 4163 1305 4225; x_wconf 90' lang='lat' dir='ltr'><strong>prae·</strong></span> 
     </span>
     <span class='ocr_line' id='line_1_49' title="bbox 69 4229 1305 4318; baseline 0 -28"><span class='ocrx_word' id='word_1_454' title='bbox 69 4231 116 4309; x_wconf 90' lang='lat' dir='ltr'><strong>sit;</strong></span> <span class='ocrx_word' id='word_1_455' title='bbox 130 4253 208 4314; x_wconf 90' lang='lat' dir='ltr'><strong>quae</strong></span> <span class='ocrx_word' id='word_1_456' title='bbox 226 4252 287 4312; x_wconf 90' lang='lat' dir='ltr'><strong>res,</strong></span> <span class='ocrx_word' id='word_1_457' title='bbox 304 4244 336 4296; x_wconf 90' lang='lat' dir='ltr'><strong>nt</strong></span> <span class='ocrx_word' id='word_1_458' title='bbox 348 4235 457 4298; x_wconf 87' lang='lat' dir='ltr'><strong>clarius</strong></span> <span class='ocrx_word' id='word_1_459' title='bbox 473 4245 582 4318; x_wconf 87' lang='lat' dir='ltr'><strong>pateat,</strong></span> <span class='ocrx_word' id='word_1_460' title='bbox 594 4256 667 4316; x_wconf 88' lang='lat' dir='ltr'><strong>qua·</strong></span> <span class='ocrx_word' id='word_1_461' title='bbox 706 4235 792 4297; x_wconf 87' lang='lat' dir='ltr'><strong>teriia</strong></span> <span class='ocrx_word' id='word_1_462' title='bbox 805 4243 927 4296; x_wconf 88' lang='lat' dir='ltr'><strong>-sunt</strong></span> <span class='ocrx_word' id='word_1_463' title='bbox 948 4229 1125 4314; x_wconf 86' lang='lat' dir='ltr'><strong>praesentia,</strong></span> <span class='ocrx_word' id='word_1_464' title='bbox 1151 4229 1256 4301; x_wconf 85' lang='lat' dir='ltr'><strong>iibere,</strong></span> <span class='ocrx_word' id='word_1_465' title='bbox 1276 4238 1305 4291; x_wconf 84' lang='lat' dir='ltr'><strong>et</strong></span> 
     </span>
     <span class='ocr_line' id='line_1_50' title="bbox 63 4311 1304 4397; baseline 0.001 -23"><span class='ocrx_word' id='word_1_466' title='bbox 63 4325 135 4392; x_wconf 31' lang='lat' dir='ltr'><strong>,tuor</strong></span> <span class='ocrx_word' id='word_1_467' title='bbox 146 4319 254 4381; x_wconf 87' lang='lat' dir='ltr'><strong>classes</strong></span> <span class='ocrx_word' id='word_1_468' title='bbox 267 4320 434 4382; x_wconf 80' lang='lat' dir='ltr'><strong>futurorum</strong></span> <span class='ocrx_word' id='word_1_469' title='bbox 446 4330 603 4382; x_wconf 88' lang='lat' dir='ltr'><strong>eventuum</strong></span> <span class='ocrx_word' id='word_1_470' title='bbox 618 4321 665 4383; x_wconf 91' lang='lat' dir='ltr'><strong>di·</strong></span> <span class='ocrx_word' id='word_1_471' title='bbox 705 4321 910 4397; x_wconf 86' lang='lat' dir='ltr'><strong>contingenter</strong></span> <span class='ocrx_word' id='word_1_472' title='bbox 927 4319 1025 4378; x_wconf 89' lang='lat' dir='ltr'><strong>sutura</strong></span> <span class='ocrx_word' id='word_1_473' title='bbox 1042 4311 1214 4389; x_wconf 84' lang='lat' dir='ltr'><strong>praedicere</strong></span> <span class='ocrx_word' id='word_1_474' title='bbox 1233 4321 1304 4392; x_wconf 88' lang='lat' dir='ltr'><strong>pot-</strong></span> 
     </span>
    </p>
   </div>
   <div class='ocr_carea' id='block_1_3' title="bbox 0 0 1464 4734">
    <p class='ocr_par' dir='ltr' id='par_1_3' title="bbox 0 0 1464 4734">
     <span class='ocr_line' id='line_1_51' title="bbox 0 0 1464 4734; baseline 0 0"><span class='ocrx_word' id='word_1_475' title='bbox 0 0 1464 4734; x_wconf 95' lang='lat' dir='ltr'><strong> </strong></span> 
     </span>
    </p>
   </div>
  </div>
 </body>
</html>
