2910 4732
450 214 522 266 reae
539 217 560 264 ι.
578 217 683 268 aeorxo
699 221 721 268 ι.
741 219 835 274 mear
852 221 884 268 ιι.
1206 203 1243 268 tt

56 289 247 368 olonna-sio
263 311 299 362 ex
320 310 356 360 eo
384 292 578 376 auterens
594 297 650 362 llo-
688 299 783 382 ιιιιιιιι.
808 299 922 366 derata
945 301 1045 379 ειιιιιι,
1073 298 1128 366 etsi
1159 307 1288 382 ponetur

56 386 266 456 troesenen
286 377 432 458 sequitur,
451 378 576 448 Paulum
594 381 651 446 deo
690 403 797 466 eorpue
814 385 892 450 mole
909 385 1069 462 inlinitum,
1079 394 1198 466 praeter
1213 383 1287 446 ittut

54 462 164 525 vatilla
186 461 324 529 (lontrina
343 480 461 528 seuera.
481 463 521 544 b)
546 463 650 531 Parie-
688 468 805 534 sonim
823 477 922 532 tamon
935 477 1060 550 possunt
1074 469 1144 544 alie,
1160 485 1290 550 qaaeex·

53 547 174 622 mones.
197 563 274 626 quea
296 547 408 616 monte
430 547 553 624 insat,
573 548 651 614 oeus
690 553 824 616 tensione
841 561 972 628 careant,
990 569 1020 614 e.
1036 572 1066 631 g.
1083 552 1218 633 spiritus,
1233 558 1308 614 ee-'

52 632 302 696 onena-mon
314 631 491 710 formaliter,
506 640 541 694 nt
561 631 653 700 soto
689 635 806 715 pitatio,
831 636 945 700 volitis.
970 635 1072 717 ltaque
1094 644 1211 716 praeter
1238 657 1288 703 res

52 717 95 778 tae
109 717 291 796 loquuntur,
314 715 365 782 sed
380 717 555 792 eminenter,
579 717 600 778 i.
621 737 649 780 o.
690 737 859 802 corporeas,
876 728 965 801 atque
981 719 1183 801 incorporeas,
1196 739 1290 801 qaan-

52 799 242 872 subliaiori,
259 801 471 881 excellentiori,
490 809 519 864 et
532 800 651 866 infinito
691 823 778 886 quam
797 805 856 866 leae
873 805 1197 884 infinitae‘ponootur,
1225 806 1289 868 dari

52 886 151 961 mado3
172 885 265 948 habet
279 884 360 946 enim
379 903 407 948 e.
427 905 455 963 g.
476 886 653 966 eseeperle·
691 897 787 970 potest
803 888 968 950 suostantia
1000 887 1037 950 air
1063 888 1109 952 his
1133 888 1285 966 distincta,

54 970 238 1045 dissimum,
262 969 348 1034 vitan
374 967 586 1046 beatissimam,
606 969 653 1034 io·
691 971 854 1054 eadamque
877 972 1108 1054 perfectissima,
1125 972 1166 1034 ita
1183 981 1216 1034 ut
1232 991 1290 1034 ne-

55 1053 202 1122 tellectum
216 1053 539 1118 emmeramensis.
550 1053 580 1133 o)
593 1051 653 1116 Ne*
691 1056 810 1136 quidem
825 1055 1009 1119 substantiae
1027 1073 1138 1118 nomen
1156 1075 1222 1118 oum
1239 1075 1290 1119 re-

56 1157 110 1217 que
131 1138 233 1214 oens,
257 1155 311 1202 eeu
328 1155 382 1202 eus
398 1135 652 1218 simplicissimum
692 1140 782 1220 liquis
793 1139 1082 1216 eomrnunelraheat,
1098 1141 1291 1222 quemadmo-

56 1231 85 1282 et
98 1222 366 1302 interumperet
379 1221 532 1286 continere
541 1223 654 1287 torma-
693 1223 763 1288 dum
775 1223 916 1303 Theologi
929 1243 991 1286 non
1007 1225 1105 1286 mitius
1120 1243 1207 1305 quarn
1221 1224 1291 1286 Phi-

54 1305 119 1372 liter
139 1307 190 1384 ιιι,
216 1306 297 1388 quod
318 1305 436 1370 ιιιιιιιιιι
460 1315 523 1370 est:
540 1323 654 1370 amaea
693 1308 1291 1390 losophiobeervaruat,lleumsupersub-

54 1400 151 1456 autem
172 1390 278 1456 mundi
294 1390 493 1472 periculones
507 1399 576 1456 suot
589 1389 656 1454 fini·
693 1392 861 1456 stantialom
879 1392 1061 1454 nominando
1079 1393 1140 1474 (t).

54 1485 110 1538 tae.
130 1476 165 1554 d)
180 1475 341 1544 Creatarae
359 1493 481 1550 munes,
504 1483 655 1556 utcunque

55 1560 215 1640 portatae,
235 1577 292 1624 non
310 1567 491 1623 santionem
506 1558 655 1636 tlarased
873 1565 1017 1618 ,aarum
1039 1566 1094 1616 ιιι.

56 1653 233 1725 perpetuum
252 1643 347 1708 Fieri.
368 1641 450 1708 Unde
470 1644 502 1705 in
521 1643 579 1706 illis
596 1643 656 1706 duo
738 1670 1040 1710 nemorumnemorum
1058 1671 1101 1707 sau
1116 1673 1146 1708 ιιι
1161 1672 1249 1709 noxum

55 1729 270 1794 montereau
286 1735 406 1791 sunt-
421 1739 448 1785 τὸ
464 1729 558 1804 Fert,
577 1728 656 1808 quod
947 1767 976 1840 s·
993 1774 1037 1824 39

54 1832 116 1874 oon
130 1823 182 1878 eet
194 1832 263 1877 uera
278 1811 431 1893 perfectio,
444 1811 496 1874 sei
506 1811 606 1892 potius
621 1811 657 1874 ti·
1038 1805 1046 1821 ⁰

56 1898 185 1972 minoto,
197 1907 229 1960 et
240 1895 437 1977 dependentia
451 1896 658 1976 quaedem-«-
736 1891 773 1958 Ut
790 1893 904 1957 theorx'a
911 1893 1072 1973 Religionis
1080 1897 1174 1959 solide
1188 1915 1294 1979 propo·

57 1992 199 2062 atquem
229 1983 351 2058 Fetere,
376 1981 554 2056 Prodmore,
572 1981 657 2043 Gott-
695 1987 799 2056 natur,
823 1979 1024 2042 demonstrata
1053 1982 1110 2044 iam
1139 1983 1294 2044 existentia

56 2084 185 2144 aer'ttore,
206 2066 285 2146 quod
302 2075 348 2132 oet
367 2064 573 2144 perlemionis:
600 2063 657 2125 hoo
695 2062 760 2137 lloi,
779 2063 843 2143 ipse
862 2063 961 2137 homo,
979 2081 1032 2126 eeu
1050 2064 1211 2143 Religionis
1226 2066 1295 2128 sub-

58 2161 158 2214 antem
180 2159 275 2214 totum
305 2158 350 2212 est
379 2148 451 2223 Dei,
485 2147 548 2228 qui,
582 2148 659 2210 sicut
695 2147 804 2210 ιωιιιιιι
828 2146 1062 2210 considerandus
1086 2150 1176 2211 venit.
1204 2149 1294 2216 Inda-,-

58 2233 190 2310 Creator,
207 2235 295 2298 itaet
313 2233 507 2296 Conservator
524 2240 657 2294 eatam»
695 2249 764 2308 gare
790 2230 932 2295 ,nimirum
963 2241 1078 2312 oportet
1102 2235 1134 2314 a)
1155 2243 1295 2298 naturum

59 2318 154 2380 nium.
181 2318 213 2381 ln
238 2317 293 2382 hoo
310 2337 400 2382 seusa
424 2317 482 2378 dini
502 2325 609 2397 potest,
629 2326 660 2378 et
696 2315 836 2392 dominio,
855 2324 887 2376 nt
904 2325 1058 2396 appareat,
1075 2319 1208 2397 qualium
1228 2335 1295 2380 ma-

59 2401 158 2464 debat:
179 2403 317 2480 Enipeo,
336 2411 363 2464 at
384 2419 438 2480 por
455 2403 562 2480 ipsam,
581 2409 607 2464 et
626 2401 660 2463 ia
697 2397 805 2461 reliam
824 2399 1002 2462 relationum
1025 2420 1117 2482 capax
1134 2403 1182 2480 sit,
1202 2411 1231 2462 et
1249 2403 1295 2481 b)

60 2487 122 2564 ipeo
136 2495 207 2549 eunt
220 2487 319 2549 omnio
337 2486 397 2566 (t).
697 2484 786 2566 fluam
798 2484 938 2560 dominis,
955 2493 988 2546 ut
1002 2485 1178 2562 innotescat,
1194 2487 1296 2568 quates

104 2569 169 2633 Odi.
191 2572 222 2632 l.
244 2569 325 2634 Deus
343 2579 388 2632 ost
408 2567 513 2644 unica,
538 2568 661 2630 eedem·
698 2567 857 2630 relationes
872 2569 998 2632 rnorales
1016 2571 1159 2649 peruicere
1177 2571 1295 2633 debeat.

62 2672 119 2733 que
135 2655 252 2717 intinita
273 2653 450 2728 substantium
469 2653 560 2729 igitur
579 2663 662 2715 extra
947 2692 976 2765 ς.
996 2699 1051 2748 4⁰·

62 2737 154 2798 Deum
181 2739 261 2800 nulla
279 2737 444 2800 substantia
461 2737 560 2799 datur:
589 2737 662 2799 alias

63 2820 114 2882 Dei
143 2821 308 2886 substantia
336 2821 497 2896 desineret,
519 2819 570 2882 ubi
589 2821 662 2882 daeo
875 2807 898 2854 Ᾰ
915 2807 1002 2854 Nature
1016 2806 1124 2856 ΜΝ

62 2904 228 2968 substantia
244 2906 399 2987 inciperet,
418 2905 494 2966 sicat
511 2904 536 2967 si
554 2923 662 2985 eorpus
741 2903 814 2968 Cum
832 2905 920 2968 homo
937 2925 974 2966 ex
995 2923 1131 2986 corpore,
1150 2912 1180 2967 et
1198 2904 1298 2968 anime

64 3007 156 3052 unum
171 2990 294 3053 daretur
308 2991 386 3052 mole
399 2988 562 3064 introitum,
582 2998 663 3051 extra
700 2998 832 3065 constet,
865 2999 971 3051 natura
999 2990 1094 3071 ipsius
1116 2991 1223 3070 duplex
1240 3003 1297 3068 est,

65 3073 134 3134 illud
153 3092 262 3154 eorpus
279 3075 393 3136 nullum
411 3073 474 3137 doti
492 3081 601 3154 posset.
699 3074 854 3150 massalia,
872 3083 904 3136 et
923 3074 1097 3137 rationalia(
1114 3072 1224 3135 Natura
1242 3093 1298 3136 au·

102 3157 188 3236 lton.
214 3158 276 3220 Hoe
293 3167 497 3236 argumentum
518 3157 595 3220 talea
616 3157 662 3220 la·
700 3165 759 3220 tem
776 3158 904 3220 hocloco
918 3157 1072 3219 nobisnon
1089 3166 1134 3219 est
1147 3156 1205 3218 nisi
1220 3159 1300 3240 prin·

67 3239 148 3302 borat
164 3242 330 3322 hypothesi,
343 3241 427 3322 quasi
442 3250 519 3304 esset
534 3243 612 3304 Deus
627 3261 661 3306 eo
700 3242 810 3323 cipium
828 3241 998 3317 internum,¹
1012 3248 1041 3302 et
1059 3241 1164 3304 stabile
1183 3243 1300 3323 passio-

64 3342 152 3386 aeasa
170 3326 277 3402 unioa,
296 3335 326 3389 et
342 3326 459 3390 induite
482 3325 659 3402 substantia,
700 3345 784 3401 num,
804 3335 834 3386 et
850 3325 1000 3386 aedanum
1021 3324 1159 3403 hominis,
1182 3335 1212 3388 et
1229 3327 1300 3409 qai·

65 3409 142 3487 quod
165 3419 243 3472 esset
260 3411 447 3490 complexus,
466 3418 496 3471 et
517 3429 660 3488 aggrega·
700 3407 767 3471 dem
786 3409 922 3470 sensuale
936 3409 971 3470 ad
985 3427 1045 3485 res,
1065 3427 1141 3490 quae
1159 3410 1214 3472 sub
1233 3430 1301 3474 seu·

66 3501 125 3555 tura
145 3493 307 3573 quodpiam
325 3512 425 3556 rerum
446 3494 578 3556 omnium
600 3494 662 3558 sire
700 3513 751 3555 sus
769 3493 891 3568 uadunt,
917 3493 1061 3556 rationale
1083 3512 1151 3556 vero
1177 3494 1215 3556 ad
1238 3513 1298 3571 res,

64 3594 285 3657 eorporearum,
317 3578 377 3639 sive
400 3577 660 3659 incorporearum,
701 3592 777 3658 quea
786 3595 875 3656 supra
887 3595 992 3639 sensus
1006 3579 1119 3658 positae
1132 3578 1300 3641 sunt.Haee

64 3678 129 3722 eum
153 3660 254 3741 potios
272 3661 496 3726 existimandum
517 3661 574 3735 xit,
597 3685 663 3730 esee
700 3679 769 3722 vero
787 3660 916 3722 nobilior
929 3670 1036 3724 natura
1055 3661 1184 3723 hominis
1199 3662 1229 3723 ιιι
1249 3661 1300 3723 ιιι·

64 3743 157 3806 ileum
175 3743 369 3810 substantiam
399 3745 661 3826 simplioissimam,
702 3744 771 3826 plici
789 3744 929 3808 iaeultate
953 3745 1083 3808 hominis
1102 3747 1299 3826 oopuoscoodi,

64 3820 270 3906 uiritantem,
289 3847 467 3912 prorsusque
485 3838 546 3892 tum
566 3837 663 3916 qxxood
701 3829 858 3906 sentiendi,
874 3838 904 3890 et
921 3831 1072 3910 appetendi
1088 3849 1119 3891 se
1138 3829 1255 3891 exserit.

65 3912 238 3986 ementium,
251 3913 425 3994 tumquoad
439 3915 582 3981 existendi
601 3939 665 3981 mo.
746 3914 775 3975 l.
797 3913 872 3974 Dum
891 3913 971 3975 enim
1005 3911 1316 3976 conscientiarum-⁹

66 3994 132 4058 lum
152 3996 320 4060 distinctam
346 3997 384 4059 ab
405 3998 523 4062 entibus
543 4005 663 4066 contin.
703 4003 792 4059 stram
807 3997 967 4058 reflexione
981 3998 1184 4078 expendimus,
1200 3994 1230 4054 in
1247 3993 1299 4056 ilia

68 4079 216 4156 gentibus,
233 4087 263 4146 et
276 4081 378 4158 finitis,
397 4101 472 4162 qnae
486 4101 539 4162 per
552 4088 660 4168 ipsun,
703 4080 951 4162 deprehendimus
964 4082 1152 4160 eopau‘tionee,
1168 4077 1189 4138 ι.
1207 4094 1235 4138 e.
1253 4095 1300 4140 re-

67 4171 94 4222 et
108 4164 140 4226 ιιι
155 4164 221 4245 ipso
239 4174 386 4228 constent.
399 4199 441 4212 ·-
451 4165 552 4248 illeque
567 4172 664 4234 obstat
703 4183 767 4226 rum
778 4164 1070 4244 materialium,quas
1087 4181 1142 4241 ope
1156 4179 1296 4222 sensuum

67 4246 214 4312 adiectum
232 4247 269 4311 de
286 4267 410 4330 corpore
427 4251 542 4316 inimito
562 4275 685 4349 exem-¹
733 4299 765 4352 (2)
782 4299 812 4342 m.
830 4299 850 4343 S·
865 4297 947 4342 mm·
968 4300 1006 4350 m,
1022 4293 1036 4338 t.
1059 4293 1068 4336 t
1095 4305 1115 4337 c.
1136 4265 1201 4337 m
1221 4305 1241 4338 c.
1259 4293 1296 4338 25.

93 4352 126 4408 (Ι)
141 4353 206 4400 dom.
220 4366 271 4406 mu.
287 4355 324 4402 ii.
339 4369 359 4402 r.
374 4357 426 4404 ult,
680 4354 685 4378 ’
703 4358 803 4403 Persona
819 4357 863 4403 ie.
878 4354 943 4412 Fejex·
957 4356 1009 4398 lust.
1024 4351 1101 4407 dogm.
1117 4350 1168 4396 tu.
1184 4349 1203 4410 ἓ.
1219 4351 1256 4394 lt.
