2918 4734
411 145 878 196 :mmmmmuwmc
1184 127 1247 194 iffi

53 212 177 280 “mibi
193 219 324 287 invicem
339 220 533 302 invigilabant
545 225 601 302 ita,
612 234 647 288 nt
684 225 791 288 cordos
803 226 915 290 dmin
933 224 1006 308 lepis
1024 227 1134 308 reperit
1149 225 1183 290 itt
1200 227 1287 294 domo

64 309 1313 394 mmmmmffimmmfflthMMMo

58 391 165 465 ruisset,
191 389 267 472 quin
293 393 420 454 alterum
441 394 642 456 reclamasset.
683 395 854 458 intortis·
869 395 941 475 lepis
956 395 1088 471 Domini,
1102 393 1286 458 sciditoosti·

56 469 182 544 Quamvis
192 483 296 536 autem
315 476 390 538 baec
404 477 463 539 duo
480 495 573 556 regua
586 477 644 540 sibi
683 487 858 541 motusue.
871 476 1056 559 Stuporrero
1068 478 1136 553 istc,
1149 497 1209 560 qun
1223 477 1284 541 lter

55 556 159 618 intensa
172 567 274 620 essent
288 569 319 622 et
332 559 364 622 iu
383 561 484 624 multis
500 561 644 624 dissenti-
684 561 777 624 rerba
794 562 885 625 buius
902 561 971 624 libri
989 561 1114 624 audiens
1130 570 1284 643 correptus

53 649 116 716 rent,
141 643 244 722 quoad
269 645 528 708 authenticitatem
544 653 645 707 tarum
681 655 740 720 est,
756 646 828 708 satis
844 645 972 721 indicat,
992 646 1070 726 quod
1091 646 1163 708 baec
1179 645 1283 708 eadem

53 724 291 802 utintegritatem
308 727 505 792 Pentateucbi
525 730 645 810 penitus
683 730 791 806 rerba,
817 749 926 810 nempe
942 737 1099 812 praecepte
1127 727 1227 790 divina
1255 737 1284 792 et

54 811 119 870 iuter
136 828 170 870 se
188 807 418 874 consenserunt.
684 815 931 876 comminationes
956 822 1061 876 contra
1084 813 1158 891 legis
1184 821 1283 875 traus-

87 895 112 955 i.
126 893 254 970 llodus,
272 915 332 976 quo
359 895 510 976 corruptio
527 896 643 977 periei,
683 915 832 976 grnssores
857 898 914 978 ipsi
933 898 1052 978 penitus
1076 896 1195 976 ignotae
1216 895 1285 959 iue-

54 983 78 1036 ot
92 979 204 1040 nationi
224 980 272 1040 rel
289 980 463 1062 persuaderi
481 981 527 1042 rel
545 982 646 1044 occul·
687 981 757 1044 rint.
778 981 931 1060 Colligitur
949 981 1067 1057 exinde,
1087 989 1220 1062 tempore
1234 977 1286 1043 lo·

56 1061 103 1122 tari
116 1064 263 1144 potuerit,
281 1065 420 1145 explicari
434 1065 548 1145 nequit.
568 1063 645 1146 ldog-
684 1065 746 1128 siae
755 1066 833 1144 regis
840 1065 1208 1128 Pentateucbumomninc
1220 1081 1287 1145 per·

55 1148 185 1208 sesinim
206 1148 274 1228 ipse
298 1147 431 1211 cautelas
446 1148 582 1211 adtribuit
607 1149 645 1212 ad
684 1150 766 1224 iisse,
784 1149 874 1211 unico
891 1157 1014 1231 excepto
1038 1148 1198 1230 exemplari
1214 1156 1287 1210 tunc

55 1230 246 1308 iutegritatem
270 1232 415 1312 librorum
433 1251 554 1296 suorum
573 1251 646 1296 con·
685 1242 814 1314 reperto,
831 1233 911 1316 quod
925 1243 1030 1312 ,tamen
1044 1232 1131 1294 lecile
1148 1247 1287 1294 conuin-

53 1315 234 1391 scrvmdam,
254 1317 371 1378 et‘ideo
386 1317 472 1379 iussit
483 1317 531 1397 (l)
554 1325 644 1380 auto-
685 1319 715 1400 pi
736 1317 844 1399 potuit.

52 1397 187 1478 graplum
200 1400 231 1460 iu
251 1418 320 1462 arca
331 1401 455 1477 serrari,
474 1401 530 1463 sub
549 1410 646 1464 extre·
725 1404 810 1482 Resp.
824 1400 907 1464 Xulti
921 1408 1036 1482 putant,
1048 1401 1159 1463 librum
1171 1397 1209 1461 ab
1220 1397 1290 1462 llel·

53 1500 93 1542 no
117 1484 238 1564 piaculo
263 1495 382 1560 retaus,
401 1504 440 1546 ne
464 1485 532 1566 quis
561 1484 646 1548 libris
685 1487 732 1548 eia
747 1485 911 1561 inuentum,
925 1484 1017 1546 luisse
1032 1486 1129 1546 solum
1142 1483 1289 1546 Deutero-

53 1565 102 1626 suis
121 1567 240 1648 aliquid
254 1568 364 1630 addere
385 1570 431 1631 rel
445 1569 566 1632 demere
588 1589 647 1631 au·
686 1571 841 1643 numium,
861 1569 939 1650 quod
964 1569 1062 1630 vocari
1081 1568 1197 1630 solebat
1215 1567 1292 1631 liber

53 1649 184 1732 dearffi).
204 1650 364 1714 Praeterea
382 1671 435 1733 pro
450 1653 586 1716 custodia
600 1655 647 1716 le·
686 1655 770 1735 legis,
787 1653 859 1735 quia
876 1651 1086 1733 compendium
1104 1651 1195 1713 totius
1213 1653 1289 1729 legis

53 1733 89 1809 gis
111 1733 189 1798 latae
210 1736 371 1816 specialem
400 1736 510 1800 tribum
535 1735 646 1817 (Levi),
688 1738 835 1800 mosaicae
852 1755 913 1798 une
928 1755 997 1798 cum
1016 1735 1105 1797 minis
1123 1743 1153 1796 et
1168 1735 1292 1797 maledi·

55 1836 99 1896 per
112 1820 243 1900 reliquas
257 1819 352 1882 tribus
362 1820 564 1898 distributam,
577 1839 648 1883 cou-
687 1821 837 1884 ctionibus
854 1828 958 1883 contra
980 1819 1114 1882 eiusdem
1130 1819 1291 1882 violatores

54 1901 156 1978 stitut,
177 1912 208 1964 et
236 1903 368 1985 denique
395 1905 555 1968 lectionem
583 1905 648 1966 eius
688 1905 870 1980 continebat,
889 1912 919 1966 et
937 1903 1009 1966 satis
1028 1902 1223 1984 probabiliter
1234 1902 1291 1964 be-

55 1986 649 2063 priuatamIsraelitis,lodicibus,bevitis
689 2007 727 2051 ne
752 1989 840 2050 mritti
867 1989 1045 2068 interpretes
1063 1987 1290 2062 conlectantur,

56 2068 176 2150 ipsisque
191 2072 312 2149 regibus
320 2074 380 2152 (3),
397 2081 427 2134 et
444 2073 593 2153 publicam
606 2091 651 2134 se·
689 2075 769 2134 hunc
779 2073 890 2134 librum
898 2072 990 2135 luisse
999 2070 1217 2151 autographum
1231 2089 1293 2132 mc·

57 2152 141 2228 ptimo
152 2156 260 2236 quovis
271 2175 350 2218 anuo
363 2155 647 2236 commendavit(l).
689 2176 729 2219 nu
743 2155 849 2238 lloysis
867 2165 1031 2230 exaratum,
1051 2155 1133 2237 quod
1151 2155 1182 2216 in
1197 2155 1292 2216 latere

58 2235 115 2297 Xon
133 2241 229 2314 ag'tur
247 2258 317 2317 ergo
335 2241 373 2303 de
396 2241 474 2302 libro
499 2240 648 2316 obscuro,
689 2259 775 2302 arcae
798 2241 927 2303 foederis
945 2257 1066 2301 manere
1083 2237 1223 2312 debebat,
1240 2237 1292 2300 sed

58 2320 104 2400 qui
122 2321 279 2400 aliqraudo
295 2324 392 2386 vitiari
410 2333 516 2405 potest,
537 2323 590 2386 sed
612 2325 650 2386 de
690 2326 721 2386 iu
739 2323 985 2406 praecedentibus
1004 2323 1088 2401 regni
1106 2321 1198 2386 ludeo
1215 2323 1293 2384 calu·

59 2405 129 2466 libro
148 2407 286 2485 publico,
306 2409 337 2469 iu
357 2428 416 2489 quo
445 2407 575 2470 nationis
603 2409 650 2470 ius
692 2408 959 2481 mitatibus·luerat
976 2407 1032 2468 sub
1054 2407 1195 2469 thesauro
1222 2406 1294 2468 abs-

60 2490 244 2568 praecipcum
264 2491 420 2554 universae
434 2493 515 2570 leges
530 2500 559 2554 et
573 2493 651 2554 lacta
691 2493 855 2568 conditum3
882 2491 963 2553 unde
993 2490 1083 2552 etiam
1108 2490 1134 2551 ll
1163 2489 1292 2570 Paralip.

60 2573 203 2634 notissimi
223 2575 465 2649 continebantur,
481 2576 575 2656 quiin
586 2576 651 2637 sin·
691 2574 816 2650 XXXIV,
841 2575 882 2637 tt
903 2574 1023 2637 dicitur:
1042 2573 1162 2654 Reperit
1179 2575 1295 2636 Holcim

60 2655 138 2731 gulos
155 2666 265 2736 septem
290 2679 387 2722 annos
411 2678 510 2721 coram
540 2661 651 2741 populo
691 2661 826 2724 emendos
853 2661 965 2723 librom
996 2659 1068 2739 lepis
1094 2659 1217 2720 Domini
1239 2673 1296 2736 per

61 2741 215 2818 legebatug
235 2761 324 2822 quem
348 2743 537 2821 magistratus
555 2753 586 2806 et
603 2745 653 2806 do-
692 2761 818 2808 moottm
835 2744 944 2824 Mopsi.
966 2739 1076 2824 Stupor
1092 2761 1161 2803 vero
1178 2760 1213 2801 ac
1238 2740 1295 2801 do·

62 2834 153 2887 ctores
164 2826 292 2905 qmtidie
307 2827 445 2890 manibus
458 2829 604 2904 terebant,
620 2835 654 2890 ut
693 2832 740 2891 lor
755 2827 852 2891 losioe
864 2826 952 2906 Regis
964 2845 1000 2889 ex
1014 2825 1126 2908 duplici
1145 2841 1235 2885 causa
1247 2841 1296 2883 or-

63 2907 1293 2992 mmmmwmmmmmmmtmmwmmmmmmmmm

64 3003 106 3052 tus
128 2992 261 3056 ordinare
278 3003 416 3074 possent,
436 3006 465 3058 et
482 2997 568 3058 cuius
586 2996 653 3058 ideo
695 2997 768 3058 verit
786 2995 866 3058 illius
886 2995 1017 3056 mandati
1037 3002 1295 3070 transgressorem,

64 3075 178 3138 codices
193 3078 324 3158 rescripti
339 3079 459 3159 plurimi
474 3081 577 3142 adesse
599 3080 654 3141 de·
695 3100 754 3162 quo
772 3080 859 3142 Deut.
873 3077 973 3152 XVll,
985 3078 1023 3139 l8
1044 3075 1242 3157 praecipitur,
1262 3083 1296 3136 ut

64 3159 182 3222 bebaut.
205 3159 275 3222 laec
293 3181 364 3241 ergo
383 3165 483 3225 omnia
500 3164 655 3226 manifeste
695 3183 746 3226 rex
764 3163 850 3225 initio
865 3163 912 3224 sui
934 3161 1017 3240 regni
1035 3159 1216 3222 describeret
1238 3159 1298 3221 sibi

64 3243 653 3326 mmmmcmmmmmummmma
696 3244 1298 3324 Dmmmmmmmdmmmlmmmm

65 3327 1299 3408 lmnfflmummmmmmmummwmmdmmmmmffle

65 3411 546 3495 mmmmmfflfflmmm.
698 3413 1300 3494 mwffimmwmmmmmm

101 3496 196 3558 Noto.
219 3497 366 3568 lncreduli
394 3500 475 3560 varia
505 3499 658 3580 proterunt
698 3500 895 3578 ignoraverat.
912 3495 1049 3559 Secundo
1069 3504 1199 3577 peroret
1216 3495 1301 3556 dolor

68 3585 244 3656 argument,
267 3583 375 3660 quibus
391 3583 561 3661 ostendant,
579 3583 659 3644 Peu·
702 3583 794 3661 magis
811 3581 954 3643 adauctus
972 3589 1028 3657 est,
1041 3594 1044 3600 ’
1056 3599 1123 3642 cum
1137 3577 1301 3653 ,terribiles

69 3663 227 3724 tateuchuu
241 3667 392 3746 corrumpi
404 3668 548 3747 potuisse,
558 3677 660 3728 etvere
701 3665 996 3728 illasmaledictiones
1007 3665 1134 3740 audiret,
1149 3680 1302 3744 quaecun-

70 3748 1302 3828 cmmmfflmfflmmmwmummwmfflwfflwwwn

72 3839 234 3910 ιωωωι
702 3834 1302 3911 mmmmmmmfflmmmmn

109 3915 175 3978 Obi.
194 3911 618 3994 t.dihahetur1vtteg.xxtl
634 3926 663 3980 et
704 3918 871 3998 ruptionem
889 3917 1078 3990 ludaeorum,
1099 3915 1151 3994 qui
1170 3909 1303 3972 violatio-

74 3996 96 4058 ll
117 3997 236 4078 Paralip
263 3997 361 4074 XXIV,
377 4001 455 4064 losio
471 4019 594 4078 regnum
617 4002 664 4064 lu·
704 4021 757 4062 nes
767 4001 839 4078 legis
849 3998 1221 4083 divinaemultiplicarunt,
1231 4010 1304 4088 oon·

77 4081 127 4143 dae
146 4081 311 4145 modeaute
328 4085 444 4148 uetitas
460 4105 596 4148 summus
614 4105 664 4148 sa·
705 4086 859 4147 sideraret.
874 4115 916 4130 -·
934 4082 1018 4154 Quod
1033 4091 1131 4142 autem
1151 4075 1303 4152 subditur,

103 4209 134 4262 (ιι
151 4210 222 4256 Dect
233 4211 258 4272 t,
274 4213 312 4258 ro.
745 4216 767 4272 si
784 4214 852 4262 naut.
866 4197 958 4271 raia.
973 4211 991 4255 ιι
1007 4205 1185 4264 circituram

101 4269 136 4326 ta,
149 4269 279 4329 nenias,
294 4271 413 4326 ettam
746 4277 768 4329 u
784 4275 850 4320 naui.
865 4271 901 4315 m.
917 4272 934 4314 ιι
949 4266 1045 4321 siuas,
1061 4263 1099 4308 tr.
1203 4312 1211 4322 ,
1263 4255 1274 4295 t
