2930 4736
182 154 246 217 llo

142 251 332 318 heterodoxis
350 243 541 320 inducantur.
560 254 594 319 in
612 257 670 319 illis
688 276 744 318 au·

143 348 202 401 tam
231 341 422 403 consulendis
440 340 572 404 Ecclesia
591 350 669 404 certe
688 339 743 402 ab·

143 443 243 487 errare
261 441 320 486 non
340 434 454 507 potest,
470 427 552 507 quia,
573 424 643 488 dum
663 443 743 506 sym·

144 508 214 570 bada
232 509 394 589 proponit,
418 510 459 571 nil
481 510 560 572 aliud
580 509 664 585 lacit,
686 507 761 569 nisi·

759 587 1386 673 '‘s'tionibusphilosophicisinfallibilissil,

757 699 771 752 ’ς
786 695 841 739 nec
857 695 905 754 ne;
917 695 983 738 cuna
996 673 1187 736 distinctione
1202 672 1388 753 responden·

142 601 176 654 ut
198 591 317 673 publice
336 627 351 641 ·
372 611 425 674 pro
445 594 577 656 lidelium
603 604 708 655 norma
727 625 743 638 -

143 676 287 754 declaret,
304 677 375 758 quid
387 679 546 740 revalatum
560 686 590 740 et
600 676 670 759 quid
682 694 745 738 cra·

102 771 105 782 ’
143 761 272 824 dandum
288 762 336 825 sit:
357 763 389 824 in
407 761 585 824 declaranda
603 769 701 822 autem
716 767 745 822 et

144 845 277 908 docenda
295 844 485 908 Revelalione
500 863 618 925 semper
636 843 746 907 inlelli-

142 928 212 992 hi‘lis
229 938 285 992 est.
313 927 401 993 Omni
430 930 495 992 iure
515 930 625 992 idcirco
655 919 744 991 etiam

141 1012 276 1095 epmbolo
290 1013 348 1076 iam
365 1014 518 1097 proposito
534 1014 608 1077 alios
625 1031 745 1096 quoque

144 1098 215 1160 srdei
234 1099 375 1160 articulos
401 1099 511 1161 addere
536 1107 655 1182 potest,
675 1096 746 1179 quia

143 1190 216 1244 tunc
236 1201 295 1244 non
313 1184 371 1245 iam
390 1201 464 1244 nova
481 1183 620 1260 dogmata
635 1199 745 1264 procu·

144 1265 198 1342 dil,
219 1267 269 1330 scd
288 1268 383 1329 solum
397 1267 439 1343 id,
453 1267 530 1346 quod
549 1284 669 1347 semper
686 1266 744 1326 im·

143 1351 245 1432 plicita
264 1353 410 1418 creditum
436 1362 498 1429 est,
523 1351 660 1432 explicite
678 1367 744 1412 cra-

143 1435 274 1498 dendum
305 1435 461 1518 proponit,
482 1434 563 1517 qnod
592 1435 651 1497 iam
677 1452 745 1496 sae·

143 1539 181 1601 pe
203 1520 242 1581 ob
262 1520 400 1582 haereses
416 1531 520 1582 enatus
542 1519 744 1584 necessarium

143 1605 200 1667 rura
218 1605 277 1686 (a).

580 173 765 222 enucleatae
782 171 945 221 cannula

1019 259 1051 334 ς.
1076 264 1151 316 228.

768 392 773 436 ἰ
858 384 876 435 1.
891 388 924 434 bc
939 385 1121 446 quaestionibus
1135 381 1320 444 philosophicis.

826 504 857 571 Si
873 503 1038 590 quaeritur,
1053 525 1089 567 an
1105 503 1241 568 Ecclesia
1254 502 1287 564 in
1303 520 1388 586 quae·

768 761 927 823 domest.
948 757 978 822 Si
997 758 1076 821 enim
1097 757 1233 839 quaestio
1255 755 1386 838 philoso-

786 844 874 927 phica
902 844 1056 906 materiam
1073 842 1240 918 concernit,
1262 839 1387 921 quaein

786 931 849 1009 ipsa
868 929 1049 990 revelatione
1063 926 1194 1007 exposita
1204 924 1385 1000 continetur,

786 1012 919 1075 Ecclesia
937 1011 967 1073 in
987 1012 1039 1073 illa
1057 1009 1227 1072 delinienda
1243 1007 1387 1070 inlallihi-

787 1098 823 1159 lis
841 1105 897 1166 est.
913 1094 961 1159 Sic
976 1115 1004 1158 e.
1025 1113 1053 1174 g.
1075 1095 1100 1156 si
1115 1103 1283 1175 quaeratur
1296 1091 1333 1153 de
1345 1110 1389 1152 co·

786 1181 950 1259 smogeuia,
970 1177 1006 1242 de
1023 1179 1136 1256 origine
1158 1177 1333 1252 hominum,
1355 1175 1388 1236 de

786 1264 976 1346 simplicitate
989 1261 1385 1335 etimmortalitateanimae,

786 1345 1386 1428 dclibcrlateetc.,inbisquaestionibus

786 1431 961 1497 dirimendis
978 1431 1112 1495 Ecclesia
1130 1430 1304 1493 inlallibilis
1324 1437 1384 1505 est,

787 1518 858 1598 quia
870 1517 1009 1579 veritates
1028 1515 1171 1578 revelatas
1189 1521 1384 1576 concernunt:

733 1654 736 1658 .
786 1603 865 1664 idem
883 1601 1097 1663 dicendumest
1115 1601 1151 1662 de
1169 1597 1387 1661 iudicioEccle

786 1686 848 1748 siae
867 1686 945 1748 circa
961 1693 1118 1768 praecepta
1136 1702 1269 1760 morum,
1288 1700 1340 1743 scu
1359 1699 1386 1741 e·

41 2538 42 2544 ’
147 2523 296 2588 alicuibus
315 2525 386 2602 illis,
407 2545 478 2587 nurn
501 2525 634 2589 Ecclesia
653 2528 691 2588 sit
704 2525 750 2587 in·

378 1747 409 1819 ς.
433 1753 509 1802 aaa.

168 1859 320 1918 Quaestione·
335 1860 413 1922 variae
428 1858 460 1930 de¹
471 1859 555 1905 ludlcll
570 1856 725 1928 ecclcslasllpl

371 1921 518 1966 auctoritato.

788 1770 896 1833 lhicam
911 1771 1098 1844 naturalem,
1122 1786 1198 1849 quae
1218 1766 1313 1829 etiam
1330 1763 1384 1825 ile·

787 1853 943 1917 velationis
956 1853 1105 1916 obiectum
1119 1849 1289 1914 constituit.
1299 1849 1385 1911 Aliter
1443 1883 1444 1891 ι

787 1938 974 2001 sentiendum
991 1946 1048 2014 est,
1067 1937 1092 1999 si
1116 1936 1212 2014 agitur
1239 1935 1277 1998 de
1295 1950 1383 2014 quae·

120 2097 122 2104 Α
149 2019 273 2084 *Circa
292 2019 442 2087 obiectum
460 2019 680 2084 ecclesiasticae
696 2017 747 2080 in·
787 2022 948 2100 stionibuS,
965 2020 1043 2084 circa
1063 2040 1138 2105 quas
1154 2019 1228 2082 nihil
1249 2020 1282 2080 in
1299 2016 1386 2078 licre·

103 2143 105 2148 ,
147 2104 336 2166 lallihilitatis
371 2105 469 2167 variae
506 2103 695 2186 quaestiones
730 2121 748 2164 a
787 2108 899 2168 latione
918 2106 1081 2181 invenitur,
1100 2104 1178 2167 etin
1196 2100 1382 2185 quibusideo

145 2187 305 2268 Theologis
324 2197 544 2272 proponuntur,
559 2197 589 2249 et
606 2207 666 2252 non
686 2206 747 2248 uno
788 2191 940 2254 Ecclesiae
963 2189 1161 2253 infallibiliter
1179 2185 1312 2250 adscribi
1329 2203 1381 2247 non

146 2272 749 2354 eodemquemodoabomnibussolvun·
789 2284 895 2358 potest,
922 2310 964 2320 -
990 2272 1090 2338 Moneo
1119 2283 1218 2337 tamen
1250 2273 1382 2340 Manralo-

145 2364 206 2418 lul.
220 2355 279 2417 Has
289 2357 377 2418 ctiam
386 2358 506 2437 Kl'lipsel
517 2357 615 2418 innuit
626 2355 748 2438 elquesl
771 2377 772 2382 ’
787 2362 854 2424 rias
864 2361 911 2441 (3)
926 2358 1091 2421 Ecclesiam
1106 2357 1194 2420 eliam
1212 2357 1242 2418 in
1258 2354 1381 2418 scientiis

146 2440 305 2521 eatripode
317 2441 750 2522 solvit(E).ditenim:‹Quac·
789 2455 818 2506 et
836 2443 961 2519 artibus,
979 2462 1037 2504 non
1058 2441 1278 2524 pcrtinentibus
1294 2439 1329 2500 ad
1349 2437 1381 2496 lr-
1443 2456 1444 2471 ι

788 2529 868 2606 dem,
885 2528 950 2590 iure
965 2525 1108 2588 damnare
1119 2543 1207 2608 posse
1219 2525 1379 2606 opiniones,

149 2608 284 2671 lallihilis
309 2609 339 2670 in
367 2608 593 2691 quaestionibus
614 2611 749 2692 philoso-
789 2611 908 2694 quaeS.
923 2611 1194 2673 Literiseuidenter
1210 2614 1380 2690 repugnant,

148 2693 269 2776 pbicis?
286 2713 324 2756 an
343 2693 373 2754 in
392 2693 478 2755 lactis
499 2695 694 2773 dogmaticis?
712 2713 750 2756 an
789 2706 841 2759 aut
858 2691 1126 2778 quibusposicisS.
1142 2692 1381 2775 Scripturaeloca

148 2781 180 2840 in
206 2797 333 2840 censura
351 2777 513 2840 librorum‘.l
531 2798 569 2841 an
586 2779 617 2840 in
637 2779 751 2842 beatisr·
790 2790 858 2862 apte
870 2791 899 2842 et
908 2780 1063 2842 commode
1076 2778 1215 2860 explicari
1223 2781 1379 2859 nequeunt.

149 2862 266 2925 catione
281 2871 310 2924 et
321 2863 544 2924 canonizatione
562 2861 751 2926 sanctorum?
789 2864 875 2927 Ratio
892 2873 957 2942 cst,
987 2863 1057 2946 quia
1074 2863 1182 2926 veritas
1200 2883 1259 2924 una
1279 2869 1338 2933 est,
1357 2864 1381 2917 ct

131 3005 132 3010 ,
148 2980 233 2994 ·-·-
244 2943 470 3029 Respondemus
481 2948 595 3028 paucis,
608 2947 751 3010 inlallibi-
790 2949 856 3011 ideo
872 2949 914 3011 nil
931 2967 1032 3011 verum
1053 2967 1117 3009 esse
1132 2954 1230 3029 polest
1244 2947 1273 3006 in
1291 2943 1381 3006 Philo·

149 3030 207 3094 lam
227 3049 287 3092 non
302 3050 386 3109 esse,
405 3032 484 3113 quod
513 3051 560 3093 res
583 3031 750 3093 istiusmodi
790 3034 908 3116 sophia,
924 3033 996 3114 quin
1012 3040 1041 3094 et
1059 3050 1159 3094 verum
1176 3031 1215 3092 sit
1235 3031 1265 3090 in
1290 3029 1382 3090 Theo·

148 3115 296 3178 revelatae
313 3135 331 3177 a
346 3116 406 3177 Deo
422 3135 482 3177 non
499 3116 569 3191 sint,
587 3135 684 3198 neque
699 3116 751 3178 ad·
791 3118 880 3195 logie,
896 3128 925 3179 ct
941 3115 1083 3178 vicissim:
1101 3135 1118 3176 a
1139 3113 1200 3178 Deo
1223 3121 1323 3175 autem
1337 3128 1380 3170 re·

41 3242 46 3252 ,
150 3198 312 3262 mittendae
331 3201 391 3261 sint
413 3217 507 3260 novae
530 3201 749 3278 revelationes,
774 3204 1094 3282 ¹uelatasempcrvera
1108 3208 1193 3274 sunt,
1213 3217 1248 3260 ac
1265 3192 1380 3260 idcobis

150 3301 249 3362 neque
272 3283 502 3345 necessariae.)
523 3317 562 3330 -
589 3283 668 3346 Haec
682 3303 751 3348 vcro
792 3285 940 3348 contraria
954 3283 1119 3347 certissime
1136 3283 1220 3345 laisa.
1245 3331 1262 3364 ,

150 3366 298 3444 generalis
319 3377 349 3429 ει
376 3368 441 3429 siue
469 3368 530 3430 ulla
562 3368 752 3432 distinctione

151 3450 267 3531 prolata
289 3451 444 3533 responsio
462 3451 622 3534 approbari
651 3453 752 3515 nulla·
1027 3428 1057 3500 ς·
1080 3434 1156 3482 ²⁸⁹·

151 3544 241 3595 tenus
252 3542 359 3615 potest.
377 3533 435 3598 Sed
444 3535 523 3598 iuxta
536 3536 681 3618 principia
694 3546 753 3600 sta·
805 3557 808 3562 ·
844 3529 871 3576 ¹¹·
886 3530 922 3576 ⁰⁰
935 3527 1002 3576 '³⁰⁰³
1017 3529 1156 3588 ⁶⁰⁸m³¹¹⁰¹⁵
1170 3525 1336 3587 imm*

151 3626 217 3682 luta
235 3626 263 3680 ει
287 3619 406 3698 regulas
429 3621 626 3702 praescriptas
657 3640 753 3703 quae·
834 3619 892 3684 Per
909 3621 987 3684 lacta
1004 3621 1171 3700 dogmatica
1190 3639 1250 3682 non
1275 3612 1377 3682 intelli·

152 3703 265 3766 stiones
284 3704 441 3765 solvendae
469 3713 549 3767 sunt.
571 3703 608 3768 Et
631 3725 698 3768 cum
722 3706 752 3766 in
792 3707 997 3784 gunturlacta,
1007 3725 1084 3788 quae
1096 3707 1126 3766 in
1137 3704 1285 3802 le
1300 3699 1378 3765 autin

153 3787 302 3851 solutione
320 3787 462 3850 hincinde
479 3787 622 3868 Tlreologi
640 3790 753 3852 dissen·
793 3790 965 3874 Tradidpne
977 3790 1379 3870 continentur,quaeergorc·

153 3873 241 3948 liant,
270 3870 295 3934 si
318 3871 385 3952 quis
407 3871 458 3932 uni
485 3873 650 3936 sententiae
678 3874 752 3935 sub·
776 3863 889 3936 ¹ue‘la‘ta
906 3882 988 3950 sunt,
1005 3882 1034 3936 ct
1048 3874 1104 3936 hac
1120 3875 1157 3936 de
1172 3891 1261 3936 causa
1278 3865 1377 3933 inlalli·

155 3957 282 4032 scribit,
311 3956 397 4018 dccet
419 3965 536 4032 tamen,
562 3964 644 4018 utet
668 3958 755 4021 aliter
794 3959 894 4021 bililer
910 3959 947 4020 ab
965 3959 1097 4021 Ecclesia
1117 3957 1238 4020 decerni
1255 3957 1377 4039 possunt,

154 4040 347 4103 sentientium
363 4040 493 4102 rationes
511 4039 667 4122 expendat.
777 4042 844 4104 ,sc'd
863 4037 1070 4122 intelliguntur
1090 4043 1180 4119 lacta,
1197 4059 1273 4123 quae
1288 4038 1377 4100 intirno

794 4145 871 4190 nexu
900 4146 967 4189 curn
998 4127 1135 4206 dogmate
1160 4126 1376 4202 coniunguntur.

157 4196 397 4306 mii'i'fffflm'l}
410 4199 480 4307 :infe
499 4200 639 4248 ”mmm
658 4199 688 4248 ‘¹⁹
707 4201 754 4260 ¹⁰⁸·
794 4209 874 4274 llaec
892 4211 969 4274 lacta
988 4211 1032 4273 rel
1050 4227 1211 4292 personae,
1232 4210 1277 4272 vel
1301 4207 1377 4269 tidros

185 4313 220 4370 (2)
235 4315 261 4361 Τ.
276 4291 283 4361 l
301 4272 390 4376 raglau.
405 4317 426 4380 l.
441 4319 478 4380 78,
494 4321 545 4367 Nol.
560 4319 583 4366 2.
