2930 4736
418 215 493 261 rins
507 215 550 260 ιιι.
570 215 723 270 secamur
738 213 833 260 cucur
849 213 882 260 ιι.
1179 195 1239 259 tot

27 313 126 376 qnam
161 315 216 377 per
243 295 402 360 unanimes
422 296 641 375 'llreoloporum
723 296 811 362 lllotn.
837 292 880 357 De
898 312 1046 357 consensa
1065 293 1215 357 Ecclesiae
1230 311 1283 355 er-

26 379 208 442 doctrinas:
236 400 305 460 ergo
332 381 383 462 qui
415 380 461 456 bis
490 379 641 451 contradi·
682 377 880 442 lraccnciliari
895 380 983 459 plena
998 378 1144 440 certitudo
1160 397 1212 460 per
1226 378 1286 441 llo·

27 462 89 544 cit,
117 463 239 526 divinae
259 464 463 544 prouidentiae
486 474 516 530 et
537 463 641 532 Eccle·
683 477 803 526 manunt
813 461 987 526 Pontificem
1000 461 1162 525 obtinenda
1174 461 1285 526 estbd

29 547 95 611 siae
117 547 274 611 stabilitati
287 557 430 630 repugnat
443 557 473 610 et
491 547 643 629 proximus
681 545 872 628 insumenim
885 565 940 608 ceu
959 546 997 608 ad
1015 545 1139 608 unitatis
1149 554 1284 608 centrum

32 627 160 696 haeresi
180 634 284 695 merito
303 641 454 695 censetur.
474 631 506 710 d)
525 629 556 696 Si
572 651 642 704 ome
665 635 787 694 'omnes
804 630 954 694 Ecclesiae
970 631 1137 704 coalluunt,
1156 627 1285 710 quarum

31 733 85 775 nes
116 712 261 794 Theologi
284 726 438 793 errarent,
457 735 516 778 non
544 723 644 796 posset
682 715 749 778 ideo
769 714 1004 778 consentientem
1020 713 1106 776 lidern
1121 731 1210 775 nemo
1224 731 1286 775 me-

31 805 138 862 tacere
155 799 301 878 Ecclesia,
316 819 392 881 quae
405 818 502 881 ireque
520 808 592 862 tunc
604 808 644 862 ta·
683 800 741 865 lius
754 799 818 880 ipso
835 797 1009 877 dignoscere
1023 805 1136 879 potest.
1154 796 1192 858 Et
1209 796 1286 859 sicut

30 900 106 944 cere
123 883 216 960 solet,
236 886 355 966 quando
382 885 539 967 pauciores
565 882 644 948 circa
682 882 811 946 Romani
827 879 979 946 Pontificis
993 891 1038 944 est
1054 881 1180 943 concilia
1197 899 1287 960 gene-

30 965 129 1027 fidem
149 979 260 1030 errant.
279 969 370 1031 Error
389 970 488 1046 enirn,
509 966 558 1030 cui
582 987 643 1037 uon
683 967 758 1030 ralia
787 968 987 1044 confirmare,
1014 967 1055 1028 ita
1080 965 1119 1026 ad
1156 965 1286 1027 eundem

29 1050 644 1134 resistitur,approbatur,etveritas‚cum
683 1059 797 1132 spectat
820 1051 856 1112 de
882 1068 1028 1113 consensu
1056 1049 1208 1112 Ecclesiae
1224 1059 1285 1112 'exe

29 1152 94 1196 non
117 1134 309 1214 detenditur,
329 1136 525 1218 opprimitur,
545 1135 644 1198 -ait
685 1134 884 1198 traconciliari
905 1133 1107 1196 testinnonium
1121 1133 1286 1195 'authenti-

29 1215 233 1282 Innncentius
246 1220 306 1302 (l).
335 1219 379 1283 Er
396 1220 442 1284 his
459 1239 527 1299 ergo
548 1239 642 1302 eppa·
685 1235 751 1287 cunt
766 1219 947 1299 serraquae
967 1227 1046 1280 certe
1064 1235 1184 1279 omnem
1197 1216 1286 1279 tidem

30 1311 93 1378 ret,
117 1314 248 1384 quantus
266 1306 304 1369 sit
317 1304 533 1383 Tbeologorum
553 1305 643 1366 sclic-
686 1313 828 1379 meretur,
845 1322 912 1365 cum
926 1321 979 1384 per
994 1302 1090 1384 ipsum
1105 1335 1121 1348 ·
1133 1301 1220 1382 quasi
1234 1301 1288 1382 ρειἸ

30 1384 213 1448 lasticorum
227 1388 338 1451 ususin
352 1388 511 1466 Tlreologia
523 1388 644 1465 dogma·
683 1406 769 1450 suurn
788 1406 822 1450 os
845 1421 860 1434 -
875 1387 1011 1450 Ecclesia
1035 1385 1211 1448 universalis
1229 1386 1285 1448 do·¹

30 1469 94 1531 tica
121 1489 183 1532 nou
201 1473 297 1534 sulum
318 1472 355 1534 ad
375 1473 538 1536 doctrinam
554 1471 642 1536 Cirri—
684 1491 754 1541 cens
772 1471 922 1553 loquatur.
939 1503 982 1518 -

32 1554 70 1614 sti
93 1554 206 1616 melius
228 1555 471 1635 intelligendam,
491 1566 521 1618 et
538 1557 574 1620 arl
593 1575 645 1619 ar·
691 1607 697 1614 .
722 1593 724 1600 ·

32 1646 182 1716 gumenta
201 1639 423 1721 depromenda;
442 1640 494 1702 sed
525 1640 646 1722 praeci·
700 1693 703 1696 .
873 1635 1045 1683 ARYICUWS
1057 1637 1101 1690 111.
1190 1671 1194 1685 »

34 1741 95 1800 ριιε
123 1723 214 1784 etiam
234 1725 270 1786 ad
289 1744 466 1789 consensum
493 1725 644 1788 Ecclesiae
743 1787 746 1794 ,
812 1734 849 1782 tte
866 1733 1040 1784 montumano
1054 1735 1158 1784 obtecto.
1179 1771 1182 1778 ,

32 1807 291 1886 cognoscendum.
918 1843 1051 1915 §.aaa
1157 1839 1178 1884 ·'

281 1949 311 2020 §-
328 1955 404 2004 2³³.
553 1948 556 1976 ¹
621 1945 625 1956 ¹
840 1953 987 2004 Momentum
1001 1953 1134 2000 doetrinae.

46 2127 48 2138 ¹
190 2049 276 2098 Μ
292 2047 498 2108 ¹⁰¹¹l⁰¹⁸ffl⁰⁶¹l2
752 2057 827 2121 Dum
854 2058 891 2120 de
921 2057 1038 2121 obiecto
1067 2051 1288 2118 infallibilitatis

76 2139 271 2221 Praeterea,
290 2163 367 2224 quae
386 2144 474 2206 modo
492 2142 646 2225 proposita
671 2145 851 2225 nucerina,
871 2142 1011 2206 veritates
1031 2141 1238 2222 inquiruntur,
1256 2138 1286 2200 iu

33 2234 122 2302 sunt,
143 2227 203 2288 alia
223 2246 342 2309 quoque
361 2229 460 2290 media
481 2229 590 2291 dantur
607 2229 644 2290 ad
686 2229 795 2308 quibus
810 2224 1221 2294 declarandisetdebuiendis
1234 2223 1291 2286 Ec·

36 2329 220 2372 consensum
243 2310 393 2376 Ecclesiae
416 2312 645 2376 extraconcllia'-
686 2312 776 2374 clesia
791 2311 1068 2378 dono'inerranliae
1085 2309 1205 2388 gaudet.
1224 2305 1288 2369 tta·

34 2412 103 2456 rem
120 2395 372 2473 cognoscendum.
387 2395 417 2476 a)
432 2395 464 2458 In
476 2396 580 2477 primis
590 2396 646 2458 Ec·
685 2396 736 2474 gni
752 2397 896 2460 momenti
908 2396 981 2458 haec
995 2395 1130 2477 quaestio
1146 2393 1211 2454 iure
1222 2409 1290 2454 ceu·

34 2477 150 2539 clesiae
168 2479 295 2541 saeculis
323 2479 360 2542 ad
382 2479 412 2542 id
431 2480 647 2546 ordinabantur
686 2489 788 2557 setar,
815 2481 885 2562 quia
909 2480 1007 2559 grauia
1031 2477 1221 2558 incommoda
1238 2494 1288 2538 se·

33 2562 144 2625 literne
160 2563 306 2643 formatem
335 2582 388 2625 seu
414 2565 644 2644 caramanicoto·
689 2574 837 2644 quantur,
859 2573 921 2627 tum
943 2564 969 2626 sl
991 2561 1212 2625 infallibilitatis
1231 2559 1295 2621 ob·.=

33 2646 117 2722 rice,
137 2646 168 2706 iu
188 2647 298 2728 quibus
312 2645 451 2730 Episcopi
467 2648 644 2712 senteutiam
687 2648 796 2722 iectura
823 2647 950 2712 nimium
973 2647 1158 2722 extenditur,
1182 2653 1251 2705 turn.
1264 2642 1290 2704 si

34 2748 124 2792 suam
145 2730 387 2809 manifestarunt,
407 2741 437 2794 et
454 2751 529 2814 quas
542 2752 596 2796 ceu
613 2735 647 2796 st-
688 2732 813 2808 nimium
831 2730 1083 2808 restringitur.-
1095 2728 1126 2792 Si
1143 2727 1224 2790 enim
1235 2726 1290 2789 Ec·

36 2812 88 2876 dei
108 2821 235 2875 tesseras
260 2815 318 2876 sibi
337 2816 463 2879 invicem
487 2817 650 2894 miseruut,
687 2815 778 2880 lesiae
800 2814 999 2880 infallibilites
1021 2813 1240 2875 adscriberetur
1258 2811 1290 2872 in

37 2930 82 2944 -
102 2895 136 2977 b)
156 2895 231 2968 Quid
246 2897 385 2981 Episcopi
401 2901 481 2964 circa
501 2901 645 2978 variasfi-
688 2900 737 2977 iis,
756 2899 788 2963 in
808 2899 916 2980 quibus
934 2899 991 2960 boc
1009 2897 1161 2979 privilegio
1180 2894 1290 2956 donata

37 2981 87 3044 dei
105 2981 256 3044 doctrinas
274 2986 417 3061 sentiant,
431 2985 543 3066 optime
555 2985 644 3048 etiarn
689 3001 748 3044 non
761 2992 818 3062 est,
830 3001 925 3061 error,
938 2981 990 3064 qui
1006 3001 1041 3044 ea
1055 2981 1110 3042 bac
1127 2986 1210 3062 parte
1223 2995 1291 3058 pos-

39 3065 177 3145 (lignosei
193 3077 289 3148 potest
304 3085 342 3130 ear
355 3069 440 3132 libris
457 3068 577 3150 publica
595 3088 647 3130 au·
688 3068 783 3133 sibilis
800 3076 889 3144 esset,
909 3068 940 3130 in
962 3066 1120 3130 marimum
1139 3061 1292 3126 Ecclesiae

37 3149 195 3225 ctoritate,
211 3150 232 3212 i.
252 3169 280 3214 e.
293 3152 478 3234 approbante
495 3152 644 3218 ueletiam
688 3153 882 3234 opprobrium
898 3161 927 3215 et
944 3149 1106 3230 lleligionis
1124 3145 1296 3210 detrimcu-.

37 3234 165 3296 iubente
181 3233 327 3318 Episcopo
347 3237 446 3314 editis,
465 3236 509 3300 uti
528 3247 598 3300 sunt
611 3237 646 3300 li·
689 3247 750 3299 tum
769 3245 913 3315 vergeret.
937 3234 1039 3307 ‹Qnts
1056 3234 1136 3297 enim
1156 3251 1216 3294 non
1243 3231 1289 3294 ιι-

38 3317 87 3380 ιιιι
104 3318 267 3398 symbolica
285 3321 426 3398 rituales,
441 3329 646 3387 accremento·
687 3321 767 3396 deat,
790 3322 832 3384 ait
850 3321 1039 3384 Mnmtcrina
1050 3320 1111 3401 (3),
1124 3318 1149 3380 si
1160 3317 1191 3379 iu
1210 3334 1289 3394 uno,

39 3403 81 3464 lea
98 3412 146 3464 etc
161 3401 221 3484 (ι).
241 3404 270 3486 ε)
288 3403 423 3486 lienique
439 3406 527 3468 etiarn
552 3423 590 3469 ec
607 3424 646 3467 u·
688 3406 768 3487 quod
779 3423 847 3468 nere
859 3405 899 3466 ad
908 3404 1058 3466 Ecclesiae
1069 3403 1215 3465 iudicium
1225 3421 1291 3482 per·

38 3487 184 3550 nicereoll
200 3494 226 3549 et
242 3491 389 3552 cortatcati
402 3489 594 3572 persuasione
607 3491 646 3570 d*
689 3491 794 3565 tinent,
815 3487 1008 3550 ecclesiastici
1023 3487 1138 3550 iudices
1151 3486 1291 3549 aberras-

38 3571 155 3633 delicm
179 3571 343 3634 doctrinam
362 3574 511 3655 quandam
535 3591 590 3636 ceu
609 3575 647 3636 ti·
688 3593 721 3638 sc
751 3572 1033 3654 deprehendantur,
1063 3589 1188 3633 necesse
1213 3589 1291 3651 quo·

39 3654 90 3715 dei
108 3654 218 3732 dogma
236 3657 455 3736 profitentium,
480 3666 532 3720 aut
557 3658 645 3722 etiarn
689 3673 844 3738 que'esse,
864 3665 897 3718 ut
909 3655 944 3718 ia
962 3653 1069 3717 ceteris
1087 3653 1227 3716 omnibus
1241 3671 1291 3715 er·
1396 3658 1399 3667 '

39 3755 80 3801 ec
92 3739 334 3820 procifidele'arn
349 3761 410 3804 non
427 3741 647 3806 solumtolcra-
689 3741 750 3811 ccci
768 3739 927 3806 obnoxiam
955 3738 1119 3802 Ecclesiam
1145 3737 1291 3801 conlitea-

37 3831 83 3898 ta,
100 3821 155 3884 sed
173 3824 263 3886 etiarn
282 3825 447 3908 approbata
461 3834 512 3889 aut
524 3844 648 3907 praece·
690 3824 820 3890 murl-
835 3825 878 3886 sic
897 3823 969 3886 duur
983 3824 1098 3886 incerta
1115 3831 1145 3884 et
1158 3818 1299 3884 indebita

37 3913 106 3987 pta,
119 3925 211 3989 saepe
229 3908 301 3970 satis
318 3919 380 3972 tuto
391 3909 522 3990 dignosci
539 3918 647 3990 potest,
692 3911 755 3972 iura
768 3905 805 3976 s.
824 3907 998 3973 Pectoribus
1016 3907 1233 3981 conceduntur,
1248 3912 1300 3966 et·-

37 3990 112 4070 quid
134 3990 273 4074 Episcopi
299 3995 430 4056 sentiant
452 4001 483 4057 et
509 3994 646 4056 doceant.
690 3993 881 4056 iarncertaet
895 3991 996 4056 debita
1012 3992 1043 4054 iu
1063 3988 1226 4072 periculum
1240 3986 1293 4050 atl-

35 4072 131 4136 Fines
148 4077 227 4136 enlm
248 4075 401 4141 Ecclesiae
421 4076 563 4154 discentis
582 4097 649 4140 um·
690 4078 851 4140 ducuntur.
871 4107 916 4124 -
930 4074 960 4140 Si
976 4085 1074 4138 eutem
1093 4070 1299 4137 infallibiliter

36 4157 113 4219 aino
137 4159 231 4222 atide
257 4159 410 4226 Ecclesiae
435 4161 570 4228 docentis
593 4160 649 4224 de·
693 4161 729 4224 tis
742 4160 891 4224 obiectum
905 4159 994 4224 nimis
1006 4157 1192 4236 restringitur
1203 4153 1293 4217 etEc·
1325 4231 1327 4236 Δ

34 4242 161 4324 pendet.
691 4246 800 4318 clesice
819 4244 983 4308 inerrantia
1002 4243 1033 4304 ia
1052 4241 1090 4302 iis
1105 4249 1243 4323 negatur,
1261 4239 1294 4302 in

66 4348 99 4411 (ιι
116 4349 148 4398 aa
162 4349 217 4398 um.
232 4363 254 4399 c.
265 4335 351 4400 cri-tr.
411 4348 441 4414 (a)
453 4349 486 4402 ct
497 4350 519 4414 ι.
530 4351 650 4414 toene
721 4351 755 4414 a)
771 4353 803 4400 ue
816 4353 857 4409 aa
877 4350 966 4398 moute.
981 4346 1065 4409 nne.
1081 4348 1119 4398 rs.
