2962 4736
190 159 250 224 5¹2
586 173 771 224 monetae
790 175 953 224 messus
1209 210 1212 219 .

150 251 221 318 Ideo
236 249 427 316 senatorius
444 251 477 314 ia
497 250 627 328 homins,
643 253 680 314 de
699 270 751 314 rs-
791 254 862 316 oriri
884 260 990 334 potest.
1018 249 1150 315 Dubitari
1169 267 1275 331 nempe
1294 247 1337 314 de
1362 266 1401 312 re

150 339 286 404 bussina
307 341 424 421 praecio
446 340 581 404 eramiae
605 340 751 424 perceptis
790 341 889 419 aliqua
918 347 1037 422 potest,
1065 358 1125 402 non
1152 339 1233 422 quasi
1254 356 1302 401 res
1325 337 1403 418 ipsa

150 427 314 510 prudenter
326 428 492 493 dubitandi.
508 427 549 492 ex
574 430 677 494 eedem
702 447 752 492 ra·
791 437 928 510 suspecte
948 429 997 505 sit,
1019 428 1073 490 sed
1088 435 1121 490 ut
1135 427 1304 502 dubitando,
1322 445 1403 490 exa·

150 516 232 580 tione
246 517 333 580 etism
348 517 379 580 in
394 515 567 596 gravissimo
590 517 753 596 Religionis
791 517 943 593 minando,
958 516 1002 578 rel
1018 515 1205 598 disputando,
1220 533 1266 576 res
1280 515 1402 576 clarior

150 605 372 684 negotiaboma
387 613 483 686 potest
507 615 538 670 et
562 606 651 670 debet
671 605 752 668 illius
792 611 822 670 et
852 604 959 669 certior
990 605 1058 668 liat:
1088 613 1119 667 et
1144 603 1216 664 hacc
1245 601 1400 666 dubitatio

150 691 303 756 mritatem
317 699 347 756 et
361 691 689 758 notnseeetbitintts
702 693 752 756 iu·
793 703 873 758 certe
893 694 999 757 rationi
1029 702 1225 756 consentanea
1251 699 1281 754 et
1310 690 1401 752 licita

149 779 362 862 uestigare(ll.
793 793 847 848 est
874 783 927 846 hst
959 781 1086 848 dubitari
1112 781 1198 845 etiam
1230 787 1328 862 potest
1359 799 1401 842 cx

190 867 221 936 2.
244 869 276 934 Si
302 869 400 950 agilum
427 871 464 933 de
490 869 645 952 Religione
669 870 753 933 inre·
793 871 930 953 superbia
960 878 989 933 et
1009 871 1124 934 leuitate
1145 869 1254 947 animi,
1282 876 1338 958 aut
1362 887 1402 930 ex

151 957 273 1035 nienda,
290 958 384 1022 multa
403 977 420 1022 a
439 959 553 1023 ratione
577 959 753 1042 praestantia
794 959 982 1044 perversitate
1004 961 1103 1023 cordis
1123 959 1159 1028 ad
1180 959 1224 1021 rei
1237 957 1401 1022 ueritatem

152 1053 232 1118 sunt,
248 1063 324 1125 quae
347 1054 486 1128 nuquam
512 1045 702 1128 praeambula
716 1047 754 1108 u·
794 1067 852 1113 nou
867 1049 1088 1114 examinandam
1099 1056 1129 1114 et
1143 1045 1402 1128 cognoscendam,

153 1133 201 1197 dei
217 1133 344 1212 spectari
365 1141 499 1214 possunt.
520 1133 652 1198 Rationis
673 1133 751 1198 inim
794 1139 846 1202 sed
876 1137 1091 1202 obscurandam
1112 1145 1142 1199 et
1163 1134 1402 1208 destruendam,

153 1228 211 1299 est,
234 1217 287 1284 Dei
307 1221 506 1298 existentiam,
529 1223 598 1286 dein
621 1222 753 1300 Religio·
793 1227 873 1308 quod
888 1245 946 1292 nou
962 1244 1027 1290 raro
1050 1226 1079 1290 in
1100 1223 1161 1287 illis
1175 1221 1328 1300 contingit,
1342 1223 1403 1302 qui

153 1309 201 1372 uis
215 1309 460 1373 acRerelationis
483 1320 544 1374 tum
571 1311 753 1393 possibilita·
794 1314 831 1378 ob
854 1333 951 1378 utores
972 1331 1042 1378 suos
1070 1325 1224 1392 corruptos
1243 1318 1400 1390 optarent,

155 1407 229 1478 tem,
245 1407 307 1462 tum
330 1400 537 1462 necessitatem
552 1400 691 1482 probare,
707 1407 753 1462 at·
794 1411 827 1466 ut
847 1421 915 1468 vera
934 1421 995 1466 non
1015 1402 1053 1464 sit
1073 1399 1186 1479 Religio
1207 1398 1400 1480 Christiana:

154 1505 213 1568 que
233 1487 352 1550 demum
380 1486 567 1551 obsonatores
590 1488 752 1567 assignare,
795 1491 862 1556 talis
882 1501 981 1556 autem
1010 1489 1154 1552 dubitatio
1180 1487 1284 1552 rationi
1317 1506 1401 1550 con-

154 1574 263 1656 quibus
277 1593 347 1638 vera
359 1574 508 1640 Revelatio
529 1595 546 1638 a
566 1575 640 1639 laisa
653 1593 753 1640 aecer·
795 1580 895 1658 traria,
915 1579 1051 1662 improba
1069 1587 1098 1640 at
1112 1575 1259 1640 reiieeuda
1271 1584 1330 1640 est.
1357 1611 1402 1628 -ι-

153 1663 311 1744 111111ίῖ).
795 1669 824 1747 bl
847 1668 999 1732 Geuuinns
1021 1685 1139 1749 quoqne
1172 1663 1400 1727 indubitando

194 1751 225 1814 3.
240 1749 324 1816 Retio
339 1769 457 1835 quoque
471 1751 668 1818 Rersietionia
683 1751 754 1815 ehr-
795 1761 901 1822 modus
922 1757 1082 1821 sanandus
1112 1762 1177 1817 est:
1200 1753 1285 1820 sicuti
1311 1753 1400 1814 enim

154 1850 284 1906 moeres
298 1841 395 1919 verbs,
412 1860 486 1923 qnae
507 1859 539 1904 so
553 1841 695 1904 revelatas
708 1840 755 1904 di·
795 1847 884 1911 bomo
905 1865 937 1910 se
957 1848 993 1910 ab
1023 1843 1174 1910 erroribus
1204 1841 1402 1924 praemunire

155 1936 244 2007 cunt,
266 1929 470 2008 Religionibus
491 1929 636 2010 applicat,
658 1937 689 1994 cl
712 1927 754 1991 sic
797 1946 892 2019 potest
911 1945 942 1999 et
962 1935 1060 2010 dehet,
1084 1934 1127 1996 sic
1141 1931 1227 1994 etiam
1241 1929 1401 1992 veritatem

154 2035 253 2080 imm
281 2016 498 2106 Revelationem
519 2017 654 2092 11110111,
681 2017 702 2081 ἱ·
724 2035 752 2080 0·
797 2045 938 2107 respuere
960 2022 1142 2104 prohibetur,
1163 2021 1223 2085 imo
1237 2019 1310 2080 bano
1327 2037 1402 2080 am-

156 2105 311 2182 ostcndit,
345 2104 529 2185 Religionem
564 2105 753 2168 christianam
796 2113 885 2195 plecti
905 2113 1034 2176 iubetur.
1050 2109 1172 2174 (initeris
1192 2125 1261 2184 ergo
1279 2105 1400 2168 uerita.

154 2211 223 2255 rere
241 2211 258 2254 a
278 2192 339 2256 Dee
359 2195 527 2270 revelatam,
550 2202 579 2258 et
599 2193 635 2258 ab
657 2193 755 2256 omui·
796 2201 833 2266 rin
848 2201 1020 2283 prudenter,
1035 2197 1187 2260 humiliter
1199 2203 1228 2256 et
1242 2191 1402 2256 moderate

155 2279 212 2343 bus
228 2281 446 2361 suscipiendam
463 2282 596 2364 158913).
796 2289 996 2368 interliganda
1010 2296 1089 2362 sunt,
1101 2295 1130 2348 et
1144 2283 1266 2362 cognitis
1280 2290 1326 2343 sat
1342 2285 1400 2344 so}

195 2369 224 2432 1.
239 2369 322 2432 Ratio
337 2369 468 2449 demum,
490 2369 547 2432 iem
570 2387 623 2452 per
642 2367 753 2432 revela·
796 2380 864 2442 lidia
885 2377 1067 2457 argumentis
1089 2377 1162 2438 fides
1183 2370 1319 2434 habenda
1335 2379 1396 2432 est.

154 2457 266 2519 tionem
290 2456 446 2535 illustrata,
475 2477 511 2520 ex
536 2459 625 2535 notis,
648 2457 756 2540 quibus
796 2467 881 2532 Nefas
909 2469 1039 2550 prolecto
1060 2474 1127 2540 est,
1149 2463 1185 2526 de
1219 2459 1400 2522 certissimis

155 2541 235 2610 Dens
249 2541 411 2606 Ecclesiam
432 2563 450 2606 a
470 2561 502 2606 sc
523 2545 687 2609 institutam
708 2545 756 2606 in·
798 2557 974 2640 principiis,
996 2553 1108 2630 rebus,
1129 2561 1179 2614 aut
1199 2549 1279 2612 iactis
1299 2547 1401 2612 dubi.

156 2632 296 2714 signiuit,
317 2650 414 2694 reram
436 2631 598 2696 Rcclesiam
628 2653 646 2696 a
675 2631 756 2696 lalsis
796 2656 869 2723 aare,
891 2663 967 2726 (pugg
995 2640 1144 2706 communi
1164 2655 1308 2702 consensu
1340 2655 1400 2704 su.

157 2739 324 2796 secernere,
338 2739 391 2783 seu
414 2730 494 2784 certo
517 2721 675 2785 ostendere
689 2729 757 2804 pot·
796 2736 973 2818 eripimur,
995 2733 1068 2796 021„
1084 2729 1190 2812 quibus
1205 2744 1263 2790 „011
1276 2724 1400 2790 dingen.

156 2817 224 2888 est,
246 2809 337 2872 solam
368 2808 529 2874 Ecclesiam
550 2809 756 2873 Romano-ca-
797 2824 892 2900 flung,
916 2823 974 2885 nisi
1004 2822 1056 2903 qni
1075 2820 1121 2884 vel
1140 2826 1238 2880 mente
1267 2813 1399 2892 stupidi,

155 2897 297 2960 tholicam
312 2915 378 2962 esse
392 2917 490 2964 veram
500 2897 662 2964 Ecclesiam
676 2895 758 2962 Chri·
797 2914 841 2978 pgr
869 2913 1059 2996 pmrugjgrjg
1077 2919 1109 2976 gp
1129 2903 1314 2989 passionibus
1339 2901 1400 2966 οι).

157 2985 266 3070 311111·
648 3053 649 3058 1
795 3004 906 3067 caecati
926 3011 1006 3065 sunt.
1023 3001 1174 3066 hbsonom
1194 3010 1311 3075 quoque
1335 2999 1398 3066 0³²2

398 3075 422 3150 ὅ
441 3081 519 3136 ⁸⁰¹
797 3091 1032 3158 mathematicam
1054 3085 1271 3158 certitudinem,
1287 3079 1353 3142 siue
1367 3098 1402 3142 e-

323 3163 592 3220 ³·¹’·²²¹⁰¹¹¹⁸¹¹m¹⁸⁶⁸·
798 3179 953 3244 uidentiam
983 3193 1104 3258 poscere
1134 3175 1165 3236 in
1185 3171 1232 3248 iis,
1261 3186 1340 3249 queo
1361 3186 1401 3231 ex

165 3313 171 3327 2
199 3271 227 3332 1.
240 3268 282 3334 tte
296 3269 416 3334 ueritate
437 3270 599 3352 Religionis
621 3269 757 3334 christia·
796 3269 859 3334 sola
886 3269 1059 3332 auctoritate
1081 3263 1217 3342 cognosci
1241 3266 1399 3340 possunt;

64 3435 67 3444 ⁴
156 3377 215 3422 nae
228 3351 382 3436 dubitare,
404 3379 452 3422 res
473 3369 518 3422 est
539 3359 625 3441 plena
641 3360 758 3441 pericu·
796 3377 864 3422 sam
895 3359 960 3440 ipsa
979 3353 1170 3435 Philosophia
1189 3350 1294 3452 docet,
1319 3345 1400 3408 lecta

158 3446 192 3525 113
213 3465 281 3509 eam
296 3446 405 3528 dubius
425 3448 456 3512 in
477 3449 537 3512 dds
557 3449 685 3512 inlidelis
699 3457 755 3520 cst,
797 3467 832 3512 cx
853 3447 1030 3513 authenticis
1052 3448 1260 3511 monumentis,
1282 3447 1314 3498 et
1333 3453 1399 3497 non

157 3545 193 3600 ut
226 3536 334 3600 dicitur
354 3535 423 3617 Cap.
454 3535 468 3601 Ι
499 3538 536 3600 de
565 3537 700 3615 haeret,
728 3548 757 3600 et
799 3556 851 3619 per
864 3537 1078 3619 speculationes
1093 3527 1309 3614 philosophicas
1323 3544 1399 3608 pro·

157 3625 250 3690 homo
264 3643 317 3709 pro
338 3625 507 3689 infirmitate
522 3645 586 3702 sua,
602 3626 691 3689 dubia
706 3645 758 3688 er·
797 3627 893 3689 banda
906 3645 973 3690 esse
986 3619 1041 3704 (5).
1235 3695 1249 3719 s
1299 3701 1306 3718 ι
1328 3701 1335 3715 ·

159 3713 253 3778 eitam
274 3721 304 3778 et
324 3716 470 3792 nutriens,
492 3715 523 3778 in
544 3733 660 3780 errores
674 3715 757 3778 laaile
844 3715 874 3778 R.
903 3713 1043 3794 Cognitae
1076 3707 1244 3773 revelationi
1278 3703 1397 3766 dinnae

156 3802 334 3885 prolabitur.
355 3803 422 3886 ipsa
441 3821 511 3884 ergo
529 3805 674 3868 dubitatio
695 3812 756 3868 tum
798 3806 885 3868 homo
907 3806 1049 3868 rationem
1077 3821 1159 3865 suam
1182 3797 1297 3882 penitus
1318 3791 1399 3856 sub-

118 3909 120 3914 ·
160 3893 257 3974 quoad
279 3911 412 3968 censam,
434 3911 469 3954 ex
490 3912 548 3974 qna
568 3894 673 3970 oritur,
695 3899 755 3957 tum
799 3893 926 3970 mittere,
949 3901 978 3956 et
998 3912 1044 3972 ca,
1060 3910 1135 3978 quae
1155 3909 1172 3952 a
1191 3887 1251 3952 boo
1267 3883 1400 3950 revelata

160 3981 256 4062 quoad
278 3977 408 4056 modum,
430 3999 489 4062 quo
510 3981 681 4063 suscipitur,
710 3983 758 4046 in·
798 3992 875 4060 sunt,
891 3983 1012 4046 credere
1027 3981 1122 4058 debet,
1135 3975 1279 4059 neneuia
1292 3993 1331 4038 ex
1346 3993 1399 4042 ta·

158 4075 207 4130 ter
240 4069 334 4132 iustos
362 4067 471 4132 limites
501 4079 547 4132 cst
572 4071 755 4134 coarctanda.
799 4072 927 4136 tionibus
941 4070 1109 4146 intrinsecis
1129 4087 1165 4135 ee
1184 4085 1251 4128 tert
1263 4083 1335 4131 0⁵⁵0
1351 4084 1402 4129 co·

147 4151 192 4234 a)
213 4155 359 4219 Dubitatio
383 4158 461 4224 enim
483 4177 517 4220 ex
539 4157 649 4240 duplici
671 4180 758 4227 causa
798 4161 923 4242 runaut,
945 4159 998 4230 sed
1023 4167 1145 4248 propter
1165 4156 1217 4224 Dei
1237 4153 1402 4222 revelantis

189 4259 220 4312 gl)
234 4259 269 4304 cl.
285 4261 398 4308 Rurator.
411 4262 441 4308 de
452 4265 530 4322 ingen.
540 4263 658 4312 moderat.
668 4277 721 4322 cap.
735 4269 757 4316 2.
824 4269 845 4372 pt
869 4267 974 4314 Pomone
988 4268 1005 4314 1.
1019 4279 1039 4314 c.
1073 4279 1123 4324 rop.
1133 4269 1155 4312 1.

189 4308 221 4362 lei
235 4311 339 4358 Persona
351 4317 369 4358 t.
401 4349 407 4368 ,
423 4328 445 4372 p.
458 4321 479 4368 3,
492 4329 512 4362 s.
528 4319 546 4372 l,
558 4329 579 4364 o.
589 4320 609 4374 t.
619 4329 644 4366 a.
658 4319 677 4375 i.
689 4331 725 4377 pr.
737 4319 757 4366 l.

189 4362 220 4418 (³1
233 4363 267 4409 cl.
278 4326 409 4415 Parroueff.
421 4380 442 4416 c.
457 4381 526 4429 prop.
536 4373 558 4418 8.
802 4383 857 4424 ceo.
872 4375 894 4420 2.
906 4376 927 4419 ⁵.

835 4323 856 4371 st
871 4321 905 4366 ct.
920 4321 1033 4368 iterator.
1066 4322 1169 4379 etngsa.
1183 4317 1300 4367 moderat.
1315 4317 1364 4367 ltb.
1379 4321 1401 4378 1,
1467 4365 1468 4370 ,
