2934 4736
413 217 487 263 PARS
502 217 533 262 ll.
554 217 655 262 sacrm
671 217 703 260 11.
724 213 818 261 CAPUT
837 215 876 258 tv.

66 293 207 374 languores,
224 305 251 359 et
266 299 390 379 spiritua
406 290 535 376 aequom
552 315 637 378 epre-

66 379 197 442 dialuntor
211 381 271 462 (l).
287 383 388 464 Neque
411 381 541 446 dubitari
570 391 639 468 pqt-

67 470 110 536 est,
124 464 180 542 pari
199 466 288 527 modu
312 476 342 528 et
359 465 490 547 reliquos
514 467 640 548 Aposto-

65 543 99 605 los
113 546 243 609 miracula
261 563 403 633 patrasse.
424 551 457 612 ln
472 567 580 630 genere
603 568 638 611 e·

65 629 112 688 uim
125 630 157 690 de
168 631 315 713 Apostolis
324 635 444 696 dicitur:
461 635 556 699 Multo
568 643 641 696 tem-

61 728 117 790 pore
129 715 267 778 demorati
285 727 375 794 sucat,
398 719 577 799 fiducialiter
600 736 637 782 a·

62 807 140 889 genter
154 801 186 860 io
202 801 340 878 Domino,
358 803 554 865 testimonium
565 819 637 882 par·

62 879 155 942 latente
165 884 252 946 arato
266 888 381 966 gratioe
397 905 480 963 suae,
499 888 587 949 ducta
598 887 639 948 si-

61 980 110 1041 quo
126 975 148 1028 at
159 969 300 1050 prodigio
315 972 382 1051 ptari
396 989 452 1052 per
469 989 575 1033 monas
592 987 639 1032 ao-

61 1064 117 1108 mn
138 1050 190 1130 (b).
217 1052 255 1114 Et
279 1053 389 1116 Paulus
409 1057 461 1131 ait,
482 1055 639 1135 Apostolos

62 1147 106 1206 ea,
126 1151 193 1214 quae
221 1137 402 1217 audierunt,
427 1139 634 1220 praedicasse,

61 1223 211 1282 contestante
230 1224 289 1284 Deo
304 1223 421 1303 alpais,
438 1234 463 1286 et
480 1223 636 1303 portentis,

61 1303 347 1384 etcuriiaoirtutibue‚
367 1316 394 1370 et
409 1307 579 1387 SpiritasS.
592 1307 638 1369 di-

60 1385 639 1454 rtrilutiouibosacciendumauumuolam-

61 1471 129 1560 lqlrm
153 1472 210 1551 (3).
243 1473 302 1554 lpsi
322 1495 390 1554 ergo
409 1476 542 1557 Apostoli
563 1494 637 1535 ran-

60 1548 112 1612 lule
127 1553 192 1616 lassi
209 1569 297 1634 sunt,
317 1578 349 1620 se
367 1578 428 1620 nou
451 1558 638 1622 naturalibus

60 1635 106 1728 spis
121 1641 285 1716 conatibus,
298 1643 349 1704 sed
364 1644 568 1725 spiritualibus
586 1661 638 1703 au-

60 1717 120 1780 nliis
132 1720 312 1802 Religionem
326 1727 517 1788 christianam
532 1746 638 1808 propa-

59 1817 134 1876 gasse.
150 1805 249 1889 Neque
268 1829 316 1871 res
330 1811 418 1873 aliter
433 1811 550 1893 concipi
568 1821 637 1891 pot·

60 1894 102 1960 cst,
119 1907 194 1968 nam,
208 1903 241 1954 ut
258 1895 330 1955 satis
347 1895 440 1957 solide
459 1896 500 1956 ait
517 1895 549 1959 S.
568 1895 637 1958 Aa·

58 1972 173 2046 gestiam
191 1975 227 2037 de
242 1977 414 2041 incredulis:
436 1998 451 2040 t
465 1977 495 2040 Si
511 1979 639 2040 miracu·

59 2051 80 2111 la
91 2054 157 2118 lacta
171 2079 236 2122 esse
250 2081 308 2123 non
321 2064 457 2140 creduut,
476 2064 532 2124 hoc
550 2063 637 2124 nobis

59 2153 133 2200 uuum
161 2145 273 2220 grande
303 2147 479 2208 miraculum
507 2148 635 2223 sufficit,

59 2223 120 2297 quod
136 2234 278 2290 terrarum
297 2230 379 2292 urbis
398 2232 463 2293 sine
481 2231 547 2293 aliis
576 2231 635 2292 mi-

59 2307 147 2369 raculis
160 2313 285 2374 credidit
294 2315 373 2395 (l)a.

85 2392 167 2481 ¹ltloto
185 2396 214 2457 l.
247 2397 311 2459 Non
338 2399 466 2476 desunt,
487 2397 537 2480 qui
567 2417 635 2460 curn

61 2469 298 2561 diotmatiisque
313 2482 473 2544 incredulis
488 2483 634 2563 prolatum

59 2571 240 2632 argumentum
263 2566 449 2647 impugnare,
470 2577 499 2629 et
516 2567 637 2628 celerri-

60 2642 288 2729 mamlleligionis
299 2650 478 2712 christianae
489 2669 636 2731 propaga·

59 2725 147 2814 bouem
174 2734 351 2795 naturaliter
378 2735 526 2816 explicare
543 2753 637 2796 cona·

60 2809 75 2862 lt
93 2821 161 2874 sunt.
185 2815 280 2894 Hunc,
301 2818 394 2894 aiunt,
412 2819 539 2881 maxime
565 2839 635 2898 pro·

60 2903 191 2978 uenerunt
218 2900 251 2980 a)
280 2910 321 2962 tut
354 2902 532 2983 populorum
561 2922 635 2964 con·

58 2978 149 3070 iunctio
166 2985 221 3044 suh
237 3003 297 3058 una
315 2986 434 3066 imperii
452 2987 568 3048 romani
584 3005 636 3047 au-

58 3062 181 3142 ctoritate,
201 3087 261 3149 quo
279 3069 389 3130 lactum
413 3081 474 3146 est,
495 3079 527 3131 ut
558 3071 636 3132 larua

58 3135 126 3233 louge
142 3149 257 3231 lateque
272 3163 485 3234 propagaretur
499 3173 592 3216 nouae
607 3154 635 3216 i·

57 3231 116 3318 stius
132 3234 290 3312 religionis3
317 3238 482 3316 b)‘ind0les
500 3238 635 3318 philoso-

57 3303 137 3398 litta
156 3336 232 3398 quae
252 3321 302 3381 illo
322 3321 463 3402 tempore
480 3322 511 3382 iu
532 3323 635 3404 mysti-

56 3403 159 3458 crsutum
179 3411 209 3465 et
226 3421 326 3465 rerum
348 3415 535 3468 externarum
566 3425 636 3468 con·

57 3477 159 3567 lentum
192 3487 411 3552 declinauerat:
441 3489 471 3571 c)
498 3508 635 3552 commu·

57 3571 94 3617 uro
111 3563 248 3632 bonorum
267 3581 296 3634 et
315 3583 417 3635 mutua
440 3573 560 3650 caritas,
586 3575 635 3635 iu·

57 3644 92 3735 ier
106 3648 276 3718 christianos
296 3665 366 3718 tunc
389 3657 532 3738 temporis
560 3677 636 3720 con·

56 3737 150 3808 spicea,
165 3756 218 3816 per
231 3758 319 3820 quam
334 3742 517 3823 pauperibus
531 3743 568 3804 de
583 3761 637 3804 ne·

56 3818 163 3899 tessaria
180 3827 398 3886 sustentatione
427 3825 545 3886 abunde
564 3845 635 3906 pru·

57 3903 132 3959 risum
151 3915 230 3985 erat3
262 3909 294 3988 d)
313 3909 439 3971 assertio
458 3909 636 3971 christiano·

57 3987 118 4065 run,
143 4005 216 4066 qnae
235 4009 354 4054 ornnem
373 4011 456 4072 spem
480 3994 585 4054 salutis
605 4013 636 4054 a·

55 4050 107 4121 liter
121 4074 312 4137 sentientibus
340 4076 467 4154 ademit,
488 4077 636 4139 credenti·

77 4155 103 4230 tlt
117 4167 158 4213 aet.
172 4170 210 4228 re,
225 4171 263 4217 aa.
382 4172 413 4234 (a)
429 4175 486 4222 totu.
504 4174 539 4232 tr,
554 4177 576 4220 a.

77 4215 100 4272 (q
115 4223 176 4275 llebr.
192 4232 212 4288 2,
228 4231 251 4276 t.

78 4275 102 4334 (tt
113 4281 139 4328 lte
151 4289 195 4332 t'lv.
208 4289 250 4336 net
261 4291 275 4336 l.
286 4291 323 4350 22,
335 4302 356 4337 c.
367 4293 388 4338 5,
399 4291 432 4338 cl.
444 4293 466 4336 S.
475 4292 631 4348 Chmsostom.

54 4328 102 4382 ⁰¹²¹·
110 4341 128 4399 5.
136 4356 154 4391 c.
162 4349 243 4396 Geuttt.
255 4349 322 4396 iluna
331 4352 395 4408 quod
404 4354 505 4400 ebriatur
514 4357 549 4400 est
559 4353 630 4400 licus.

1174 190 1235 254 aut

678 287 1279 373 busueroetbaptismumsuscipientibus

678 379 794 442 ueniam
813 378 948 439 omniurn
965 382 1167 457 peccatorum,
1184 383 1213 435 et
1226 393 1279 437 ae·

680 473 793 526 ternam
812 461 983 524 felicitatem
1007 460 1155 539 promisit3
1176 458 1207 539 e)
1229 458 1281 520 de·

679 567 759 610 mum
771 547 895 624 allegata
911 543 1110 606 achristianis
1122 543 1278 620 miracula,

679 632 788 712 quibus
811 631 946 712 plerique
967 645 1086 690 caecam
1113 626 1201 688 iidem
1228 627 1280 688 ad·
1311 621 1314 628 '

678 714 852 778 hihueruut.
868 747 910 760 -
930 711 986 774 Sed
1006 729 1114 772 causae
1134 709 1209 773 istae
1232 730 1279 772 as·

678 799 811 877 signatae
837 798 873 860 ad
901 797 1067 858 mirabilem
1097 794 1279 857 christianae

678 883 831 961 religionis
849 881 1090 964 propagationem
1103 880 1280 942 naturaliter

679 967 882 1050 explicandam
908 967 1079 1026 nullatenus
1107 963 1276 1042 sulliciuut,

678 1053 748 1133 quia
766 1071 820 1134 per
837 1052 902 1112 illas
922 1068 976 1111 nec
994 1047 1209 1128 impedimenta
1220 1042 1280 1110 lor-

679 1136 824 1197 tissimae
843 1135 941 1196 medio
957 1133 1086 1206 sublata,
1106 1151 1161 1194 nec
1180 1133 1279 1196 media

679 1216 1275 1282 maximeinfirmatortioraredditasuut.

677 1303 750 1364 Nam
769 1304 800 1384 a)
812 1303 960 1385 Apostolis
977 1301 1129 1382 equidem,
1143 1301 1220 1382 quod
1238 1303 1279 1363 la·

677 1397 763 1450 vente
783 1388 883 1449 diviua
896 1385 1083 1469 providentia
1097 1385 1276 1462 factumest,

678 1473 715 1534 ad
733 1473 829 1534 varias
848 1472 949 1546 unius,
966 1469 1160 1550 eiusdemque
1178 1470 1278 1550 impe·

677 1555 713 1616 rii
733 1555 1023 1637 provinciaslacilius
1035 1555 1130 1634 patuit
1148 1553 1206 1631 uia,
1225 1555 1278 1618 sed

678 1659 738 1701 non
758 1641 824 1702 ideo
843 1641 968 1700 minoris
990 1638 1172 1700 difficultatis
1200 1646 1276 1716 erat,

677 1724 844 1786 doctrinam
884 1723 1031 1804 mysteriis
1075 1721 1277 1804 gravibusque

678 1809 986 1890 praeceptisrclertam
995 1807 1180 1887 praedicare,
1193 1826 1278 1886 prae·

677 1893 764 1973 cipue
787 1911 853 1954 curn
873 1911 926 1973 per
944 1892 999 1953 tria
1017 1892 1137 1953 saecula
1152 1890 1278 1972 impera·

677 1985 756 2038 tores
774 1977 831 2059 ipsi
854 1997 913 2038 nun
932 1981 1027 2038 solum
1044 1975 1167 2055 antiquo
1182 1975 1276 2036 errori

679 2062 821 2124 tenaciter
836 2061 1038 2135 inhaererent,
1051 2059 1141 2120 sedet
1155 2059 1277 2137 religio-

678 2165 745 2207 nem
765 2164 868 2206 uovam
882 2146 947 2206 dire
965 2152 1226 2226 persequerentur.
1242 2143 1275 2224 b)

675 2229 910 2310 Philosophiae,
929 2238 961 2292 ut
991 2228 1190 2290 comruuuiter
1220 2227 1274 2307 lit,

677 2315 847 2394 paucissimi
867 2331 987 2395 operam
1007 2321 1165 2388 naverunt,
1181 2314 1276 2394 etqui

674 2399 756 2460 illius
778 2398 876 2460 studio
902 2398 1012 2460 addicti
1039 2399 1178 2474 luerunt,
1199 2416 1277 2478 quae

676 2501 710 2543 ex
729 2483 791 2544 suis
804 2483 957 2562 principiis
971 2491 1051 2544 recta
1061 2491 1274 2560 coguoverunt,

676 2567 872 2643 admiserunt,
891 2567 1007 2648 reliqua
1019 2583 1181 2646 negavere:
1201 2573 1276 2629 teste

675 2648 705 2712 S.
726 2651 889 2727 Augustino
906 2652 953 2731 (5)
972 2650 1141 2732 philosophi
1163 2649 1275 2711 ethuici

675 2733 1278 2812 christianaereligiunisinfensissimiad·

676 2818 796 2879 versarii
816 2820 948 2892 luerunt,
968 2819 1126 2900 praecipue
1141 2815 1231 2879 Stoici
1246 2825 1276 2879 et

676 2902 844 2985 Epicaraei.
864 2902 893 2983 c)
922 2902 1097 2964 Communia
1127 2900 1275 2962 bonorum

676 2995 706 3048 et
724 2995 827 3048 mutua
859 2986 966 3049 caritas
993 2995 1058 3067 post
1082 2983 1275 3065 propagatio·

676 3089 744 3132 nem
768 3071 897 3146 sactum,
917 3089 968 3131 seu
997 3070 1027 3132 in
1055 3069 1114 3130 iam
1143 3067 1275 3130 laudatis

675 3154 816 3216 Ecclesiis
835 3153 1005 3216 christianis
1023 3153 1183 3233 conspicua
1204 3152 1272 3215 luit.

675 3239 711 3300 Et
733 3238 757 3299 si
775 3238 826 3300 illa
845 3255 990 3320 pauperes
1015 3238 1134 3299 allicere
1165 3237 1273 3318 potuit,

675 3322 780 3383 divites
791 3322 966 3383 naturaliter
976 3322 1143 3384 absterrere
1157 3321 1272 3399 debuit;

676 3406 806 3468 hisvero
825 3405 1010 3483 absentibus,
1031 3405 1180 3486 quomodo
1199 3425 1273 3486 pau-

675 3509 761 3571 peres
772 3489 809 3552 de
821 3490 988 3552 necessaria
1002 3489 1218 3552 sustentatione
1230 3491 1269 3552 si-

676 3575 705 3636 bi
725 3574 851 3636 blandiri
880 3574 1042 3655 poteraut?
1058 3607 1100 3620 -
1117 3574 1149 3655 d)
1171 3574 1274 3636 ludaei

675 3677 795 3739 quoque
811 3657 981 3720 idololatras
1001 3657 1274 3734 damnarunt,ueri

675 3753 772 3804 autem
783 3741 834 3803 bei
848 3742 1013 3805 cultoribus
1024 3741 1274 3805 salutemndiudi·

675 3835 837 3902 carunt,an
847 3827 913 3888 ideo
927 3828 1035 3889 multos
1047 3827 1082 3890 ad
1095 3835 1191 3906 partes
1203 3842 1271 3886 suas

675 3910 844 3971 traxerunt?
860 3945 901 3956 -
915 3910 1073 3974 Christiani
1086 3918 1183 3972 autem
1200 3925 1272 3988 pec-

674 4003 808 4056 catorum
821 3995 951 4070 ueniam,
967 4005 1177 4072 aeternamque
1189 3992 1271 4052 salu-

675 4085 734 4140 tern
753 4078 812 4140 illis
830 4086 945 4141 tautum
968 4080 1193 4161 promiserunt,
1222 4075 1271 4155 qui

674 4233 777 4290 sauneri,
788 4231 939 4278 h'lurreduio
954 4243 1022 4278 ceum
1036 4241 1110 4286 musa,
1126 4241 1149 4287 p.
1164 4229 1186 4287 2,
1203 4229 1239 4276 ld.
1250 4226 1274 4273 Ρ.

675 4294 774 4338 'limmer
789 4293 838 4338 Ver.
855 4293 899 4336 liel.
914 4291 964 4336 chr.
982 4293 999 4334 t.
1016 4290 1035 4349 t,
1050 4289 1072 4348 ἓ.
1085 4288 1130 4338 aaa
1142 4291 1187 4337 alc.

706 4354 737 4411 (a)
754 4353 786 4397 na
801 4351 868 4397 t'erlt.
884 4350 947 4406 relig·
964 4360 985 4394 c,
999 4349 1021 4394 7.

1166 4431 1177 4459 h
