2910 4732
391 211 481 278 'rurs
503 213 525 256 1.
549 211 652 258 seerro
673 213 704 256 u.
729 212 822 258 carur
845 212 887 258 ιν.
1162 196 1234 276 g'lb

28 283 85 350 lom
101 289 246 355 vaticinia
256 289 424 374 impugnat,
436 290 632 373 quamobrem
673 299 813 354 ventuum
828 287 1008 354 naturalium
1022 291 1272 369 detrudantur‚ex

32 375 193 436 accuratior
209 376 249 436 de
268 377 335 438 istis
349 375 569 446 characteribus
584 395 635 455 po-
673 375 783 456 quibus
800 394 854 456 pro
872 377 995 438 veritate
1014 376 1212 440 devotationis
1228 377 1272 438 di·

32 455 112 516 sitiris
130 458 254 521 theoria
273 460 428 522 rationalis
440 457 633 543 proponenda
672 459 759 521 rinae
777 470 984 538 argumentum
1008 479 1068 522 non
1081 462 1202 542 prodit.
1223 459 1273 526 Sir

32 550 110 602 teuit.
460 551 466 557 '
673 561 701 606 e.
719 563 749 622 g.
766 543 848 605 iuxta
862 545 989 606 boleium
1014 545 1191 606 miraculum
1213 565 1271 607 uon

673 636 717 688 est
734 627 792 689 nisi
810 637 934 690 eventus
957 629 1126 704 sensibilis,
1147 629 1198 709 qui
1220 649 1273 690 su·

674 719 756 792 perat
773 721 971 793 spectatorum
991 721 1124 794 captum,
1145 722 1174 774 et
1193 713 1273 774 iuxta

673 795 740 856 illos
759 805 803 857 est
825 805 926 858 contra
947 814 1066 858 cursum
1086 806 1229 870 naturae,
1246 811 1273 857 et

673 879 819 959 accipitur
843 887 983 960 tanquam
1008 881 1141 961 operatio
1161 879 1273 941 divina.

226 657 400 723 armannus
415 669 451 725 ι.·

196 767 200 772 ’
240 767 276 812 ilc
291 767 444 816 miraculis..
497 817 499 826 ,

66 960 92 1022 l.
109 959 262 1024 bliracula
276 971 345 1024 sont
363 963 485 1026 allectus
499 961 631 1028 sensibi-
673 962 769 1024 Etiam
795 965 874 1028 Kont
895 973 1035 1041 eventus,
1057 964 1107 1046 qui
1130 964 1272 1026 miracula

31 1043 77 1120 les,
90 1049 170 1107 notis
186 1056 315 1116 naturae
326 1047 446 1124 ¹legibus
462 1065 633 1128 repugnan·
672 1047 825 1123 dicamur,
845 1048 954 1127 repetit
967 1067 1002 1110 ex
1022 1059 1146 1110 naturae
1160 1049 1273 1126 tegibus

33 1136 81 1204 tes,
96 1129 130 1192 de
151 1129 273 1210 quibus
292 1131 409 1210 probari
424 1139 533 1212 potest,
547 1131 631 1212 ¹quod
672 1140 701 1191 et
712 1131 823 1194 viribus
836 1131 922 1194 nobis
934 1132 1103 1209 incognitis.
1115 1133 1196 1194 idem
1212 1133 1274 1194 lene

33 1231 83 1274 nou
98 1215 262 1294 potuerint
274 1215 311 1275 ab
330 1215 387 1276 alia
406 1233 495 1277 cause
510 1215 633 1296 produci
672 1215 805 1276 sentiunt
824 1215 959 1296 plerique
974 1215 1207 1293 Rationalistae,
1222 1217 1272 1297 qui

33 1297 79 1356 nisi
90 1297 125 1358 ab
139 1299 213 1378 ipso
231 1297 292 1358 Deo
318 1300 632 1362 extraordinariomo-
672 1309 794 1362 euentus
809 1318 876 1362 nero
894 1303 1136 1381 supernaturales
1150 1319 1205 1362 ceu
1219 1301 1273 1361 im·

32 1381 61 1441 do
86 1393 212 1460 agente.
234 1381 292 1444 Per
317 1383 454 1444 traditam
479 1385 632 1446 notionem
673 1383 829 1462 possibiles
839 1391 868 1444 et
883 1383 1001 1446 fictitios
1013 1385 1163 1446 reiioiuut.
1176 1382 1274 1456 Quan-

33 1466 167 1527 miracula
187 1465 414 1544 distinguuntur
431 1469 468 1530 ab
491 1467 633 1548 operibus
672 1475 734 1528 tum
750 1486 820 1529 rero
839 1468 990 1546 aberrent,
1010 1485 1045 1530 en
1064 1468 1201 1531 dicendis
1219 1487 1274 1550 ap·

31 1551 631 1632 gratiaeinterioris‚quaesensihusbaud

32 1633 249 1711 subiiciuntur;
270 1635 307 1696 ab
327 1654 416 1716 opere
434 1637 533 1697 divino
551 1635 632 1697 Cou-

33 1720 218 1794 serrationis‚
232 1719 265 1780 in
278 1739 337 1799 quo
349 1721 420 1781 ordo
429 1729 555 1782 naturae
565 1738 632 1782 cum

33 1801 85 1863 suis
106 1803 232 1882 legibus
265 1804 426 1881 retinetur3
451 1805 633 1884 annitentis

35 1895 166 1962 naturae,
185 1904 265 1968 quae
272 1889 399 1950 occultis
411 1888 512 1968 ipsius,
522 1888 634 1950 viribus

32 1970 249 2048 producuntur,
269 1980 298 2032 et
315 1990 332 2032 a
352 1972 492 2052 prodigiis
511 1972 634 2034 daemo-

33 2054 135 2129 niacis,
153 2073 234 2135 quae
249 2055 432 2134 aspiritibus
447 2056 567 2117 bomine
581 2075 634 2117 su·-

33 2138 213 2215 pedoribus,
227 2157 288 2201 seu
310 2139 526 2220 potentioribus
543 2141 635 2221 persn-

33 2233 160 2284 oruutur.

71 2307 102 2366 2.
122 2306 321 2384 bliraculum,
348 2316 478 2388 speetato
508 2318 634 2384 eventu,

35 2391 76 2450 rei
94 2401 140 2452 est
157 2393 336 2467 absolutum,
355 2393 424 2454 dum
445 2402 566 2454 eventus
582 2412 636 2454 sua

34 2494 67 2534 er
82 2484 190 2536 natura
208 2494 312 2542 omnes
330 2477 405 2538 vires
420 2477 569 2538 naturales
582 2496 635 2538 su·

33 2566 129 2636 perat,
149 2569 181 2620 ut
200 2578 227 2620 e.
243 2579 271 2638 g.
287 2569 331 2622 est
346 2560 498 2622 suscitatio
513 2562 634 2636 mortui,

34 2643 141 2702 retest
165 2644 339 2720 relativum,
359 2645 428 2706 dum
456 2645 575 2706 easdem
604 2646 636 2706 in

34 2726 122 2786 modo
141 2729 330 2808 superat,.uti
347 2737 391 2790 est
410 2730 522 2808 aegroti
536 2729 635 2807 gravi-

36 2821 80 2870 ter
97 2810 303 2882 decumbentis
328 2813 442 2874 curatio
466 2812 633 2889 subitanea.

36 2927 78 2938 -
88 2894 188 2957 Altero
206 2904 354 2977 respectu:
370 2897 394 2958 si
406 2896 484 2960 Heus
498 2905 635 2958 eventum

38 2981 178 3056 producat
193 2981 256 3042 sola
271 2981 498 3060 omnipotentio,
517 2982 562 3042 vel
575 2999 637 3042 rne-

38 3062 95 3124 diis
110 3065 514 3143 supernaturalibus‚dicitur
531 3065 635 3128 imme·

37 3146 170 3224 dietum,
189 3149 214 3208 si
238 3167 307 3210 sero
328 3149 481 3224 ministris,
502 3157 531 3210 et
549 3149 638 3210 rebus

38 3233 221 3293 naturalibus
233 3232 421 3308 singulariter
431 3233 637 3314 praeformatis

40 3314 142 3386 utitur,
162 3317 335 3378 nominatur
355 3319 525 3380 modiolum.

80 3401 155 3462 Noto
171 3401 200 3460 i.
220 3399 391 3461 Miroculum
411 3401 441 3462 iu
456 3399 487 3462 S.
502 3399 637 3481 Scriptu-

42 3500 73 3540 ra
88 3493 209 3545 vocatur
221 3494 393 3564 portentum
410 3485 456 3565 (l)
480 3486 525 3547 rel
547 3503 637 3548 mon-

43 3574 132 3629 strem
145 3567 193 3648 (ἓ)
211 3568 250 3630 ob
267 3577 404 3632 eventum
425 3569 591 3646 insolitum,
609 3577 638 3630 et

44 3668 156 3712 causam
177 3653 345 3728 occultam3
364 3653 485 3733 sipnum
503 3653 569 3734 (3),
589 3653 637 3714 oui

47 3733 115 3794 inest
131 3736 309 3814 significatio
329 3737 492 3817 praesentis
507 3745 537 3798 et
551 3755 639 3815 agen·

48 3817 78 3877 tis
93 3817 166 3896 ben
186 3821 298 3900 dipitns
315 3822 370 3883 Dei
389 3821 436 3902 (l)
457 3829 577 3902 propter
590 3820 638 3883 di-

49 3900 148 3977 rinam,
163 3923 242 3984 qnae
256 3913 407 3986 operatur,
425 3905 562 3968 virtutem
576 3905 636 3985 (5).

80 3987 156 4050 Noto
171 3988 203 4050 Ξ.
218 3987 360 4051 Nonnulli
375 3989 518 4051 miracula
533 3988 640 4048 admit·

49 4075 102 4130 tere
117 4071 266 4148 ridentur,
282 4073 438 4135 sed'talem
455 4073 492 4134 de
507 4073 567 4133 illis
583 4091 639 4134 no·

52 4150 153 4215 tionem
169 4166 353 4238 proponunt,
365 4166 397 4220 ut
408 4158 444 4218 ad
457 4156 593 4219 ordinem
606 4174 641 4218 e·

74 4283 105 4341 lt)
118 4265 198 4336 auen.
213 4289 253 4348 l2,
266 4293 289 4337 6.
349 4291 379 4343 (2)
391 4289 460 4338 tiocli.
475 4291 511 4348 aa,
526 4287 564 4336 π

71 4341 102 4414 pp
119 4349 145 4394 u
161 4349 187 4409 r,
202 4349 230 4394 rr
254 4351 284 4396 ro.
300 4348 338 4409 eo,
354 4349 391 4397 so.
407 4395 423 4424 “A
452 4347 481 4410 p)
499 4349 541 4398 ux.
553 4350 576 4408 a,
592 4346 629 4396 aa.

673 1551 800 1631 parebit.

952 1721 961 1737 .
980 1693 1035 1738 Μ.

813 1685 993 1835 Μῐταουῐηξιιηῑ
1008 1787 1134 1846 possibilie.

714 1888 826 1970 Duplex
850 1888 1032 1952 secernenda
1050 1897 1095 1950 est
1113 1887 1275 1950 miraculo-

674 1990 741 2034 rum
757 1973 950 2054 possibilitas‚
967 1972 1109 2034 nimirum
1124 1972 1274 2045 oetentiae,

674 2075 733 2136 qua
751 2057 846 2137 posito
864 2058 1039 2132 affirmatur,
1056 2056 1149 2117 Deum
1168 2054 1199 2116 iu
1218 2074 1275 2116 na-

676 2141 857 2210 turavisibiti
870 2141 1031 2222 producere
1043 2159 1129 2221 posse
1140 2141 1274 2215 ellectus,

675 2226 724 2304 qui
746 2225 833 2288 buius
845 2225 922 2288 vires
937 2233 1090 2304 superant,
1107 2223 1276 2286 consuetis-

676 2325 733 2388 que
748 2307 862 2386 legibus
876 2316 1053 2390 repugnant,
1064 2316 1093 2368 et
1104 2308 1275 2382 scabiedine,

675 2410 734 2472 qua
751 2393 905 2468 asseritur,
918 2411 976 2454 nos
989 2392 1026 2453 de
1040 2391 1276 2454 extraordinario

676 2477 848 2538 causalitate
858 2476 910 2539 Ilei
926 2476 955 2538 iu
970 2475 1044 2536 miro
1057 2476 1157 2558 aliquo
1168 2476 1276 2538 ellectu

676 2561 865 2640 producendo
890 2560 1071 2622 sufficienter
1093 2569 1189 2624 certos
1211 2559 1275 2622 lieri

677 2663 774 2723 posse.
790 2642 920 2726 Utraque
940 2644 997 2704 iam
1014 2653 1118 2706 contra
1136 2644 1276 2706 adverse-

676 2727 736 2790 rios
754 2727 969 2811 propugnanda
987 2729 1077 2790 venit.

948 2897 956 2913 .
974 2869 1029 2914 tlb'·

701 2967 725 3010 l.
742 2965 774 3008 lle
789 2962 904 3008 obteotlva
920 2864 1084 3006 {traculorum
1097 2957 1255 3018 possibilitate.

717 3063 857 3126 ldiraoula
873 3065 902 3124 in
919 3080 962 3138 se,
976 3079 1028 3124 seu
1041 3059 1186 3121 obiectiro
1198 3077 1279 3120 sum-

677 3159 739 3232 pta,
759 3148 911 3230 possibilia
929 3164 1008 3222 esse,
1024 3144 1089 3225 ipsa
1106 3162 1179 3206 sona
1202 3143 1277 3206 ratio

677 3235 773 3296 riocel.
847 3305 851 3314 ,

720 3319 749 3379 t.
766 3316 873 3394 Lepido
887 3313 966 3376 enim
983 3311 1194 3376 miraculorum
1210 3332 1279 3395 pos·

676 3402 804 3464 sibilitas
824 3416 875 3478 per
893 3417 924 3458 se
944 3398 1100 3459 manifesta
1125 3409 1187 3474 est,
1209 3397 1281 3479 quia

678 3487 759 3548 notio
780 3482 915 3546 miraculi
934 3490 1024 3544 notas¹
1036 3481 1285 3561 cmntredietorias·

678 3589 737 3632 non
753 3567 886 3642 involvit,
900 3583 934 3628 ac
945 3567 1030 3649 proin
1045 3585 1062 3626 a
1077 3565 1192 3628 ratione
1206 3584 1281 3628 sana

678 3664 708 3716 et
721 3653 800 3714 culta
820 3651 931 3731 optime
949 3649 1066 3730 concipi
1084 3657 1192 3730 potest.

720 3737 750 3798 b.
767 3735 893 3816 Plopsioo
909 3753 1029 3816 quoque
1049 3733 1230 3814 possibilitas
1248 3731 1280 3794 in

681 3821 804 3882 dubium
819 3819 922 3880 vocari
939 3819 1054 3900 nequit.
1075 3814 1147 3881 Nom
1167 3836 1202 3879 en
1221 3835 1280 3877 uno

681 3911 764 3986 parte
782 3905 870 3979 Deus,
889 3901 940 3983 qui
959 3900 1107 3964 illirnitota
1122 3899 1282 3962 causalita-

682 4000 722 4064 te,
738 4007 790 4050 seu
806 3987 1024 4068 omnipotentia
1038 3985 1140 4065 pollet,
1154 3983 1197 4044 nti
1211 3999 1282 4040 con-

683 4073 766 4135 tiuuo
777 4072 806 4132 iu
821 4080 956 4132 naturam
970 4069 1042 4148 agit,
1057 4069 1097 4128 ito
1111 4067 1199 4129 etiarn
1216 4065 1288 4134 sin-,

681 4155 778 4234 gulari
803 4154 920 4216 actione
942 4171 1007 4214 eam
1034 4152 1150 4210 allicere
1170 4156 1281 4227 potest,

629 4277 631 4282 ,
681 4240 833 4320 legesque,
846 4255 920 4316 quas
933 4236 998 4315 ipse
1013 4233 1090 4303 tulit,
1107 4231 1215 4309 quibus
1231 4251 1283 4292 au·

712 4347 744 4407 (5)
759 4345 793 4394 Gi.
808 4343 930 4400 Deberem,
946 4344 964 4386 t.
979 4339 1004 4382 ll.
1020 4337 1039 4394 Ξ.
1060 4337 1107 4381 130.
