2930 4736
455 144 528 189 enas
546 145 589 202 ur.
607 145 708 190 saorra
725 147 758 191 a.
778 147 872 194 carur
893 149 924 193 rr.
1206 133 1268 195 tue

63 219 160 302 ponit.
182 218 253 284 ideo
270 219 334 305 ipsc
350 218 501 302 Dobmayr
515 219 562 303 (l)
579 221 667 282 aliam
709 241 764 300 ea,
783 241 860 304 vlaae
878 224 965 286 srdem
990 241 1147 306 monesque
1162 231 1309 306 spectant,

64 307 228 386 specialem
241 307 372 384 regulam
386 315 521 367 statuens
535 305 618 382 dicit,
635 325 670 367 cx
710 307 748 368 ab
757 307 888 376 Ecclesia
901 307 1230 389 appr·obataiuit.·-Et
1239 328 1312 372 sane

64 400 170 452 tenore
181 388 388 471 promissionis
398 387 504 451 Claristi
518 387 670 452 Ecclesiae
711 409 833 455 necesse
851 400 907 469 est,
932 400 964 454 ut
982 391 1153 454 authentico
1172 402 1202 455 et
1220 393 1312 456 ialal·

64 474 312 548 infallibilitatem
331 492 363 538 se
382 473 541 540 extendere
560 473 596 536 ad
616 494 669 538 vc·
711 475 785 538 libili
805 475 1004 539 Revelationis
1019 475 1190 556 interpreti,
1206 496 1264 558 pro
1281 497 1315 540 o·

41 557 617 622 rvitares{orarattrerrevetataaMonet
631 566 672 620 ta·
712 561 832 626 mnibus
853 559 997 625 Gentibus
1013 561 1195 637 constituto,
1222 561 1313 623 etiam

66 661 149 716 men,
164 633 406 704 infallibilitatem
419 641 588 718 Ecclesiae,
602 662 669 706 cum
710 645 757 706 ius
771 646 972 722 adscribatur,
986 645 1160 712 autaenttce
1178 653 1208 709 et
1225 645 1315 706 infal-

65 725 303 807 sitprivilrgium
320 724 622 808 adortante-incipe
640 746 673 790 o·
711 725 1060 810 trattiterseartpvama
1073 728 1225 794 versiones
1235 729 1316 791 diiu-

66 811 177 891 ptimo,
197 829 252 892 pro
272 809 354 871 bono
370 809 521 874 Ecclesiae
545 830 671 874 conces·
711 813 829 878 decad
849 822 879 876 et
892 813 1090 895 appretiandi.
1133 851 1135 860 ι

66 895 623 975 sum,lotoeecseinterpretationis,uti
637 915 672 959 ex
753 897 1046 964 taedastaedas
1067 896 1234 963 infallibilis
1256 903 1311 972 est,

66 989 215 1060 conceptu
225 980 357 1058 genuino
372 981 408 1042 de
421 980 567 1060 sapientia
580 979 673 1042 elino-
713 981 783 1045 duur
798 1000 836 1044 esc
853 982 906 1046 SS.
923 984 1050 1048 Putrem
1062 983 1181 1062 scriptis
1195 980 1315 1059 dogma·

67 1065 164 1127 nitate
182 1064 300 1142 Christi,
316 1059 347 1128 'et
364 1084 399 1127 ex
418 1064 541 1146 paritate
551 1063 588 1124 de
608 1065 672 1146 pri·
715 1075 742 1128 ta
760 1066 903 1130 divinitus
929 1067 1036 1130 tradita
1064 1066 1152 1130 erait.
1180 1063 1210 1128 Si
1232 1064 1314 1126 eaiia

67 1151 188 1228 vilegiis
212 1149 378 1235 principum
400 1147 543 1212 declarari
562 1156 669 1231 potest.
712 1149 845 1214 Ecclesia
860 1151 890 1212 ia
911 1150 1103 1228 intelligenda
1120 1158 1151 1214 et
1165 1167 1317 1230 exponen·

565 1253 568 1260 ·
714 1234 752 1298 da
769 1231 821 1298 SS.
834 1233 956 1296 Petrum
973 1235 1109 1300 doctrina
1124 1253 1225 1298 errare
1241 1249 1317 1314 pos·

307 1290 338 1362 5·
362 1297 447 1403 Μ’,
714 1328 773 1394 set,
789 1319 879 1381 etiarn
896 1319 927 1382 ia
946 1319 1151 1396 cognoscenda
1171 1327 1202 1380 et
1220 1316 1317 1398 eupli-

228 1393 369 1450 negatarum
384 1393 519 1451 ‘'liniam-
564 1461 574 1474 ,
714 1403 809 1468 conda
826 1402 927 1466 divina
945 1402 1117 1470 Taeditioue
1143 1402 1241 1466 errori
1257 1401 1317 1462 olv-

123 1484 168 1548 Ex
185 1485 342 1567 principiis
368 1487 538 1569 regulisque
556 1486 675 1552 statutis
715 1488 803 1551 noxia
820 1495 916 1565 esset;
942 1506 1009 1550 cum
1032 1497 1132 1553 autem
1151 1487 1181 1550 id
1199 1484 1317 1548 admitti

69 1571 336 1632 variacorollaria
364 1583 547 1652 sequuntur:
716 1593 775 1634 non
796 1571 907 1653 possit,
926 1572 1014 1632 etiam
1039 1571 1112 1633 illud
1132 1569 1318 1653 impossibile

117 1655 147 1716 l.
182 1653 316 1716 Ecclesia
341 1653 507 1718 infallibilis
529 1655 675 1720 estina—
716 1655 875 1720 dicendum
895 1666 950 1718 est.
974 1654 1038 1718 Non
1058 1664 1157 1717 autem
1190 1654 1258 1716 ideo
1286 1653 1318 1715 in

71 1739 245 1820 paoseeadic
263 1739 345 1802 libris
367 1739 512 1803 diuinitus
539 1741 677 1822 inspiro·
716 1739 915 1803 diiudicandis
933 1738 1058 1817 singulis
1068 1738 1208 1801 Patribus
1219 1739 1319 1801 Eccle-

72 1825 123 1900 tis,
147 1831 178 1886 et
194 1824 226 1884 ia
247 1843 349 1884 eorum
378 1841 490 1888 canorae
506 1827 678 1899 stutaead0;
717 1823 938 1888 siaiuiallibilis
951 1832 1008 1897 est,
1028 1824 1130 1886 sedin
1149 1823 1319 1884 diiudican-

73 1926 144 1970 uam
165 1907 249 1970 s'i‘rcl
268 1907 376 1971 librum
391 1909 535 1972 divinitus
548 1909 679 1990 inspira·
718 1911 764 1972 dis
779 1908 918 1975 omuibus
933 1909 1084 1970 collective
1098 1907 1215 1982 sumtis,
1233 1913 1320 1988 prout

74 2003 137 2053 tum
154 1992 304 2068 reficeret,
323 1993 368 2054 vel
387 2013 461 2074 opas
480 1993 678 2058 merelraura·
718 2014 779 2062 non
797 1993 929 2072 singuli,
960 1991 1011 2056 sed
1040 2010 1147 2056 omnes
1168 1989 1320 2053 collective

72 2095 148 2138 narn
169 2084 202 2137 ut
221 2075 353 2142 divinum
380 2087 564 2156 assumeret,
583 2078 614 2141 iu
639 2099 679 2142 a·
719 2077 809 2146 sacnti
830 2077 959 2144 liutran
979 2076 1181 2140 Traditionem
1206 2074 1321 2137 consti-

74 2171 184 2241 troque
209 2179 279 2220 casu
299 2162 378 2229 circa
395 2163 489 2246 ipsam
508 2161 679 2226 Revelatio-
721 2171 819 2230 luunt.
838 2161 916 2228 Dum
934 2179 1004 2240 ergo
1025 2161 1064 2224 de
1092 2178 1240 2224 consensa
1262 2158 1321 2223 Pa·

74 2263 146 2308 nem
168 2253 292 2306 erraret.
721 2256 799 2313 tram
812 2247 921 2325 agitur,
931 2245 1066 2312 Ecclesia
1080 2243 1159 2306 circa
1171 2244 1321 2307 obiectum

119 2328 152 2390 E.
174 2329 308 2394 Ecclesia
330 2329 495 2394 infallibilis
512 2339 558 2392 est
575 2332 608 2396 iu
628 2330 680 2395 ia·
721 2333 882 2406 renotatam
901 2340 1121 2411 ramatenses
1137 2339 1235 2390 autem
1252 2329 1323 2392 dam

76 2413 238 2494 tellipeadu
258 2423 285 2476 ct
302 2413 474 2496 exponendo
490 2417 530 2498 S.¹
543 2417 681 2498 Scripta·
722 2418 759 2480 de
772 2413 862 2480 unius
875 2414 972 2480 Patris
983 2434 1076 2480 sensa
1094 2414 1259 2495 quaeritur.

76 2515 127 2576 ro,
153 2516 229 2577 quae
248 2508 350 2579 utpote
372 2499 513 2564 divinitas
537 2502 682 2583 inspirata
763 2500 795 2564 5.
815 2499 948 2566 Bataua
970 2500 1061 2566 etiam
1091 2497 1257 2563 infallibilis
1279 2505 1324 2560 est

76 2583 200 2644 nonnisi
215 2579 434 2648 Revelationera
451 2587 594 2648 continet.
723 2583 754 2644 iu
774 2593 853 2654 recte
867 2583 1071 2662 intelligentiis
1087 2583 1182 2646 soccis
1199 2582 1324 2645 meroni·

123 2668 156 2730 3.
175 2666 307 2729 Ecclesia
323 2669 410 2734 etiam
428 2687 527 2732 errare
542 2690 601 2732 non
619 2678 684 2752 pot·
724 2666 1326 2747 duaconciliorumgeaeraliamsivepar·

78 2760 125 2814 cst
144 2751 174 2812 in
194 2751 563 2818 iudicandis‘oerstoattar
581 2772 684 2818 sacrae
726 2749 1325 2831 ticalarium,atotaEcclesiaapprobato

79 2837 266 2916 scripturae,
279 2837 320 2900 ita
335 2837 489 2914 niarirum,
507 2849 540 2899 ut
555 2839 684 2902 authen·
726 2855 805 2900 ram.
818 2834 890 2903 Cum
901 2836 980 2900 euim
996 2833 1158 2913 singularia
1172 2835 1325 2896 haecmo-

79 2921 142 2982 tico
161 2917 272 2982 iudicio
292 2919 416 2985 definire
439 2923 549 3004 possit,
569 2925 685 2986 nullam
727 2917 1326 2988 numentacertissimascontineantevan·

81 3005 165 3066 circa
180 3004 272 3066 tidem
292 3014 322 3066 et
340 3025 437 3068 mores
454 3025 584 3069 errorem
601 3007 632 3069 in
650 3008 686 3069 il·
727 3006 837 3085 gelicae
856 3003 986 3068 veritatis
1003 3003 1186 3078 sanctiones,
1204 3019 1327 3063 necesso

80 3087 120 3151 lis
137 3087 297 3151 contineri.
314 3125 355 3138 -
368 3089 439 3154 Cum
459 3093 538 3158 euim
554 3090 687 3155 Ecclesia
729 3100 774 3153 est
795 3099 827 3152 ut
845 3090 880 3152 ad
905 3107 1006 3153 carum
1033 3105 1138 3150 sensus
1156 3086 1327 3164 intelligen-

81 3172 253 3235 inlallibilis
275 3173 314 3235 sit
346 3175 377 3236 in
404 3171 595 3240 Revelatioue
627 3196 688 3238 non
728 3175 782 3248 dos
801 3193 886 3255 opem
907 3171 1149 3248 conteratlleus,
1169 3172 1256 3234 neiu
1275 3189 1329 3234 ne-

84 3259 184 3319 solum
204 3257 408 3340 intelligenda,
428 3260 480 3322 sed
506 3269 535 3323 et
554 3261 689 3324 docenda
730 3259 867 3325 cassellis
884 3256 1016 3320 Ecclesia
1033 3256 1161 3318 deficiat·

62 3412 65 3416 ,
85 3361 121 3404 ac
140 3341 207 3402 aliis
226 3343 380 3418 tradenda,
395 3345 472 3425 qaod
486 3344 517 3405 in
528 3346 618 3406 variis
633 3346 690 3406 lin·
706 3375 709 3381 ,
773 3346 803 3406 6.
818 3341 892 3406 Cum
905 3343 934 3405 io
953 3340 1143 3404 Revelatioue
1157 3359 1218 3403 non
1233 3341 1329 3404 sclam

85 3425 156 3506 guis
169 3425 344 3502 tlerirtelret,
360 3429 540 3490 censariam
557 3429 690 3491 Ecclesia
730 3430 867 3494 ueritates
884 3427 1071 3501 tamrertcue,
1094 3425 1144 3487 sed
1160 3435 1194 3488 et
1207 3444 1330 3506 procce-

87 3527 190 3584 crrore
200 3511 338 3590 neqaitin
349 3511 540 3576 diiudicanda
552 3523 694 3594 etappro·
728 3522 783 3595 pta
795 3512 924 3578 moralia
940 3521 1029 3591 atque
1045 3510 1169 3574 coasilia
1185 3511 1332 3592 eeoapeii·

86 3594 188 3656 banda
207 3591 237 3654 S.
254 3593 424 3676 Scripturae
442 3597 590 3676 versione,
603 3617 691 3678 qaae,
734 3616 768 3661 co
782 3595 1004 3672 contineantur,
1014 3595 1093 3657 varia
1108 3597 1205 3662 medio
1226 3595 1331 3657 solutis

65 3683 73 3756 ;ζ
88 3677 168 3740 sicut
184 3685 280 3742 textus
293 3679 629 3760 originalis,doctriuam
643 3701 693 3744 re·
735 3680 1025 3758 religiosissimam
1038 3689 1064 3742 et
1077 3679 1332 3761 efficientiamtro·

65 3763 217 3840 ,velatam
238 3764 382 3826 continet.
412 3763 546 3830 Ecclesia
564 3768 642 3828 euim
663 3767 695 3828 in
735 3779 973 3831 remunerarem
996 3771 1053 3828 etc.
1075 3765 1331 3840 determinentur,

65 3847 75 3885 i
91 3845 229 3908 docendo
246 3856 375 3926 erraret,
395 3847 419 3912 si
435 3850 566 3930 spuriam
590 3860 619 3912 et
637 3851 696 3912 lal-
737 3848 868 3915 Ecclesia
887 3848 918 3910 io
933 3849 979 3912 lais
993 3847 1134 3910 monibus
1146 3845 1333 3910 declarandis
1447 3855 1450 3862 '

91 3932 187 3993 lacero
207 3930 373 3995 versionem
388 3931 526 3995 fidelibus
538 3943 571 3996 ut
586 3935 696 4013 genui·
738 3945 767 3998 et
783 3933 961 3998 deliniendis
979 3932 1144 3995 infallibilis
1161 3939 1217 3992 est.
1252 4002 1256 4010 1

91 4033 162 4076 nam
182 4023 358 4078 etverarcm
374 4027 563 4098 proponeret.
583 4052 625 4066 -
643 4017 699 4080 Ex·
781 4019 810 4080 i.
835 4017 969 4086 Ecclesia
995 4025 1090 4098 potest
1116 4013 1245 4095 mechele
1264 4013 1333 4096 fidei

90 4099 164 4162 inde
183 4109 307 4182 apparet
322 4111 450 4182 quantae
465 4101 698 4165 auctoritatissit
739 4101 906 4178 conficere,
926 4101 1003 4184 quod
1023 4117 1111 4180 saepe
1133 4100 1333 4161 necessarium

89 4181 220 4272 Vulgata
238 4193 352 4262 nostro,
370 4205 447 4268 qaae
463 4189 581 4264 saltem,
597 4186 697 4268 quoad
716 4224 717 4266 ,
739 4196 783 4246 est
804 4186 963 4260 tidelilms,
987 4193 1020 4246 ut
1037 4185 1156 4260 sciant,
1176 4183 1247 4263 qnid
1263 4202 1335 4246 cre-

121 4294 155 4354 (1)
172 4295 197 4342 t.
212 4307 234 4342 ο.
250 4293 271 4354 a.
287 4295 324 4340 or.
716 4270 868 4324 ,dudm
887 4270 992 4348 ⁶²*‚et
1014 4287 1052 4330 ae
1080 4267 1112 4329 ia
1136 4287 1266 4330 errorem
1298 4267 1335 4330 ab
