2934 4736
477 209 551 255 rans
566 209 609 255 m.
629 209 767 255 sacrior.
786 207 880 254 curor
897 209 919 254 1.
1215 187 1277 252 299

67 289 220 366 similans,
237 299 267 352 et
278 289 407 367 Baruch3
424 309 458 353 ex
476 290 553 353 libro
563 289 676 353 Danie-
950 279 982 351 S·
1009 285 1082 334 ¹¹¹·

68 375 112 436 lis
129 375 252 436 historia
267 373 435 452 susannae,
455 375 578 437 historia
597 374 677 436 Belia
876 370 895 418 ¹·
905 369 1070 432 tosptrauonu
1082 368 1157 416 ”⁰¹¹⁰-

68 467 106 520 et
118 459 266 534 draconis,
286 467 315 520 et
333 451 481 521 canticum
499 459 585 520 trium
599 477 676 540 pue·
757 455 840 519 licet
858 474 962 518 omncs
980 454 1158 532 Christiani,
1175 452 1320 515 orthodo-

70 561 170 603 romm
191 561 225 603 ac
249 544 368 604 domum
388 543 454 605 iibri
477 541 676 606 llachabaeo-
716 559 752 603 xe
769 541 944 617 sentientes,
961 557 1064 613 sacros
1082 538 1175 600 libros
1196 556 1251 599 ceu
1269 536 1319 599 di-

70 644 149 688 rum:
167 627 199 688 in
217 624 253 687 N.
274 626 309 688 Τ.
325 627 392 688 libri
413 626 676 690 denterocanonici
717 625 826 686 riuitus
843 625 1003 706 inspiratos
1022 631 1212 698 venerentur,
1225 622 1321 684 nulla·

68 719 139 772 suat
158 711 288 792 epistola
305 711 341 772 ad
360 710 530 787 Hebraeos,
551 710 676 792 epistola
717 719 804 771 tenus
825 716 928 770 tamen
954 707 1167 782 consentiunt,
1194 723 1262 767 oum
1282 704 1320 767 de

69 792 184 871 iacobi,
209 794 338 857 secunda
363 795 486 878 epistola
504 792 605 871 Petri,
625 813 676 856 se·
717 793 921 874 inspirationis
939 803 1057 867 natura,
1071 792 1158 854 modo
1175 797 1204 852 et
1218 798 1320 851 exten-

69 879 169 940 cunda
190 887 219 940 et
240 879 324 940 tertia
343 879 468 959 epistola
485 877 617 955 loannis,
641 897 676 940 e·
718 877 803 938 sione
822 877 929 953 agitur.
943 873 1076 937 —Hanc
1089 875 1168 936 enirn
1182 872 1320 936 nonnulli

69 962 181 1043 pistola
204 961 308 1038 Iudae,
329 972 358 1023 ct
375 961 577 1043 Apocalypsis.
717 961 991 1036 nimiumdilatare,
1003 959 1052 1020 alii
1065 959 1193 1021 nimium
1201 958 1322 1020 restrin-

133 1047 224 1109 Note.
245 1046 270 1107 Α
295 1045 378 1107 libris
400 1045 677 1108 deuterocanonicis
716 1063 787 1122 gere
814 1044 975 1118 ridentur,
995 1045 1073 1106 inter
1095 1062 1172 1123 quas
1187 1041 1320 1104 sibiad-

70 1130 198 1190 omnino
217 1130 419 1208 distinguendi
435 1140 503 1192 sunt
519 1130 589 1192 lihri
603 1148 676 1210 apo·
718 1136 870 1190 versantes
899 1129 1062 1190 sententias
1085 1128 1183 1190 media
1204 1125 1252 1188 ria
1269 1128 1320 1188 iu-

69 1214 190 1293 crpphi,
211 1215 262 1295 qui
281 1213 311 1275 iu
327 1232 440 1276 cauom
452 1213 602 1275 Ecclesiae
617 1233 676 1276 nou
719 1212 885 1274 cedendum
904 1220 961 1274 est.

70 1306 140 1358 sunt
158 1298 286 1378 recepti,
306 1298 376 1378 quia
397 1298 433 1359 de
452 1297 489 1359 iis
514 1315 574 1358 non
596 1307 676 1360 carto
762 1297 791 1357 l.
812 1294 888 1358 Sunt
906 1294 1062 1372 nonnulli,
1079 1293 1131 1376 qui
1149 1293 1264 1370 dicunt,
1284 1312 1320 1356 o-

70 1389 201 1457 conslat‚
218 1382 296 1462 quod
310 1382 369 1442 sint
383 1381 487 1443 divini:
506 1381 677 1443 huiusmodi
719 1381 812 1456 mnia,
837 1399 897 1441 non
916 1381 1012 1441 solum
1032 1398 1079 1441 res
1097 1387 1126 1442 et
1144 1379 1320 1454 sententias,

69 1474 140 1527 sunt
160 1467 258 1527 oratio
273 1464 418 1541 llanassc,
438 1465 507 1527 libri
527 1467 631 1527 tertius
649 1473 678 1527 el
718 1465 770 1526 se'd
789 1473 818 1525 ct
836 1464 953 1541 singula
972 1461 1003 1525 S.
1023 1461 1194 1544 Scripturae
1218 1461 1343 1540 techas

71 1558 200 1629 quartus
218 1549 341 1623 Esdrae‚
356 1549 502 1630 appendix
522 1551 678 1611 continens
720 1567 815 1629 usqua
833 1549 871 1609 ad
890 1547 1031 1609 minimos
1054 1549 1176 1627 apices,
1194 1546 1287 1609 fuisse
1305 1567 1322 1609 a

70 1634 278 1710 genealogiam
298 1632 362 1707 lob,
378 1633 513 1695 Psalmus
526 1633 598 1709 151,
612 1652 680 1714 prp-
719 1631 832 1713 Spiritu
857 1629 888 1694 S.
904 1632 1040 1693 dictatas.
1061 1629 1215 1694 Sententia
1235 1631 1319 1709 haec,

71 1717 166 1792 togas·
189 1715 410 1792 Ecclesiastici,
442 1717 679 1798 praefatiuncula
720 1717 768 1778 cui
787 1716 887 1798 plures
905 1713 956 1778 SS.
981 1715 1101 1776 Petrum
1125 1717 1184 1777 loci
1213 1717 1323 1778 suflra-

70 1799 279 1878 l'hrenorum,
297 1802 373 1863 liber
387 1805 491 1863 tertius
510 1811 539 1862 et
557 1811 680 1882 quartus
719 1808 838 1878 gantur,
860 1809 933 1861 teste
951 1799 1082 1863 Calmcto
1097 1800 1144 1881 (3)
1161 1799 1249 1862 etiam
1272 1800 1323 1862 in-

71 1883 334 1946 liachahaeorum:
353 1886 401 1946 his
416 1887 599 1947 accensenda
611 1894 681 1946 sunt
721 1895 768 1946 ter
793 1884 946 1962 theologos
967 1884 1135 1946 communis
1153 1884 1209 1945 fuit
1227 1903 1323 1964 usque

71 1968 101 2028 in
118 1968 155 2030 N.
168 1968 205 2030 Τ.
218 1968 483 2049 pseudoevangelia
492 1970 546 2031 sub
559 1969 681 2030 nomine
721 1969 756 2030 ad
786 1969 937 2032 saeculum
966 1967 1114 2029 decimum
1135 1977 1261 2030 sextum.
1282 2003 1324 2012 -

71 2051 285 2132 Apostolorum
305 2053 478 2131 venditata,
497 2054 547 2114 sed
565 2053 603 2115 ab
621 2054 678 2114 Ec·
720 2053 773 2114 Ast
787 2053 873 2132 plura
891 2060 961 2113 suut
978 2071 1055 2133 quaa
1068 2051 1136 2114 huic
1155 2052 1321 2114 sententiae

71 2137 167 2199 alesia
186 2155 339 2218 nunquam
358 2137 389 2198 in
408 2155 523 2202 canone
547 2145 677 2219 recepta.
721 2140 786 2198 iure
805 2137 915 2218 opponi
933 2145 1069 2217 possunt3
1090 2145 1124 2198 ac
1148 2136 1179 2215 l)
1199 2136 1322 2216 quidem
1405 2179 1406 2186 .

721 2232 859 2284 consueto
876 2223 996 2284 diniaco
1011 2221 1215 2300 prouidentiae
1233 2222 1322 2296 ratio,

336 2373 339 2381 .
722 2325 811 2386 quae,
825 2305 902 2367 sicut
917 2325 976 2366 nou
992 2305 1074 2366 deest
1087 2306 1116 2365 iu
1134 2305 1322 2381 necessariis,

139 2371 176 2416 ⁰⁶
191 2382 311 2416 mororum
326 2371 440 2418 'mmmm
456 2374 616 2434 'mmmmm'
721 2392 764 2452 sic
782 2409 881 2471 noque
896 2388 1071 2451 abundatia
1087 2388 1258 2470 superfluis3
1271 2409 1325 2450 su·

314 2455 345 2523 3·
373 2460 446 2508 ”¹⁸
723 2475 868 2555 perfluunt
887 2481 988 2536 autem
1006 2472 1133 2549 videtur,
1153 2473 1219 2553 ipsa
1236 2473 1325 2536 rerba

119 2549 152 2614 S.
173 2549 279 2612 Libros
303 2561 363 2612 tum
383 2551 419 2614 V.
442 2563 502 2615 tum
520 2553 556 2616 N.
576 2553 681 2618 Testa·
723 2560 834 2639 ubique
846 2575 1014 2636 suggerere,
1030 2557 1066 2619 ad
1081 2576 1158 2637 quae
1175 2557 1325 2635 seligenda

75 2635 171 2696 menti
198 2637 355 2713 genuinos,
377 2637 517 2716 integros,
537 2645 626 2719 atque
644 2639 681 2702 ab
723 2643 867 2705 naturalis
887 2641 1040 2722 scriptoris
1057 2642 1182 2704 facultas
1202 2641 1321 2718 sufficit3

75 2719 256 2782 auctoribus
274 2719 447 2783 dexteritate
465 2731 495 2784 et
512 2723 682 2784 sinceritate
723 2728 755 2807 ἓξ)
774 2727 1009 2806 sphaerulas,
1031 2743 1108 2806 quae
1140 2726 1171 2785 in
1200 2723 1324 2784 dirersis

77 2803 265 2886 pollentibus
289 2805 438 2866 confectos
457 2825 523 2868 esse
537 2807 584 2886 (l)
610 2826 682 2888 pro·
722 2809 917 2890 scriptoribus
935 2809 1145 2890 hagiographis
1158 2825 1211 2888 pro
1223 2806 1323 2867 diver-

76 2887 183 2948 hatum
197 2897 254 2948 est.
272 2887 383 2950 Exinde
396 2889 472 2967 fluit,
483 2890 563 2972 ipsos
575 2900 608 2953 ut
619 2910 684 2952 cer·
723 2914 755 2956 so
772 2892 1012 2973 uniuscuiusque
1028 2893 1120 2968 cultu,
1138 2889 1257 2968 iugenio
1275 2897 1323 2951 at-

76 2981 107 3032 ta
126 2981 323 3033 monumenta
347 2973 488 3034 historica
506 2993 624 3036 omnem
646 2977 682 3036 fr-
723 2997 781 3060 que
793 2979 892 3039 indole
904 2978 1013 3054 elucet;
1023 2975 1219 3052 incongruum
1232 2973 1324 3054 quip-

77 3056 149 3116 dem
170 3055 401 3118 mereri-Ast
416 3091 432 3104 -
445 3076 504 3119 non
520 3060 615 3120 solum
630 3059 685 3120 hu·
723 3083 760 3144 pe
775 3063 889 3124 videtur
907 3061 1066 3134 affirmare,
1086 3058 1180 3122 Deum
1202 3075 1323 3119 accom-

78 3157 183 3215 mana,
202 3139 253 3200 sed
270 3159 337 3201 vare
356 3141 453 3202 diviua
473 3144 632 3206 auctoritas
650 3141 681 3206 S.
725 3144 958 3208 modasseverha
968 3143 1047 3205 vario
1056 3143 1239 3219 singulorum
1250 3142 1325 3203 scri-

75 3220 179 3284 Libcis
202 3223 291 3284 inest:
310 3242 408 3303 neque
430 3225 459 3286 id
487 3226 554 3289 ideo
586 3229 681 3291 solum
723 3228 1005 3312 ptorumiugenio3
1040 3227 1073 3308 3)
1095 3226 1212 3288 diversa
1232 3226 1342 3305 ratio,-

77 3308 242 3382 asseritur,
263 3307 332 3387 quia
351 3320 556 3386 argumentum
575 3329 682 3392 super·
723 3311 1107 3395 quascriptoressacrirem
1120 3310 1341 3390 eandemnar·‚

76 3391 230 3468 naturale,
247 3391 268 3452 i.
283 3409 310 3452 e.
326 3391 456 3454 divinam
472 3396 681 3458 revelationem
724 3407 802 3477 rant3
822 3407 934 3459 certum
947 3413 1077 3475 namque
1095 3403 1140 3456 est
1153 3415 1181 3458 e.
1195 3416 1224 3473 g.
1235 3395 1324 3459 Chri-

77 3475 349 3555 proponunt,quod
363 3496 397 3538 ex
410 3477 630 3541 characteribus
641 3481 683 3542 in·
723 3492 800 3544 stum
821 3482 852 3542 in
875 3481 980 3542 ultima
1007 3497 1101 3540 coena
1119 3499 1180 3542 una
1200 3481 1324 3542 eadem·

78 3559 175 3619 ternis
197 3567 226 3619 et
244 3560 446 3623 artemisiam
463 3562 509 3642 (h)
526 3564 681 3644 probatum
723 3584 781 3646 que
811 3566 938 3627 formula
970 3564 1203 3626 consecrationis
1235 3564 1325 3626 rerba

79 3651 137 3717 est,
154 3642 206 3704 sed
227 3644 319 3704 multo
334 3645 432 3723 magis
460 3665 494 3708 ex
513 3648 571 3710 alia
589 3648 682 3710 ratio·
723 3650 1098 3732 protulisse,quaetamen‚
1110 3647 1325 3711 dnmdecalice

78 3744 127 3801 ue,
154 3726 227 3805 quia
245 3727 385 3790 nimimm
404 3729 497 3791 Deum
516 3731 612 3812 ipsum
629 3751 683 3794 au·
723 3734 821 3811 agitur
835 3733 937 3794 lfatth.
956 3730 1056 3809 xxvi,
1073 3732 1127 3810 i8,
1142 3732 1230 3795 llarc.
1247 3729 1322 3808 xiv,

78 3817 192 3870 ctorem
214 3811 336 3900 habent,
353 3831 412 3894 quo
430 3814 595 3895 inspirante
608 3834 683 3878 con·
723 3819 777 3894 hd,
795 3815 867 3880 luc.
889 3815 977 3893 XXII,
997 3816 1050 3890 ΞΟ,
1077 3817 1174 3881 lCor.
1197 3813 1247 3890 XI,
1268 3813 1321 3890 25,

81 3893 151 3954 fecti
177 3903 258 3956 sunt.
278 3893 406 3958 Huiusce
428 3896 488 3959 iam
510 3899 683 3981 inspiratio·
724 3902 847 3964 diversis
869 3902 966 3963 verhis
988 3899 1155 3979 exhibetur3
1175 3901 1208 3978 d)
1227 3898 1325 3961 arctior

78 3977 126 4038 nis
146 3977 179 4056 l)
198 3979 278 4040 aetio
296 3981 468 4056 evolvenda,
488 3981 521 4062 9)
538 3985 685 4063 possibili·
724 3987 858 4050 minorve
878 3986 1052 4067 difficultas,
1072 4002 1160 4065 quam
1180 3984 1211 4067 ip
1234 3999 1324 4061 opere

79 4069 124 4124 tas
146 4062 336 4140 vindicanda,
356 4083 390 4126 ac
406 4065 526 4128 demum
543 4068 575 4146 3)
590 4069 683 4131 reali-
724 4089 778 4131 suo
807 4070 1012 4132 concinnando
1040 4076 1177 4149 expertos
1199 4083 1231 4127 se
1258 4083 1324 4127 esse

78 4152 125 4208 tos
143 4147 298 4227 probanda
314 4149 407 4210 venit.
725 4153 917 4236 hagiographi
936 4153 1094 4234 scriptores
1113 4151 1172 4232 ipsi
1198 4149 1324 4231 professi

109 4277 140 4330 pp
155 4277 215 4324 sm·
232 4279 250 4336 ¹,
261 4281 335 4340 pam,
349 4282 373 4327 Π,
725 4248 817 4324 sunt„
827 4240 871 4303 uti
886 4257 921 4318 ve.
941 4255 970 4316 g.
987 4243 1090 4297 auctor
1107 4234 1232 4296 secundi
1260 4232 1325 4296 lla·

109 4334 144 4396 (2)
155 4337 217 4384 sect.
229 4351 307 4398 praec.
322 4341 347 4386 C.
360 4341 378 4388 ll
393 4341 417 4387 el
431 4351 484 4400 cap.
500 4341 537 4390 tt.
754 4347 788 4406 (5)
803 4347 859 4394 Dies.
875 4347 904 4392 de
916 4345 998 4403 tnspir.
1014 4341 1043 4387 od
1056 4341 1074 4387 ll
1086 4341 1140 4396 ret..
1153 4346 1195 4389 art
1212 4343 1237 4390 ll.
1298 4335 1315 4361 ‘

267 2285 440 2330 altercatus
453 2287 484 2333 11.
