2934 4736
435 239 509 286 rans
526 241 569 286 tn.
589 239 691 285 sacrm
709 241 730 285 r.
751 237 845 284 curor
862 239 895 284 n.
1176 222 1236 286 Eli

68 316 105 381 2.
128 315 167 382 [lt
188 315 322 396 condet,
343 317 457 401 aliquid
482 337 638 400 «semper
678 317 861 381 continebat.
874 316 943 380 Ideo
959 315 1017 380 hae
1032 315 1206 381 duaeunios
1219 317 1279 382 Ec·

23 410 57 465 et
72 403 192 484 ubique
211 403 356 465 creditum
376 421 453 481 esse,
471 423 487 466 a
503 422 563 466 nou
586 421 637 466 re-·
678 401 786 464 clasiae
802 409 913 482 partes,
932 401 1001 464 licet
1015 403 1163 483 perplura
1178 421 1280 466 saecu·

24 487 176 566 quiritur,
193 493 227 548 ut
239 505 343 552 omnes
357 488 394 549 ad
409 506 502 549 unum
520 487 635 564 Patres,
678 486 707 547 la
731 503 785 566 per
802 485 889 547 tidem
912 493 942 547 et
971 487 1124 548 caritatem
1147 487 1277 550 coniun-

23 579 57 631 et
76 589 185 631 omnes
199 570 324 633 omnino
342 571 492 634 Ecclesiae
505 590 636 634 eonsen-
678 577 756 647 ctae,
775 568 971 630 nihilominus
989 569 1025 631 ad
1041 568 1210 632 seinvicem
1224 589 1277 632 ae·

25 653 117 715 tiaut.
137 653 204 714 Non
220 655 299 718 enim
319 655 444 733 singulis
461 674 636 719 concessum
678 654 777 716 mulae
789 654 961 730 extiterunt,
977 653 1035 714 sibi
1052 653 1179 716 invicem
1197 652 1277 716 inri-

22 747 149 799 estnon
163 739 282 800 mandi
295 739 495 821 privilegium,
511 741 562 803 sed
576 739 636 802 Ec·
676 737 819 816 gilarunt,
838 755 872 798 ac
897 737 1083 813 seinvicem,
1103 743 1135 799 ut
1154 737 1277 800 historia

25 820 144 884 clasiae
166 821 335 887 universae.
362 821 457 895 Quare
476 823 540 906 ipse
562 825 636 888 Via·
677 823 782 898 docet,
800 828 921 903 propter
942 821 1105 902 quamlibet
1131 821 1275 883 mutatio-

26 906 257 969 eerttt'usLirv'n.
270 907 520 970 universalitatem
530 917 559 969 et
568 927 638 969 con·
677 924 745 966 nem
762 907 807 967 vel
826 901 1046 967 innovalionem
1061 904 1213 969 liberrime
1232 923 1278 966 re·

25 990 205 1052 sensionem
218 990 393 1053 indoetrina
408 992 558 1072 explicans
566 991 637 1053 sub-
679 989 914 1070 prehenderunt,
938 998 1119 1070 quapropter
1137 1008 1197 1051 una
1217 989 1277 1052 Ec-

25 1074 95 1136 dit:
117 1073 373 1137 «consensionem
387 1075 553 1157 sequimur,
568 1075 636 1138 siin
669 1073 768 1135 alesia
787 1073 824 1134 ab
842 1076 935 1135 altera
954 1092 1028 1134 nova
1045 1073 1183 1152 dogmata
1198 1081 1277 1136 certe

23 1156 95 1238 ipsa
108 1166 256 1221 vetustate
269 1160 416 1235 omnium,
429 1162 474 1223 vel
493 1168 573 1222 certe
584 1179 638 1240 pe·
677 1176 737 1218 non
750 1157 942 1238 suscepisset.
957 1155 987 1219 Si
1000 1175 1068 1235 ergo
1080 1176 1133 1238 pro
1148 1158 1274 1237 quadam

26 1261 64 1303 ne
86 1242 227 1306 omnium
241 1243 426 1306 sacerdotum
440 1252 470 1306 et
481 1245 636 1322 magistro-
676 1241 745 1303 fidei
763 1240 898 1303 doctrina
915 1241 1065 1303 Ecclesiae
1084 1241 1235 1303 orientalis
1247 1249 1277 1304 et

24 1343 93 1386 rum
115 1326 326 1403 definitiones,
345 1328 567 1408 sententiasque
583 1347 635 1390 se·-
677 1324 870 1388 occidentalis
887 1343 1051 1387 consensus
1063 1325 1217 1406 probatur,
1231 1325 1277 1388 iu·

28 1416 162 1472 utemur.
179 1408 344 1482 -Quodsi
360 1411 391 1474 iu
409 1412 474 1494 ipsa
492 1421 635 1474 vetustate
676 1409 785 1471 victum
805 1409 931 1471 habetur
949 1428 1002 1491 pro
1022 1408 1178 1472 traditione
1198 1408 1275 1471 divi·-

27 1493 250 1570 duorum,vel
268 1495 356 1556 trium
383 1495 562 1573 bominum,
588 1497 634 1557 vel
676 1493 898 1574 no-apostolica
934 1502 1155 1572 argumentum.
1192 1492 1274 1555 idem

29 1586 106 1640 certe
128 1576 261 1641 civitatis
274 1580 376 1656 unius,
392 1587 443 1641 aut
457 1580 546 1641 etiam
566 1599 635 1660 pro·
675 1585 804 1658 praestat
831 1577 920 1638 etiam
946 1594 1103 1640 muscosus
1130 1578 1276 1644 Ecclesiae

25 1662 147 1724 duciae
172 1662 302 1725 alicuius
324 1680 409 1726 error
425 1663 634 1745 deprehenda—
673 1661 1065 1742 praeco-schismaticorum
1075 1659 1275 1725 lotiumllrae-

26 1753 85 1823 tur,
102 1755 181 1809 tuuc
200 1747 322 1810 omnino
338 1747 466 1824 curabit,
481 1757 514 1810 ut
527 1767 637 1830 pauco-
675 1747 702 1806 ci
715 1746 794 1806 enirn
819 1744 1001 1806 schismatici
1027 1754 1093 1825 post
1116 1746 1273 1823 lugendam

27 1847 91 1892 rum
117 1831 299 1907 temeritati,
318 1832 364 1894 vel
378 1831 515 1898 inscitiae
534 1833 633 1894 eccle·
674 1829 847 1892 scissionem
867 1841 947 1892 certe
960 1847 1068 1890 novum
1081 1829 1187 1907 dogma
1202 1848 1219 1890 a
1233 1829 1274 1891 la·

26 1912 87 1974 siae
105 1915 293 1977 universalis
307 1915 424 1978 decreta
443 1935 633 1998 praeponen—
675 1913 745 1975 linis
755 1914 911 1976 candetum
922 1933 981 1974 non
995 1911 1206 1993 suscepissent.
1218 1911 1273 1974 ilo

26 2006 84 2059 tur.
99 2017 118 2059 a
133 1996 292 2078 -Neque
307 2019 381 2080 opus
399 2009 445 2062 est
459 2000 495 2062 ad
508 2019 634 2064 consen·
673 2006 772 2073 gmata
791 2015 882 2076 ergo,
908 1997 939 2058 in
961 1997 1071 2078 quibus
1097 1996 1185 2058 modo
1204 2015 1271 2058 curu

27 2099 90 2141 surn
107 2081 330 2160 evincendum,
347 2093 379 2145 ut
397 2102 500 2146 omnes
515 2083 631 2160 Patres,
674 2081 805 2144 Ecclesia
825 2083 915 2143 latina
933 2080 1138 2157 consentiunt,
1159 2079 1272 2161 absque

27 2165 222 2228 etEeclesiae
232 2166 262 2228 iu
277 2167 635 2230 testimoniumadduran·
674 2165 765 2227 dubio
777 2166 836 2227 iam
855 2176 927 2227 tunc
945 2173 1147 2242 cognoverunt
1160 2172 1190 2227 et
1205 2183 1278 2228 cre-·

29 2257 85 2325 tur,
105 2249 162 2311 sed
178 2250 300 2327 sufficit,
321 2259 353 2314 ut
374 2267 411 2313 ev
427 2252 516 2314 variis
533 2253 632 2330 regio·
674 2250 826 2324 diderunt,
845 2269 911 2311 cum
929 2249 966 2310 ab
977 2248 1109 2311 Ecclesia
1123 2248 1272 2312 ‘catholica

29 2332 118 2395 uilius
138 2333 264 2414 quidam
291 2335 439 2412 uitentur,
459 2337 496 2402 de
525 2337 634 2416 quibus
673 2343 877 2411 recesserunt,
898 2341 927 2396 et
944 2333 986 2395 sic
1005 2333 1167 2395 eorundem
1196 2352 1272 2396 ron·

29 2425 158 2495 constat,
179 2417 314 2498 ipsorum
330 2419 494 2482 doctrinam
508 2439 568 2482 non
581 2440 632 2482 so·
672 2437 777 2480 sensus
797 2437 849 2500 pro
872 2417 1024 2480 doctrinae
1046 2417 1223 2498 antiquitate
1242 2424 1273 2482 et

27 2499 87 2561 lum
107 2519 172 2563 non
188 2503 413 2582 reprehensam,
427 2503 477 2566 sed
491 2505 590 2586 potius
602 2505 633 2565 in
672 2503 893 2564 universalitate
905 2503 1054 2581 egregium
1067 2501 1270 2564 testimouium

30 2581 142 2647 honore
168 2585 315 2664 habitam,
335 2588 484 2650 laudatam
502 2597 531 2650 et
548 2607 633 2650 rece·
673 2587 795 2668 praebet
809 2587 869 2668 (2).
890 2585 938 2650 Sic
960 2605 988 2648 e.
1016 2603 1045 2664 p.
1065 2585 1226 2666 antiquitas
1243 2593 1272 2649 et
1331 2605 1333 2612 ⁴

30 2677 107 2747 ptam
128 2669 237 2731 luisse:
253 2679 324 2733 tuno
342 2673 421 2735 enim
441 2673 513 2734 fides
528 2671 632 2736 Eccle-
672 2671 878 2734 universalitas
890 2670 1192 2732 hdeidenecessitate
1204 2685 1271 2730 ron·

31 2750 87 2814 siae
102 2754 136 2814 in
151 2753 215 2814 iilis
231 2755 414 2836 temporibus
431 2756 490 2819 iam
503 2757 633 2820 satisse·
673 2755 810 2818 fessionis
831 2753 1007 2817 auricularis
1025 2773 1060 2815 ex
1078 2769 1223 2815 consensu
1242 2761 1271 2816 et

31 2853 96 2898 cure
117 2836 221 2914 colligi
241 2840 403 2921 potest(l).
423 2873 464 2888 -
479 2839 516 2902 Ut
533 2850 631 2903 autem
673 2840 754 2920 praxi
770 2839 919 2901 Ecclesiae
937 2834 1270 2916 graeco-schismaticae

32 2921 227 2997 ostendatur,
256 2922 366 3003 aliquid
390 2924 428 2986 ab
447 2925 586 2993 omnibus
604 2933 634 2987 et
672 2923 825 3005 probatur.

31 3002 144 3085 ubique
164 3005 310 3068 creditum
325 3026 403 3082 osse,
418 3008 632 3070 validissimum
714 3009 746 3069 3.
766 3006 898 3074 Traditio
915 3004 1014 3068 divina
1032 3001 1170 3082 cognosci
1187 3009 1218 3064 et
1231 3001 1270 3066 ab

30 3097 239 3166 argumentum
253 3090 633 3171 praebetEcciest'oeorictt-
672 3086 1270 3173 humano-apostolica,seuecolesiastica

30 3173 93 3234 tolt's
119 3181 147 3235 et
171 3175 358 3238 occidentalis
380 3194 546 3240 consensus.
569 3176 631 3240 Iam
671 3175 812 3254 distingui
830 3183 928 3257 potest
953 3182 1015 3234 tum
1038 3171 1190 3247 conredo,
1210 3190 1269 3252 quo

30 3256 106 3317 enim
128 3265 247 3319 mature
265 3259 441 3324 universalis
454 3260 562 3323 Christi
576 3260 632 3323 Ec·
671 3269 702 3323 ut
720 3261 862 3322 divinitus
879 3259 1019 3332 revetata,
1031 3264 1062 3317 et
1076 3255 1112 3316 de
1125 3253 1184 3317 lide
1200 3275 1269 3319 cre-

29 3338 119 3402 elosia
140 3339 269 3403 induas
293 3343 385 3406 veluti
410 3353 508 3425 partes
537 3344 631 3408 divisa
669 3345 766 3406 denda
785 3340 1033 3425 proponitur(3),
1046 3347 1108 3401 tum
1126 3357 1269 3422 persaepe

30 3419 104 3501 luit,
126 3442 238 3505 nempe
256 3425 287 3489 in
306 3425 469 3490 Ecclesiam
496 3429 629 3491 oriente·
669 3429 759 3490 etiam
781 3446 819 3490 err
841 3428 906 3507 ipso
930 3425 1074 3500 materia,
1093 3443 1171 3504 quae
1193 3444 1268 3489 con·

30 3502 96 3580 lem,
115 3526 172 3569 seu
189 3523 339 3588 graecam,
363 3519 393 3574 et
414 3511 444 3573 in
464 3511 628 3576 Ecclesiam
668 3511 757 3574 stanti
772 3520 801 3573 et
813 3510 971 3571 universali
989 3519 1122 3570 veterum
1142 3527 1269 3574 consen·

32 3591 323 3670 occidentalem,sen
342 3595 476 3659 latinam.
491 3631 533 3646 ·-
544 3597 630 3659 Prior
668 3615 702 3658 su
719 3595 895 3673 divulgatur.
909 3591 940 3655 Si
954 3592 1033 3654 enim
1048 3592 1099 3654 tali
1113 3593 1202 3655 modo
1215 3595 1268 3656 do·

29 3675 178 3749 gaudebat
195 3680 400 3766 praerogativa
425 3681 626 3762 antiquitatis,
667 3699 734 3757 grue
752 3681 791 3741 sit
806 3677 1004 3760 propositum,
1016 3677 1101 3739 cuius
1119 3676 1267 3741 institutio

30 3757 94 3834 quia
119 3760 159 3824 de
176 3756 249 3824 Sion
266 3763 355 3826 exivit
370 3764 435 3842 lex,
455 3772 485 3827 et
503 3765 626 3828 verbum
668 3765 815 3825 humanae
829 3761 986 3844 potestatis
1014 3761 1122 3822 limites
1140 3761 1264 3835 excedit,

29 3835 143 3904 bomini
161 3842 198 3906 de
220 3841 394 3925 ierusalem,
409 3858 439 3911 et
450 3847 584 3930 Apostoli
596 3851 626 3912 in
667 3855 696 3910 et
713 3848 737 3908 si
750 3848 780 3909 in
791 3847 880 3908 verbo
892 3846 943 3916 Dei
957 3846 1067 3927 scripto
1080 3845 1190 3907 diserte
1202 3860 1262 3904 non

29 3918 146 3990 Oriente
169 3927 227 3990 iam
246 3929 394 3993 Eoclesias
412 3933 624 4010 fundaverant,
667 3932 806 4008 habetur,
822 3929 944 3992 omnino
963 3949 998 3992 ex
1018 3927 1176 3991 traditione
1191 3924 1264 3987 divi·

28 4011 145 4086 quando
164 4011 195 4075 in
214 4009 401 4078 Occidentem
417 4031 623 4098 pervenerunt.
665 4036 704 4078 na
721 4015 800 4077 istud
819 4015 912 4096 repeti
931 4015 1031 4077 debet.
1046 4010 1165 4074 ldinime
1183 4008 1263 4072 enim

26 4087 176 4190 Posterior
188 4115 257 4160 vero
275 4098 416 4187 insignita
431 4109 495 4164 erat
506 4119 626 4182 praero·
665 4099 988 4181 estupinandum‚curn
1002 4112 1094 4159 novae
1109 4091 1265 4172 postGhri-

27 4186 121 4270 paura
138 4179 249 4242 iurium
262 4191 292 4244 et
307 4185 470 4264 potestatis,
492 4185 560 4266 quia
578 4193 624 4246 to·
664 4193 742 4247 stum
762 4185 959 4246 revelationes
980 4177 1185 4258 agnoscendae
1203 4196 1265 4242 nott

28 4265 84 4322 bus
103 4261 187 4325 orbis
199 4264 356 4328 christiani
373 4267 531 4350 primatem
550 4268 625 4331 inse

53 4365 84 4428 dt
98 4366 133 4448 ct.
148 4367 169 4432 a
183 4369 235 4432 tet,
251 4374 310 4434 aa,
325 4373 343 4421 t.
357 4375 381 4421 n.
644 4353 649 4420 Ι
695 4378 725 4436 (a
742 4375 807 4436 erp.
823 4374 874 4432 ros,
891 4385 914 4416 n.
928 4371 950 4416 a.

696 4316 726 4376 (2)
742 4315 860 4372 Dobmavr
871 4314 887 4359 1.
903 4325 924 4360 e.
939 4310 959 4370 ἓ.
972 4310 1022 4355 ld&
