2928 4734
213 169 273 234 tta
481 253 484 261 ²
608 193 793 247 annocucuu
814 194 1011 245 cananitis·
1150 260 1153 268 Ι
1236 261 1239 268 ⁴

169 285 257 350 quam
276 267 327 332 alii
347 271 450 353 pupuli
470 289 488 335 a
513 271 575 335 biis
593 274 658 338 suis
679 279 773 342 dete·
816 295 905 362 quam
922 277 1029 360 punire
1052 276 1238 339 innocentes.
1260 271 1418 338 Caeterum

168 355 275 444 tarint:
296 353 326 416 id
344 357 425 418 enini
444 355 530 430 facile
553 355 722 425 declaratur
737 383 772 426 cu
814 363 934 426 divinae
949 361 1115 443 sapientiae
1134 368 1165 422 et
1177 358 1308 421 institiae
1326 359 1418 419 muru

169 438 358 522 comoptione
373 441 522 502 hnmanae
541 452 677 523 naturae,
694 467 771 528 quae
813 447 880 509 non'
891 455 1045 528 repugnat,
1060 463 1113 527 per
1122 443 1329 506 tribulationes
1344 451 1419 503 tenr-

167 543 184 589 ι
201 523 376 601 moralitate,
393 536 482 606 qnam
499 543 585 588 verus
596 525 674 591 Deus
685 551 770 612 prae·
811 531 928 612 porales
943 531 1019 593 filios
1032 530 1068 591 ab
1080 528 1417 605 imitatione-parentum

167 609 247 694 cipit,
269 626 323 692 per
340 609 477 670 stimulos
494 609 662 688 abducitur,
683 615 769 677 etin·
810 631 1014 697 perversorum
1033 613 1172 676 retinere.
1189 645 1232 658 --
1244 609 1417 673 Εὴιιιιιιιιί

166 693 307 758 onlinatis
326 691 528 775 passionibus,
547 695 655 776 quibus
673 697 768 763 neritii
810 709 931 780 propter
959 698 1071 760 scelera
1102 694 1229 757 maxima
1259 695 1417 776 promeriti

165 777 356 842 Etbnicornm
377 777 425 839 Dii
444 777 647 857 blandiuntur,
668 781 768 844 liben-
809 793 878 845 sunt
898 781 1113 845 atrocissimam
1143 797 1295 861 poenam,
1323 797 1415 858 quam

165 869 209 926 ter
225 861 369 940 indulget.
389 859 473 922 Nunc
492 879 611 942 qnoque
629 865 666 928 ab
686 867 766 948 opti·
808 865 887 928 licus
905 885 959 948 per
981 885 1086 928 manus
1110 863 1314 926 Hebraeorum
1342 863 1417 945 ipsis

164 947 219 1010 mis
246 945 412 1030 praeceptis
439 944 602 1008 moralibus
630 947 767 1012 homines
808 949 942 1030 indigere
960 949 1121 1012 iustissime
1138 945 1287 1009 decrerit:
1413 959 1416 966 ’

162 1047 252 1114 saepe
269 1031 451 1105 deflectunt,
476 1029 549 1110 quin
576 1039 675 1094 tamen
699 1034 765 1096 ideo
851 1035 915 1099 ott.
940 1035 971 1097 3.
1006 1031 1118 1113 lduyses
1140 1049 1234 1093 uuum
1252 1029 1415 1092 ‘'duntaxat

162 1116 198 1179 dc
213 1117 338 1179 istorum
358 1113 480 1176 ueritate
505 1121 537 1175 et'
558 1114 690 1179 bonitate
706 1118 764 1182 du·
806 1115 1088 1180 Deumnationalem
1101 1114 1266 1198 proposuit,
1280 1133 1334 1176 seu
1348 1121 1416 1194 pot·

162 1199 243 1264 bium
265 1206 427 1262 moneatur.
807 1204 853 1264 ius
867 1202 960 1265 Deum
977 1201 1108 1263 familiae
1122 1199 1362 1261 Patriarcbarum
1377 1199 1415 1260 ad

204 1283 267 1349 ont.
288 1283 319 1346 2.
339 1283 417 1345 bens
440 1279 570 1370 abloyse
588 1286 766 1364 proponitur
804 1285 898 1348 Deum
916 1286 1097 1348 rationalem
1116 1283 1253 1346 eleuarit.
1272 1283 1276 1292 '

161 1368 306 1444 iniustus,
331 1367 382 1448 qui
406 1366 484 1428 torta
502 1365 704 1431 Hebraeorum
732 1371 763 1432 in
846 1369 931 1450 Hesp.
945 1369 1022 1432 Haec
1037 1376 1220 1444 asseruntur,
1234 1385 1294 1428 non
1309 1373 1415 1428 autent

160 1449 288 1534 Aegypto
311 1449 466 1532 approbat,
488 1451 762 1517 mendacia-obste—
805 1454 979 1533 probantur.
1013 1451 1199 1517 Contrarium
1218 1450 1306 1528 docet
1328 1447 1415 1512 Scri-

160 1537 265 1598 tricum
285 1543 505 1611 remuneratur,
522 1545 642 1616 peccata
656 1555 763 1618 paren·
803 1537 889 1616 ptura
914 1546 1034 1619 totaque
1052 1535 1225 1617 antiquitat,
1245 1533 1415 1597 Pentateu-

161 1627 223 1682 tum
250 1619 335 1702 punit
359 1620 389 1680 in
419 1620 536 1681 tertiam
569 1631 599 1682 et
624 1631 760 1701 quartam
803 1620 851 1683 cbi
865 1621 1021 1704 interpres.
1041 1618 1203 1683 -Omnis
1217 1627 1248 1681 et
1266 1619 1369 1680 littera
1384 1627 1414 1681 et
1457 1689 1458 1696 ,

159 1703 377 1786 generationem
398 1713 459 1766 eto.
482 1703 543 1764 imo
565 1713 596 1765 et
619 1706 759 1784 crudelia,
802 1702 1415 1786 spiritusmosaicaeconstitutionisadu·

159 1789 209 1871 qui
233 1798 349 1868 gentem
374 1787 617 1850 Cbanauaeorum
638 1799 761 1852 cruenta
802 1789 924 1852 nitatem
945 1789 997 1852 Dei
1019 1788 1224 1851 uindicandam
1245 1787 1355 1849 tendit.
1370 1821 1414 1835 «-

158 1885 230 1936 nece
248 1873 418 1950 extinguere
434 1871 528 1932 iubet:
547 1873 613 1934 talis
626 1873 760 1958 verqttai
801 1871 912 1955 Moyses
926 1873 1018 1936 Deum
1045 1872 1195 1954 proponit,
1224 1871 1277 1953 qni
1296 1871 1414 1934 crearit

102 2007 106 2016 .
128 2011 130 2015 .
157 1957 238 2020 notio
253 1975 320 2018 vera
338 1974 403 2019 esse
427 1955 541 2036 nequit.
799 1959 913 2019 coelum
928 1967 957 2020 ct
975 1965 1095 2034 terram,
1118 1964 1147 2017 et
1164 1959 1223 2016 non
1243 1955 1345 2016 solum
1362 1956 1412 2018 la·
1457 1955 1458 2036 f

182 2044 281 2122 ,Respa
306 2039 494 2123 Propterea,
512 2059 588 2120 quae
608 2059 643 2102 ex
662 2059 760 2104 narra·
799 2041 899 2103 miliae
920 2041 1182 2116 Patriarcbarum,
1206 2039 1260 2101 sed
1278 2039 1335 2101 toti
1354 2057 1411 2119 ge·
1457 2059 1458 2110 t

156 2125 237 2188 tione
256 2123 385 2186 mosaica
400 2123 597 2202 maritantur,
614 2124 759 2189 Deusnec
799 2126 862 2188 neri
882 2126 1012 2188 humano
1031 2125 1150 2186 initiurn
1169 2123 1250 2185 dedit
1268 2123 1320 2204 (l)
1338 2143 1348 2184 a
1372 2125 1412 2186 ss·
1457 2127 1458 2182 ξ

155 2208 331 2286 iniustitiae,
344 2227 398 2270 nec
406 2207 590 2271 crudelitatis
600 2208 683 2286 argui
696 2219 760 2291 pot·
799 2209 866 2270 dem
886 2210 919 2272 in
935 2209 1021 2272 bunc
1038 2208 1131 2272 [lcum
1150 2207 1246 2288 prirno
1264 2205 1413 2287 decalogi
1457 2211 1458 2254 ³

155 2303 212 2356 ost.
232 2293 310 2356 Deus
329 2292 409 2354 enim
429 2292 583 2354 absolutus
606 2311 705 2354 rerum
722 2313 757 2356 o·
798 2294 862 2355 loco
879 2295 962 2374 ponit
974 2294 1032 2374 (d),
1049 2301 1077 2356 et
1091 2291 1201 2362 reiecto
1220 2290 1412 2354 lctiscbismo
1457 2287 1458 2292 ’

155 2377 270 2439 mnium
297 2375 442 2439 Dominus
466 2375 562 2456 potuit
590 2377 755 2439 dominium
784 2395 830 2440 ‚ac
850 2377 1065 2458 tnagismo(3),
1086 2394 1179 2446 upum
1199 2374 1294 2438 Deuni
1313 2391 1410 2456 prae-

154 2480 292 2524 rasorum
313 2461 350 2523 ab
372 2459 523 2540 Aegyptiis
552 2460 582 2522 in
608 2460 757 2524 Israelitis
796 2461 874 2523 dicat
893 2463 963 2542 (ὣς
985 2481 1019 2523 ae
1042 2459 1228 2542 potissimum
1253 2459 1301 2540 (5)
1333 2455 1410 2523 ait:¹
1457 2513 1458 2518 ,

152 2548 325 2609 transterre:
338 2545 406 2606 dein
417 2543 542 2606 Hebraei
555 2553 617 2606 tum
631 2544 661 2605 in
673 2564 756 2625 prae·
795 2545 889 2621 Arati,
909 2547 1012 2620 lsrae'l,
1033 2545 1179 2607 Durnium
1194 2545 1272 2606 Dana
1285 2550 1408 2621 noster,

152 2631 247 2692 mium
263 2629 411 2704 laborum,
431 2627 539 2710 quibus
554 2647 605 2690 eos
622 2627 756 2710 Aegyptii
794 2631 942 2692 Dominus
967 2647 1047 2692 tantas
1072 2636 1125 2691 cst.
1150 2627 1303 2690 Fonnula:
1322 2629 1411 2692 Denta
1457 2633 1458 2698 j

152 2719 376 2797 oppresserant,
396 2722 459 2775 tum
483 2712 514 2772 in
533 2715 754 2794 compensatio·
793 2712 956 2790 Abrabam,
977 2713 1054 2776 Duris
1067 2713 1154 2775 *donoc
1172 2720 1228 2774 etc.
1249 2711 1410 2775 immerita

151 2817 220 2862 nem
246 2799 402 2861 domorum
424 2805 453 2859 et
478 2813 615 2874 agrorum
634 2798 665 2859 in
693 2797 752 2860 Ae·
794 2798 961 2860 irridetura
978 2795 1132 2873 Voltairi03
1149 2793 1303 2876 aptissima
1318 2796 1407 2858 enim

150 2892 237 2966 gypto
252 2883 424 2946 relictorum
443 2889 579 2962 poterant
600 2882 666 2943 inre
685 2901 753 2944 vasa
794 2889 839 2944 est
864 2900 916 2963 pro
942 2890 1075 2962 tempore
1094 2887 1124 2942 et
1141 2879 1242 2941 indole
1267 2878 1407 2943 nationis

150 2987 251 3030 secum
265 2962 589 3030 serra-Obstantes
607 2967 753 3047 aegyptia·
793 2965 1035 3028 adiudicandum
1054 2963 1211 3046 specialem
1236 2961 1289 3024 Dei
1314 2963 1357 3024 ad
1376 2965 1407 3026 i·
1457 3023 1458 3028 ,

150 3071 200 3113 cus
217 3051 295 3114 Deus
317 3048 529 3125 remuneravit,
551 3067 618 3110 non·
633 3059 754 3130 propter
793 3048 972 3112 sraeliticum
994 3050 1136 3130 populum
1152 3045 1341 3108 relationem.

150 3135 316 3211 mendacia,
340 3135 392 3197 sed
415 3133 498 3214 quia,
520 3140 551 3195 ut
568 3133 678 3194 dicitur
696 3133 749 3196 Ex.
837 3135 901 3198 Oli.
915 3135 947 3196 d.
961 3133 1005 3196 Ab
1019 3127 1238 3195 auct'uribusV.
1252 3127 1287 3191 Τ.
1303 3133 1404 3195 multa
1457 3147 1458 3160 ¹

149 3217 173 3294 l,
190 3239 218 3281 r.
244 3219 281 3280 ll
302 3226 331 3281 et
348 3237 375 3280 r.
392 3217 445 3292 il,
467 3217 630 3279 timuerunt
644 3216 750 3296 Deum,
792 3219 963 3280 reseruntur
982 3226 1098 3278 areola
1123 3213 1314 3296 plrilosopbia
1333 3225 1368 3276 et
1387 3237 1404 3279 ι
1457 3215 1458 3246 ³

149 3303 380 3364 ne'c'voluerunt
405 3301 549 3362 iniustum
568 3301 644 3380 regis
664 3319 751 3364 man·
792 3302 915 3364 veritate
933 3301 1042 3377 aliena,
1060 3319 1087 3364 e.
1104 3319 1134 3376 g.
1155 3299 1248 3361 solem
1268 3301 1401 3377 rnovcri,

149 3385 250 3447 datum
264 3384 380 3467 exequi.
396 3384 546 3448 -llerba
562 3385 617 3450 Ex.
636 3383 697 3458 llll,
719 3387 750 3463 5,
793 3395 901 3448 terram
925 3386 1047 3448 bisibus
1069 3383 1220 3446 suffultam
1246 3399 1312 3444 esse
1336 3393 1401 3448 etc.

149 3469 200 3530 ubi
219 3467 297 3530 Deus
316 3469 428 3530 dicitur
442 3468 561 3531 visitare
579 3471 751 3550 iniquitates
792 3488 862 3548 crgo
880 3469 931 3552 qui
951 3470 1003 3532 bos
1024 3469 1115 3530 libros
1139 3465 1403 3546 conscripserunt,

142 3552 268 3614 *Petrum
285 3553 315 3614 iu
331 3553 448 3614 tertiam
467 3561 496 3614 et
514 3563 651 3636 quartam
663 3573 752 3632 gene·
780 3570 851 3618 ,non
870 3555 989 3616 luerunt
1007 3572 1024 3614 a
1043 3552 1103 3614 Deo
1121 3549 1269 3631 inspirati.

141 3638 309 3711 nationem,
329 3635 520 3713 intelligenda
537 3638 653 3700 sontde
672 3641 750 3701 mala
839 3639 927 3718 Hesp.
953 3637 1098 3699 ductores
1121 3634 1197 3696 sacri
1221 3631 1303 3694 iuxta
1324 3635 1403 3716 opi-

149 3725 178 3784 el
196 3739 333 3803 perversa
351 3720 465 3797 sobole3
480 3721 550 3802 quia
561 3721 640 3783 enim
660 3740 749 3784 scan—
790 3720 896 3784 niunes
913 3729 982 3784 tunc
997 3728 1131 3802 receptas
1149 3717 1241 3780 locuti
1260 3725 1345 3794 sunt,
1367 3727 1403 3783 ut

148 3808 214 3870 dala
233 3814 388 3887 parentum
408 3804 440 3865 iu
459 3805 558 3884 plnres
577 3807 747 3884 generatio·
790 3823 898 3888 nempe
916 3805 1015 3887 captui
1033 3803 1112 3883 uulgi
1134 3819 1199 3864 sese
1218 3819 1407 3864 ιιιοιιιιιῑο-1

146 3909 200 3954 nes
219 3895 428 3971 propagantur,
446 3887 511 3949 ideo
527 3888 615 3950 etiarn
634 3908 748 3971 poenae
788 3889 911 3966 darent,
931 3887 1112 3970 faciliusque
1131 3885 1399 3967 intelligerentur3

141 3989 206 4038 'non
227 3978 354 4037 cessant.
379 3971 465 4034 Hunc
482 3985 601 4033 sensum
628 3975 748 4052 exigunt
788 3992 844 4036 neu
857 3974 1020 4036 immerito:
1032 3989 1100 4034 nam
1113 3988 1221 4050 scopus
1235 3970 1411 4034 revelatio-¹

146 4077 192 4136 ea,
214 4075 290 4135 quae
312 4075 340 4118 r.
367 4057 386 4120 ll
413 4055 629 4131 suln'iciuntur,
658 4067 688 4118 et
706 4065 748 4120 tot
788 4059 835 4119 nis
852 4067 896 4120 est
910 4057 1026 4120 virtutis
1040 4057 1169 4118 cultores
1184 4055 1313 4127 ettirere,
1330 4073 1400 4118 non

58 4181 60 4184 -
147 4143 204 4202 alia
219 4140 388 4222 Scripturas
401 4139 626 4212 testimoniam
639 4139 750 4220 quibus
787 4142 993 4224 pbilosopbos3
1006 4139 1038 4204 ‘si
1056 4139 1214 4221 scripturus
1235 4136 1314 4199 sacri
1332 4140 1399 4202 ali·

146 4223 262 4287 ludaeis
281 4242 453 4306 persuasum
464 4232 540 4302 erat,
556 4221 650 4284 ileum
666 4242 745 4284 trun·
815 4276 848 4330 (ὅ,
863 4276 931 4328 Μ
941 4275 965 4334 4,
983 4273 1056 4322 1649.
1117 4273 1149 4334 μ)
1164 4273 1233 4320 Μ
1247 4271 1272 4329 ⁴,
1283 4271 1323 4318 33·

176 4328 372 4389 (lidemtelb.
430 4329 630 4392 &limbi-d,
816 4333 929 4388 (allieni.
945 4335 967 4394 d,
983 4333 1005 4380 λ’.
1256 4329 1258 4334 ’
