2928 4734
199 159 261 222 ²32
620 179 804 232 raroaocne
821 185 984 232 cenennms

158 274 193 316 er
204 257 270 317 aliis
289 253 429 321 hincinde
447 257 682 325 circumstantiis
695 265 762 328 elu-
801 273 843 328 set
861 264 1050 327 daentomam
1063 261 1177 325 hartrat
1194 268 1237 325 est
1254 265 1366 336 mittere,
1380 259 1409 324 α’

159 347 206 402 cel
228 340 287 421 (t).
802 349 970 412 admiratae
985 356 1056 410 sarrit
1070 349 1182 410 trarbne.
1198 345 1259 406 hoc
1273 345 1400 407 miracu·

802 434 863 494 lum
885 432 926 493 ita
944 441 1009 494 erat
1025 430 1159 505 evidens,
1176 438 1209 492 ut
1228 447 1282 490 nec
1301 428 1399 490 Phar·

393 475 423 546 ς’
451 483 525 531 ¹³¹⁶
801 517 863 578 saei
876 517 923 596 (3)
934 515 1127 578 intensissimi
1138 513 1244 577 Christi
1260 513 1362 575 hostes
1374 513 1401 576 i·

248 574 288 622 ΠΙ·
301 575 440 624 ⁶¹¹“⁰⁰¹¹⁰⁸
454 577 666 627 ⁶³²⁰¹⁰¹¹¹⁸⁰⁰²⁰⁰²
801 601 851 661 lud
871 618 980 678 negare
998 599 1062 661 ausi
1081 599 1151 673 siut,
1165 599 1215 658 eed
1232 598 1331 659 solum
1348 599 1400 659 ui·-

200 673 334 738 Christus
353 677 473 758 saepius
488 679 652 742 dominium
672 701 758 744 suum
801 685 857 746 tuti
874 683 1040 745 diabolicae
1053 682 1124 744 illud
1137 681 1352 762 adscripserint
1364 681 1400 743 a'i·

157 758 190 821 in
209 761 332 842 spiritus
359 762 502 839 malignos
524 782 577 824 seu
600 765 760 830 daemones
801 776 922 830 centes:
942 768 979 832 la
996 767 1158 830 Beelzebub
1180 767 1316 845 principe
1331 767 1399 828 dre·

158 845 300 918 ostendit,
321 865 396 927 quos
416 862 451 908 er
475 846 629 908 laominum
649 869 760 931 corpo·
799 853 970 915 martiorum
988 853 1067 914 elicit
1084 849 1250 912 daemonia.
1267 848 1399 915 Christus

157 927 241 990 ribus
258 929 384 1010 imperio
403 948 457 991 suo
470 931 593 1010 expulit.
615 931 677 995 lluo
691 935 759 998 talis
800 954 869 997 uero
888 936 977 997 huius
993 934 1097 997 asserti
1117 933 1331 996 absurditatem
1353 952 1399 994 os-

157 1013 340 1094 expulsionis
358 1014 492 1092 exempla
511 1015 672 1098 praecipue
701 1038 758 1080 no·
800 1020 924 1082 tendens
943 1019 995 1081 ait:
1016 1020 1050 1083 st
1070 1018 1242 1082 Seleuceia
1256 1035 1287 1080 se
1303 1019 1400 1097 ipsam

156 1098 246 1158 tanda
265 1105 345 1160 sunt.
374 1098 405 1177 a)
420 1095 521 1160 hlattli.
542 1097 617 1175 Vlll,
641 1101 681 1164 28
698 1113 755 1166 etc.
798 1104 911 1166 diuisas
928 1111 983 1180 est,
1002 1104 1143 1183 accomodo
1164 1102 1250 1164 stabit
1272 1119 1398 1182 repeton

156 1181 192 1242 de
215 1180 331 1244 Christo
358 1190 513 1244 narratur:
537 1184 612 1246 Cum
633 1188 759 1251 vertisset
799 1188 887 1250 eiust
900 1221 996 1234 --
1006 1205 1100 1267 porro
1110 1187 1137 1248 si
1152 1187 1185 1248 in
1195 1186 1286 1264 digito
1302 1187 1357 1248 Dei
1367 1203 1399 1248 e-

156 1273 240 1328 trane
256 1267 370 1346 fretam
381 1265 571 1344 inregioaem
591 1269 757 1334 Geraseno-
797 1272 868 1334 iieio
885 1272 1054 1344 doemonia,
1066 1273 1195 1352 profecto
1213 1270 1399 1348 paraenitice

155 1366 226 1412 rum
237 1351 465 1413 occurreruatei
476 1352 535 1413 duo
544 1353 680 1416 habentes
689 1357 758 1418 dae-
796 1374 847 1418 ooe
859 1373 986 1436 regnatne
1000 1357 1068 1418 Del:
1082 1355 1191 1436 quibus
1206 1353 1305 1414 verbis
1317 1353 1398 1413 diri-

154 1435 267 1508 moreio,
280 1435 520 1497 demonumentls
531 1447 683 1516 enecatos,
695 1458 758 1502 ece·
797 1459 865 1501 nam
888 1459 972 1502 suam
992 1439 1142 1515 virtutem,
1163 1456 1251 1520 quam
1274 1437 1400 1498 eiciens
1459 1463 1460 1470 ι

153 1519 184 1579 oi
200 1518 308 1594 nimis,
332 1519 375 1580 ita
401 1527 434 1581 at
448 1537 532 1581 nemo
548 1531 756 1600 possettrans-
797 1524 957 1587 daemonia
983 1523 1202 1600 manifestavit,
1220 1522 1295 1584 satis
1319 1522 1400 1583 clare

154 1601 201 1663 ire
215 1618 271 1680 per
288 1603 369 1664 olam
390 1602 484 1665 illam.
504 1605 544 1667 Ει
561 1623 622 1670 ecee
643 1608 756 1670 cloma-
797 1609 937 1671 asseruit.
1459 1605 1460 1626 ¹

153 1693 262 1747 ueram
276 1687 420 1749 dicentes:
440 1687 518 1762 Quid
537 1690 619 1751 nobis
636 1699 663 1753 et
680 1692 736 1754 tibi
745 1739 754 1769 ,
845 1694 933 1757 Nota.
950 1691 1013 1754 Non
1029 1691 1136 1753 desunt
1149 1689 1199 1770 qui
1211 1708 1278 1752 uere
1293 1709 1310 1750 a
1323 1689 1399 1752 dae·

153 1769 220 1831 lesu
238 1771 283 1850 fili
300 1772 384 1837 Dei?
400 1772 573 1835 uenistihac
594 1783 663 1836 onte
680 1783 755 1838 tem·
796 1793 885 1838 mone
906 1778 1044 1838 obsessos
1064 1785 1196 1853 tempore
1214 1774 1320 1837 Christi
1344 1794 1399 1836 ex·
1459 1815 1460 1818 κ

150 1871 208 1934 pus
225 1862 362 1934 torpuere
379 1860 452 1918 nost
477 1858 555 1920 Erat
577 1867 756 1922 autemnon
797 1860 891 1922 titisse
906 1868 1032 1940 negant,
1056 1869 1086 1921 et
1114 1876 1167 1936 per
1195 1859 1401 1921 daemoniacos

154 1938 240 2019 longe
256 1940 292 2001 nb
310 1940 370 2001 illis
382 1957 459 2020 pree
474 1941 637 2003 multorom
648 1961 755 2022 porco·
796 1944 916 2006 nonnisi
941 1945 1015 2006 tales
1029 1943 1236 2019 intelligendos
1253 1960 1319 2004 esse
1339 1962 1398 2022 pu-

153 2041 224 2085 rum
238 2040 372 2102 pascens.
399 2025 562 2087 Daemones
583 2034 680 2088 atatem
701 2047 755 2090 ro·
796 2035 870 2104 tant,
891 2029 961 2110 quia
981 2029 1092 2103 inania,
1114 2025 1265 2106 phrenesi,
1290 2027 1400 2088 morbo

152 2108 261 2187 gabant
283 2124 350 2169 eum
377 2108 522 2170 dicentes:
545 2110 580 2173 st
600 2111 681 2172 elicis
703 2130 756 2175 nos
795 2113 957 2188 comitiali,
973 2114 1018 2173 vel
1041 2111 1132 2173 simili
1150 2110 1339 2172 laborabant.
1357 2144 1401 2158 -

152 2190 234 2266 biae,
249 2191 397 2253 millenos
411 2193 445 2254 in
459 2209 576 2272 gregem
582 2211 751 2272 porcorum.
794 2196 847 2258 Ast
864 2198 914 2278 qui
935 2198 977 2258 ita
991 2197 1134 2269 sentiunt,
1149 2195 1236 2272 longe
1251 2195 1399 2256 recedunt

151 2275 193 2337 Ει
210 2275 253 2337 ait
269 2275 344 2338 illie:
359 2277 411 2338 lte.
431 2275 472 2338 Αι
488 2277 535 2338 illi
547 2283 754 2343 enecatesob-
795 2292 904 2342 erecta
915 2280 1160 2360 interpretatione
1172 2276 1397 2358 S.Scripturae‚

152 2358 253 2421 ieram
269 2359 303 2420 ia
315 2377 433 2439 porcos,
447 2369 473 2422 et
487 2362 671 2442 eceeimpetn
683 2366 753 2428 obiit
772 2419 774 2436 ‚
794 2383 871 2444 quae
884 2364 1073 2446 apertissime
1091 2383 1107 2424 a
1124 2363 1249 2443 reliquis
1268 2364 1400 2440 aegrotis

152 2447 230 2504 totas
243 2459 318 2522 pree
332 2461 387 2523 per
405 2461 544 2525 praeceps
562 2445 596 2508 in
612 2465 707 2526 mare,
728 2458 754 2512 et
793 2449 948 2527 distinguit
970 2448 1191 2522 daemoniacos,
1211 2445 1242 2506 in
1266 2465 1398 2526 quorum

150 2527 264 2589 mortui
279 2528 503 2607 continuantia.
517 2564 559 2574 —
573 2530 751 2612 Daemones,
793 2533 882 2594 etiam
907 2532 1152 2594 denominatione
1176 2530 1252 2591 varii
1272 2531 1399 2592 termini

151 2610 273 2690 spiritus
296 2611 430 2690 analigni,
456 2613 626 2676 hominibus
644 2625 753 2697 poten·
793 2634 822 2676 e.
834 2635 862 2692 g.
878 2615 1035 2678 daemonia
1050 2616 1110 2696 (l),
1124 2613 1246 2693 spiritus
1264 2613 1399 2676 immun·
1437 2617 1457 2695 f.

150 2694 244 2756 tiores
263 2698 392 2757 naturali
416 2696 503 2758 modo
523 2717 576 2778 per
600 2719 690 2761 uncum
717 2720 751 2763 e·
791 2696 1395 2781 di(5)‚Beelzebub(ti),Sutanas('l)etc.
1425 2738 1434 2766 ι,

151 2779 272 2840 missam
292 2798 408 2856 voceun,
426 2780 484 2858 ile,
500 2783 606 2863 expelli
622 2786 750 2846 nullate·
791 2783 1202 2863 occurrunt(8).Praeterea,
1215 2782 1306 2861 siper
1320 2782 1427 2867 dae-,j¹

150 2881 207 2924 nus
219 2872 354 2945 possunt.
372 2863 506 2927 Christus
517 2885 586 2943 ergo
598 2867 749 2945 uirtutem,
791 2868 944 2930 mociacos
958 2859 1087 2930 naturali
1104 2866 1208 2928 morbo
1223 2865 1399 2928 laborante.

149 2945 223 3027 ipsis
249 2949 446 3010 daemonibus
473 2949 658 3032 superiorem
677 2954 698 3014 i.
719 2973 747 3015 e.
790 2952 1013 3029 intelliguntur,
1035 2951 1162 3013 maxima
1178 2950 1205 3010 vi
1224 2949 1306 3010 haud
1324 2968 1371 3014 ra,

149 3030 279 3092 divinam
304 3032 449 3107 ostendit,
468 3052 535 3095 cum
557 3053 591 3096 ex
609 3035 673 3097 istis
693 3037 749 3097 ho·
790 3037 921 3098 narratio
939 3037 1109 3114 evangeliea
1126 3033 1317 3114 contorqueri
1380 3070 1397 3083 -

150 3115 281 3177 minibus
298 3135 357 3178 non
377 3136 469 3179 unum
488 3117 540 3179 sed
559 3120 653 3181 metita
677 3121 749 3182 dae·
790 3119 852 3182 bet:
869 3121 912 3182 sic
929 3139 957 3181 e.
977 3139 1007 3198 g.
1029 3119 1148 3181 nonnisi
1168 3118 1281 3179 absono
1356 3120 1396 3181 do
1460 3179 1461 3198 ,

149 3201 251 3261 monia
269 3199 368 3275 eiecit,
389 3220 466 3281 quae
486 3221 518 3263 se
536 3203 677 3283 legionem
695 3223 749 3265 vo·
789 3204 978 3284 dicipotest,
997 3204 1132 3265 rnorbum
1151 3201 1279 3283 quemda
1318 3203 1395 3264 'tam
1460 3201 1461 3232 ³

150 3283 324 3362 caruntffl).
345 3283 483 3346 Permisit
497 3295 594 3348 autem
615 3286 749 3350 Christus
789 3287 924 3349 insolitas
952 3305 1005 3368 per
1029 3287 1146 3366 longius
1172 3277 1291 3366 iempus
1314 3285 1395 3348 vires

148 3363 222 3444 ipsis
240 3365 270 3425 in
293 3384 409 3444 gregem
430 3387 587 3448 porcorum
610 3371 747 3449 ingredi,
789 3371 972 3452 praebuisse,
993 3379 1028 3434 at
1045 3389 1128 3434 alento
1148 3379 1245 3449 posset
1261 3371 1395 3432 tromlre

148 3446 294 3528 illumque
313 3453 510 3531 praecipitare
528 3453 558 3515 in
576 3473 668 3530 mare,
686 3463 748 3517 turn
785 3473 840 3535 per
856 3457 936 3519 uicum
954 3456 1049 3530 illam,
1070 3454 1208 3516 morbum
1222 3453 1394 3515 rationabi-

149 3531 186 3592 ad
196 3533 345 3594 veritatem
357 3535 491 3597 miraculi
501 3540 746 3616 confirmandam,
788 3540 856 3602 liter
867 3560 933 3601 curn
948 3539 1062 3603 Christo
1076 3540 1206 3600 locutum
1220 3555 1297 3611 esse,
1312 3555 1394 3598 eua-

148 3623 211 3677 tum
224 3615 438 3696 adavaritiam,
458 3625 692 3699 sensualitatem,
706 3625 749 3686 le-
788 3623 916 3705 demque
936 3643 971 3685 ex
987 3622 1159 3684 hominibus
1186 3637 1337 3698 egressum
1359 3621 1393 3682 in

147 3699 177 3780 gi
201 3700 348 3764 mosaicae
369 3705 566 3783 contrariam,
587 3717 676 3788 atque
697 3707 747 3768 in·
789 3705 1394 3788 porcosintrasseetc.-hbsonumquo·

137 3784 353 3847 ,credulitatem
366 3785 581 3852 Gerasenorum
601 3791 676 3853 iuste
690 3811 748 3871 pu·
788 3810 847 3872 que
875 3801 920 3854 est
942 3791 1060 3867 dicere,
1083 3789 1251 3862 Christum,
1278 3789 1331 3870 qui
1355 3808 1392 3850 o·

146 3868 301 3931 alendam.
315 3869 348 3948 b)
362 3869 433 3932 Luc.
446 3870 495 3946 Xl,
506 3874 749 3938 ldetc.deChri-
789 3875 870 3937 mnia
887 3876 985 3954 gentis
1002 3893 1073 3936 suae
1096 3872 1292 3954 praeiudicia,
1313 3891 1391 3933 cun-

147 3960 192 4014 sto
205 3954 322 4033 legitur:
333 3956 410 4018 Erat
423 3956 746 4036 eiicieaedaemont'ant,
789 3968 911 4040 ctosque
927 3977 1042 4021 errores
1065 3958 1192 4018 maxima
1209 3956 1333 4018 solertia
1355 3975 1391 4018 e·

147 4044 175 4099 et
192 4039 269 4102 illud
286 4047 350 4125 erat
363 4049 487 4102 matam.
508 4042 548 4104 Ει
563 4059 628 4104 cum
646 4043 748 4106 eiecis-
790 4045 930 4106 mendara
940 4043 1059 4123 sategit,
1074 4059 1106 4104 se
1117 4058 1261 4104 erroneae
1271 4049 1391 4122 tempo·

180 4135 209 4193 lt)
226 4137 257 4184 Cl.
274 4139 317 4186 lile
333 4140 439 4196 hettgton
459 4141 502 4186 mit
522 4139 580 4187 little
595 4141 639 4187 der
657 4146 749 4188 necerat
820 4143 1018 4204 (epitathium.
1104 4139 1302 4199 (tintinnare.
1363 4145 1386 4200 ,³

150 4193 330 4262 Celehrmmltelt
349 4213 370 4245 n.
386 4197 562 4256 nrrbtigeulecen
582 4200 605 4258 2,
628 4201 650 4245 ll.
672 4200 750 4258 tt,tt.
819 4201 849 4256 15)
859 4203 927 4248 hlarc.
937 4203 959 4257 5,
975 4200 1009 4248 ΙΙ.
1107 4198 1302 4262 (ditescendi.
1327 4203 1364 4254 „r'
1417 4236 1421 4248 .

149 4251 277 4313 Wureburg
295 4257 357 4305 teet.
371 4259 529 4308 Staehet‘eehe
543 4259 736 4318 uacuumutung.
819 4262 851 4317 (7)
860 4261 891 4305 lb.
903 4274 923 4306 u.
932 4259 968 4308 lt.
1332 4260 1341 4271 ’

181 4311 211 4368 (2)
220 4312 276 4360 hue.
285 4317 310 4373 8,
320 4317 356 4364 δι).
596 4373 605 4393 ⁸
821 4319 851 4380 (tlt
864 4319 896 4366 cl.
905 4320 984 4367 hlottlt.
999 4319 1033 4381 lb,
1045 4317 1065 4366 1.
