2934 4736
403 192 479 239 runs
501 191 545 238 ιιι.
567 188 671 238 sacrm
691 193 725 238 ιι.
750 193 843 239 creor
863 193 885 239 1.
1163 173 1220 239 351

21 303 64 320 -
79 265 117 334 In
139 270 286 352 praesenti
309 280 409 335 antem
427 279 565 334 tractato
590 270 628 333 do
667 266 716 334 Sic
726 289 757 333 e.
772 290 800 349 g.
823 269 944 332 Messias
957 271 1004 352 (l)
1019 271 1075 334 ait:
1088 273 1154 353 Epo
1168 279 1266 334 notcrn
1306 333 1311 342 ,

21 353 159 418 Ecclesia
177 355 338 420 universali
349 373 448 418 sermo
466 364 530 432 est,
549 373 627 436 qnae
667 356 843 418 constitutos
854 356 1034 419 stoream
1045 374 1078 419 co
1094 353 1268 435 sopchiort

23 439 330 504 aBossoctoelicitor:
352 437 515 504 <Societas
532 439 629 501 homi·
666 447 794 503 monlon
821 445 957 503 ecoctam
983 439 1064 519 eius,
1089 439 1274 521 praedicans·

22 541 95 584 num
114 543 215 588 veram
229 522 338 589 Christi
351 523 537 602 Religionem
552 539 627 605 pno-
662 531 851 605 praeceptum
869 525 949 596 eiua·
965 531 995 584 et
1015 522 1095 585 Deus
1114 523 1151 584 ad
1167 523 1268 604 ipsum

24 607 172 670 tileotium
188 625 226 688 ¹r,
244 628 262 671 a
283 609 470 673 Bellermiao
490 625 578 684 vero,
597 614 628 669 et
667 606 751 670 dicit:
763 608 986 683 Patolccme,
1004 617 1032 670 ct
1046 607 1120 672 dolo
1132 607 1186 670 titt
1197 623 1268 686 pen·

24 691 227 755 communiter
247 711 266 754 a
287 691 446 772 Theclopis
471 690 627 754 catholicis
666 698 708 754 tea
728 692 1048 767 monumemtum,
1066 691 1266 771 etponeccio-

25 773 178 838 detlnitur:
202 773 340 840 «Coetus
360 774 516 838 hominum
535 776 627 838 unius
665 793 733 838 aaa
747 783 830 840 tuom
847 775 988 839 terminos
1002 781 1112 839 terrae:
1128 788 1268 857 reposcos

24 868 51 918 et
65 859 204 926 eiusdem
222 860 293 923 tltlei
313 859 495 923 christianae
509 857 626 940 proles·
666 859 700 922 t'a
717 860 804 942 cispa
833 861 936 941 scaren
965 859 1024 941 (E).
1050 859 1087 921 Et
1107 857 1198 920 lsaias
1218 855 1266 938 (3)

23 941 123 1020 sione,
143 944 351 1006 eteoruntlem
366 941 626 1006 sacramentorum
667 943 793 1023 loquens
804 943 841 1006 de
851 942 1035 1024 temporibus
1046 941 1169 1005 Messiae
1181 941 1266 1003 dicit:

24 1027 459 1108 participationeconiltnctoa,
474 1027 533 1090 auh
550 1027 629 1106 regi·
666 1028 736 1090 Erit
751 1029 785 1089 in
798 1028 964 1091 commanis
985 1028 1086 1090 dicbus
1097 1041 1266 1107 proepara-

24 1110 628 1192 ntaelegiunorunpasmmnncpcae·
667 1120 714 1173 lus
730 1127 817 1174 moos
833 1113 937 1174 domur
957 1112 1077 1175 Domini
1101 1111 1138 1191 (i.
1158 1129 1186 1172 e.
1206 1109 1266 1171 Ec-

24 1193 113 1274 cipua
130 1193 260 1260 Romani
281 1193 451 1271 pontificis,
474 1214 492 1257 a
510 1195 627 1258 Christo
667 1195 757 1256 clesia
774 1194 912 1276 Messias)
928 1196 962 1259 io
983 1197 1088 1259 oertt'ce
1106 1194 1264 1270 moratium,

24 1277 183 1343 institutus
203 1300 233 1343 ι.
246 1278 329 1342 Hanc
350 1278 554 1360 definitionem
575 1295 627 1342 re·
666 1287 693 1341 ct
711 1280 872 1344 clcaolitor
892 1297 981 1360 super
1005 1281 1101 1357 eolles,
1125 1286 1152 1341 ct
1173 1277 1268 1360 pluent

25 1368 98 1424 ctam
116 1381 198 1440 esse,
214 1373 245 1426 et
257 1364 355 1445 quoad
366 1381 549 1426 ornrrassuas
561 1381 629 1443 par»
667 1364 707 1426 nd
729 1379 798 1426 cum
831 1381 931 1426 mones
965 1371 1076 1446 pentes.
1106 1363 1147 1426 Et
1181 1362 1268 1425 loono
1366 1434 1373 1448 ³

27 1452 66 1508 les
83 1446 253 1524 legitimam
268 1447 351 1512 eriis
368 1447 441 1530 ipsis
458 1446 626 1528 apparebit,
662 1448 768 1527 populi
785 1447 893 1525 mulli,
918 1456 945 1511 ct
971 1449 1080 1511 dicent:
1103 1446 1220 1523 Venite,
1239 1453 1268 1507 et

26 1547 99 1608 quae
131 1530 164 1592 ia
189 1531 385 1612 sequentibus
409 1530 560 1612 capitibus
589 1531 627 1593 de
667 1533 859 1596 mccndomoc
876 1533 917 1594 ecl
938 1539 1066 1595 monton
1087 1531 1221 1607 Domini,
1240 1537 1268 1592 cl

28 1631 89 1676 nera
100 1611 214 1678 Christi
233 1615 366 1678 Ecclesia
387 1615 539 1678 dicuntur.
556 1613 628 1680 Cae-
667 1616 706 1678 od
722 1617 843 1680 manum
860 1616 916 1678 Dei
933 1616 1028 1692 lacot,
1047 1622 1075 1678 ct
1091 1615 1201 1678 docebit
1214 1614 1268 1676 nos

27 1703 121 1759 terum
143 1700 281 1762 tractatio
294 1699 351 1762 ista
366 1698 546 1762 eomaioris
563 1717 631 1761 mo·
667 1700 732 1763 cios
745 1717 826 1776 suaa,
847 1708 875 1762 el
891 1699 1107 1764 ambulabimus
1127 1699 1162 1761 in
1183 1698 1282 1762 semi·

28 1781 117 1844 menti
137 1789 201 1858 est,
222 1803 283 1864 quo
302 1783 422 1864 plures,
439 1791 469 1846 et
486 1801 545 1862 quo
563 1801 630 1862 gra·
668 1783 707 1847 tis
723 1784 798 1862 cios,
819 1783 890 1864 poio
908 1785 943 1847 de
959 1784 1034 1847 Sion
1052 1783 1143 1846 coibit
1161 1782 1221 1860 lem,
1242 1789 1276 1844 cl·
1309 1784 1315 1800 ⁴

28 1864 122 1929 riores
132 1867 216 1928 circa
228 1868 374 1930 theoriam
386 1867 422 1930 de
437 1867 571 1930 Ecclesia
583 1885 629 1928 er·
665 1870 788 1931 'omium
814 1868 938 1931 Domini
958 1868 994 1930 tle
1017 1865 1190 1932 ierusalem.
1216 1864 1268 1926 His

29 1965 109 2014 rores
127 1950 240 2014 nostris
258 1951 445 2034 temporibus
465 1951 628 2015 circumle-
668 1952 767 2014 verbis
784 1951 934 2014 Ecclesiae
948 1971 965 2014 a
981 1950 1087 2013 Messio
1104 1951 1278 2014 instituen-·

28 2043 142 2098 rontur.
669 2036 725 2098 dae
738 2036 867 2097 munima
878 2035 1055 2116 amplitudo,
1071 2035 1205 2096 eiusdem
1230 2051 1268 2094 ue

241 2161 367 2210 omn
391 2163 416 2210 Ι.
443 2161 446 2170 2
670 2119 738 2182 nnis
749 2119 998 2201 spiritualisclarc
1009 2118 1193 2197 indigitetur.
1208 2053 1269 2179 flu·

670 2203 719 2265 ios
733 2203 1040 2286 autemamplissimae
1053 2200 1270 2299 societatisliex

261 2345 395 2420 am
670 2287 1271 2454 potueruutntttttltlt

182 2445 201 2496 1·
215 2447 333 2496 Ecclesiae
348 2451 475 2500 inllltllsso.
535 2521 540 2530 .
671 2455 735 2518 eim
753 2457 924 2536 impmum,
942 2465 970 2521 θ(
985 2457 1065 2537 papis
1079 2473 1141 2518 mm
1157 2456 1214 2519 erit
1230 2456 1270 2536 fl.

68 2533 305 2608 chrismarium
321 2536 540 2600 sanctissimam
552 2535 633 2600 Reli·
671 2541 734 2602 nis:
750 2558 840 2621 super
850 2541 956 2604 solium
972 2541 1075 2616 Dorio,
1089 2546 1115 2602 ct
1127 2556 1272 2620 superre-

32 2616 146 2695 gionem
167 2638 254 2680 suam
272 2619 446 2684 hominibus
468 2623 631 2683 annuntia·
670 2641 765 2704 pauco
782 2612 846 2688 cios
861 2623 966 2688 sedebit
976 2667 985 2703 ‚
1008 2633 1042 2688 nl
1060 2626 1213 2706 confirmet
1230 2622 1270 2684 tl-

33 2711 86 2779 rcl,
102 2703 198 2765 noluit
219 2721 351 2784 quoque,
372 2713 405 2766 ut
426 2705 458 2766 in
479 2713 631 2767 externam
671 2709 735 2784 loll,
755 2715 782 2772 ct
799 2709 965 2772 corroboret
983 2709 1156 2784 interlitis,
1175 2714 1202 2769 ct
1219 2706 1277 2768 itt-¹

34 2788 204 2849 societatem
218 2787 399 2871 coalescant,
414 2797 444 2851 et
461 2789 580 2870 quidem
600 2790 631 2851 in
670 2793 754 2856 stilio
773 2795 889 2869 amodo,
911 2800 939 2855 ot
954 2809 1045 2872 ospnc
1066 2793 1100 2854 in
1116 2790 1270 2871 scalptor-

37 2870 210 2932 socielatem
228 2872 331 2946 talem,
342 2889 420 2951 quae
432 2891 485 2954 pro
504 2873 633 2938 maxima
671 2893 757 2939 arom.
770 2875 854 2938 iuxta
866 2876 1004 2942 vaticinia
1015 2875 1050 2938 V.
1064 2875 1099 2936 Τ.
1114 2893 1183 2953 crgo
1197 2871 1273 2934 illes·

37 2970 87 3015 sua
105 2954 281 3016 extensione
298 2972 438 3036 ceptrum,
457 2965 488 3020 el
503 2975 556 3038 pro
574 2959 633 3020 fine
673 2961 732 3022 sias
746 2959 907 3022 Ecclesiam
920 2960 1111 3022 instituturus
1130 2965 1192 3022 erat
1208 2957 1268 3037 (5).

35 3055 84 3100 suo
99 3037 253 3119 spirituali
266 3040 387 3103 societas
404 3041 555 3122 reciproco,
578 3061 633 3104 seu
673 3042 730 3107 Sed
754 3043 888 3108 Christus
915 3053 961 3106 est
987 3061 1081 3105 telus*
1097 3039 1217 3104 Messias
1239 3039 1271 3100 in

34 3137 160 3202 repnom
171 3123 309 3186 livinum
325 3125 447 3201 morale,
461 3143 515 3188 seu
529 3126 632 3190 Eccle·
673 3128 708 3191 V.
725 3128 760 3191 T.
778 3129 1002 3210 praenuntiatus
1021 3126 1082 3207 (o),
1100 3144 1169 3206 ergo
1183 3123 1271 3187 Chri·

34 3205 147 3268 stadici
161 3206 261 3270 dehet.
274 3205 436 3272 Ecclesiam
449 3209 506 3272 hoc
518 3209 549 3270 io
561 3229 633 3272 seo·
673 3221 736 3275 slus
747 3213 910 3276 Ecclesiam
925 3210 1067 3285 instituit,
1080 3229 1133 3274 seu
1145 3226 1271 3288 regnum

35 3306 65 3348 su
78 3308 96 3349 a
108 3288 228 3352 Christo
245 3289 410 3354 institutam
422 3311 499 3369 esse,
517 3302 579 3355 tum
595 3312 635 3358 ea
673 3296 806 3358 ditinum
823 3296 935 3358 rnorale
950 3294 1097 3358 fundarit.

35 3372 187 3436 vaticiniis
206 3375 240 3438 V.
259 3375 291 3437 Τ.
309 3383 369 3436 tum
382 3393 421 3440 on
440 3377 553 3442 Christi
564 3396 634 3441 ocr-
716 3381 747 3441 E.
765 3380 911 3456 Christus,
930 3397 997 3441 cum
1016 3378 1048 3439 in
1068 3376 1153 3440 terris
1169 3393 1279 3441 versa-⁴

38 3455 90 3533 tic,
115 3467 178 3518 tum
202 3476 240 3522 ee
259 3458 371 3524 Cllrt'sti
393 3460 493 3540 suctu,
514 3471 576 3524 tum
596 3480 636 3526 aa
674 3472 769 3541 retur,
788 3463 908 3544 saepius
925 3463 968 3525 rei
988 3463 1134 3544 expressis
1151 3460 1272 3538 verbis,

38 3541 99 3620 t'pso
115 3541 245 3606 luterio
262 3543 381 3624 probari
399 3553 510 3625 polest.
675 3550 720 3611 vel
739 3547 796 3610 sub
823 3547 1032 3629 parabolarum
1059 3547 1211 3610 involucro
1236 3546 1274 3608 de

41 3704 48 3718 ι
78 3626 108 3686 l.
128 3623 265 3690 Messian
288 3627 460 3692 societatem
483 3648 634 3708 magnam,
675 3631 879 3694 Ecclesiaase
888 3630 1071 3693 instituenda
1083 3634 1200 3694 loculus
1211 3633 1280 3700 est-t

39 3725 97 3770 ιιιο
123 3728 250 3788 regnum
272 3712 489 3792 amplissimum
513 3714 635 3777 institu-
676 3715 747 3778 Nam
767 3716 815 3797 (l)
833 3715 886 3778 ait:
909 3717 952 3778 To
969 3717 1126 3792 esPclros,
1145 3724 1172 3778 el
1185 3729 1276 3792 super

41 3799 135 3854 terrum
157 3812 236 3871 esse,
252 3797 333 3875 qood
348 3815 407 3858 nort
423 3806 481 3860 tam
501 3799 536 3860 ad
556 3807 634 3861 tem·
675 3802 752 3865 lonc
777 3808 895 3880 petram
923 3800 1080 3882 oedificabo
1112 3797 1274 3864 Ecclesiam

41 3878 170 3955 poralem
186 3896 275 3958 quam
288 3879 324 3940 ad
336 3880 521 3960 spiritualem
535 3883 637 3946 homi·
675 3901 781 3947 mecm.
794 3883 830 3946 Et
844 3884 891 3964 (8)
902 3883 940 3946 de
950 3885 1133 3947 correctione
1144 3884 1276 3945 fraterna

41 3977 107 4021 num
123 3962 297 4024 felicitatem
315 3961 481 4043 dirigatur,
505 3967 637 4048 prophe·
678 3968 888 4048 agensinquit:
902 3965 1213 4044 Silenononrlt‘crit(
1243 3981 1275 4026 c-

43 4050 86 4106 tae
102 4043 139 4108 tl.
160 4045 196 4108 T.
223 4047 296 4112 satis
314 4046 392 4110 clare
413 4051 635 4130 praedixerunt.
678 4061 723 4117 ter
736 4052 818 4134 tutes)
836 4053 939 4117 cultile
952 4065 1046 4118 lectam
1059 4052 1153 4114 oditur
1165 4065 1273 4128 ultum,

37 2267 64 2304 or
78 2265 204 2306 ιιιιιιιιι
220 2265 389 2324 tnsrrrorross,
404 2267 478 2313 orpus
494 2267 619 2306 ιιιιιιοιιι.

69 4198 100 4256 (ι)
116 4200 187 4260 raa,
202 4201 225 4248 o.
267 4219 277 4237 ·
373 4201 402 4265 (ι)
417 4203 452 4252 ιι.
466 4207 490 4266 ι,
505 4207 519 4252 o
533 4209 580 4256 arc.
708 4208 741 4268 (ot
756 4209 782 4256 ι.
798 4174 939 4270 nemo,
954 4211 997 4255 art.
1011 4207 1047 4256 rt.
1082 4219 1090 4234 x

70 4259 100 4316 (5³
115 4263 171 4320 Cup.
183 4260 204 4311 2,
223 4273 245 4306 tt.
259 4259 309 4310 aet
319 4263 340 4311 ⁵.
371 4263 404 4323 tl)
420 4265 460 4311 len.
476 4267 499 4326 9,
514 4266 551 4330 7.,
708 4269 741 4325 (il
757 4268 838 4314 ltattn.
856 4271 889 4328 llt,
905 4268 941 4313 l8.

70 4321 101 4376 (5)
117 4317 292 4379 (ἶῐ.ξ.115,ιι.
308 4321 330 4382 8,
346 4324 369 4368 et
384 4321 404 4384 ἓ,
420 4323 463 4370 tls
478 4326 530 4373 ltot
709 4329 836 4386 (Epllatilt.
855 4327 888 4387 i8,
904 4327 932 4372 lss
947 4325 991 4372 etc.
