2934 4736
423 161 498 206 runs
514 160 668 207 insecuto
686 160 719 204 u.
738 160 833 206 curun
848 161 880 204 r.
1176 138 1235 204 att
1253 209 1258 216 ,

62 236 184 300 uarietate
201 235 342 315 Deorum,
354 236 405 320 qui
420 239 569 316 coluntur,
584 257 638 301 ua·
678 255 745 314 ucs,
765 237 798 300 in
816 236 922 316 putum
948 253 1011 298 aon
1036 235 1129 300 subest
1155 228 1282 300 cacum

61 321 96 382 n'a
111 321 223 384 nomina
236 323 369 385 sortitur:
385 324 481 384 cultus
496 322 574 384 enirn
593 323 638 383 di·
678 322 746 384 Dei:
764 330 790 384 ct
808 321 843 384 de
860 320 925 394 luis,
945 337 1018 398 poue
1034 321 1174 383 uidentur
1189 319 1282 394 bono,

61 406 141 481 rinus,
153 406 218 481 soli,
238 405 340 482 lunae,
359 406 446 468 astris
463 413 493 468 et
508 405 567 483 igni
584 425 636 468 ex·
677 423 739 468 raon
753 413 916 486 potueruut
945 404 1110 485 intelligere
1133 421 1200 466 com
1226 400 1283 484 pou·

62 487 153 550 libitus
163 488 271 551 dicitur
282 491 454 571 mogismus:
469 491 566 552 cultus
579 489 636 551 bo·
677 498 729 562 cst,
740 507 835 569 aeque
851 489 985 569 operibus
999 488 1180 550 attendentes
1190 504 1228 568 op
1244 500 1284 546 to·

61 572 167 649 ninum,
184 573 235 654 qui
249 591 302 654 per
318 574 499 655 Apotheosin
513 573 636 636 adlleos
675 581 782 636 verunt
809 573 874 652 puis
896 579 968 634 esset
995 571 1127 650 ortissu:
1151 573 1202 634 ced
1223 575 1283 632 ¹ot

59 657 215 720 extolluntur
234 659 525 732 uocaturcobicmum
539 659 636 720 cultus
676 658 786 738 iguem,
799 665 851 721 aut
861 657 1011 736 spiritum,
1027 664 1079 718 ortt
1095 655 1218 718 citatum
1240 657 1283 748 td·

59 739 155 804 livinus
173 741 264 804 rebus
287 742 499 819 terrestribus,
518 742 635 804 ratione
676 759 759 817 rem,
778 749 829 805 out
844 757 952 822 pyrum
969 741 1134 815 stellarum,
1153 747 1207 802 cot
1222 753 1281 802 os-

58 825 213 902 careutibus,
234 845 264 888 e.
284 845 313 905 g.
334 825 525 902 animalibus,
546 826 634 906 plen·
675 827 767 889 miom
785 843 908 906 aquom,
924 833 976 888 eut
993 825 1100 901 colem,
1118 831 1146 885 et
1172 825 1281 886 lunum

57 906 95 984 tis,
108 909 287 987 lluminibus,
302 912 346 972 uel
362 909 490 990 sculptili
507 917 564 972 etc.
579 910 635 970 im·
675 919 800 972 rectores
825 910 905 972 orbis
920 918 1071 972 terrarum
1094 910 1166 972 Deos
1181 916 1274 987 puto·

56 1009 164 1070 pensus,
192 1003 384 1075 nuncupatur
411 993 635 1075 setimdianum
674 1002 780 1058 nerunt
798 994 858 1074 (3).
876 991 939 1054 Huc
955 1001 1089 1074 spectant
1104 992 1193 1053 etiam
1209 1011 1275 1054 rer·

56 1075 135 1136 cultus
150 1077 288 1155 demum,
310 1097 368 1158 quo
398 1096 464 1139 curn
493 1096 633 1158 supremo
674 1076 712 1139 ba
729 1075 883 1157 round).
902 1111 945 1123 -
961 1075 1021 1158 lpsi
1040 1076 1151 1138 etlruici
1169 1082 1274 1157 potitae

54 1155 160 1222 Numine
176 1162 308 1239 Aeones,
323 1159 420 1240 Logos
438 1170 467 1222 et
486 1159 634 1224 bemiiur·
675 1160 751 1222 hanc
773 1161 960 1224 idololatriac
991 1161 1137 1224 insaniem
1156 1161 1274 1224 derise-

54 1244 279 1324 gusadorantur,
303 1256 348 1308 est
364 1245 633 1326 gnosticismtts.-
672 1254 754 1306 runt.
787 1243 926 1307 Horatius
947 1246 994 1325 (5)
1019 1244 1113 1307 Deum
1145 1244 1273 1326 loquen-

54 1322 226 1406 Polptbelstaa
246 1339 420 1393 autemnon
436 1348 538 1391 omues
556 1328 633 1392 Deos
675 1337 731 1412 tem
751 1329 876 1392 inducit:
903 1349 918 1390 s
938 1327 1015 1392 Olim
1036 1337 1158 1391 truncus
1177 1348 1272 1406 erem,

55 1407 163 1474 eiusdem
190 1413 306 1476 ordinis
323 1423 363 1476 et
387 1412 539 1492 diguitatis
568 1432 632 1476 esse
673 1413 813 1490 ficulnus,
830 1412 937 1483 inutile
959 1414 1085 1494 lignum,
1105 1431 1171 1474 curu
1190 1411 1274 1476 labar

55 1506 229 1572 censuerunt,
250 1497 303 1560 sed
332 1497 428 1560 uarias
458 1498 537 1559 iuter
564 1497 632 1559 illos
672 1495 817 1572 incertus,
838 1516 991 1559 scamnum
1019 1497 1169 1560 faceretne
1187 1495 1272 1559 Pria-

55 1575 142 1640 classas
163 1580 380 1659 distinguentes
405 1600 498 1644 unum
525 1581 632 1644 ceteris
673 1599 756 1660 pum,
776 1581 881 1643 maluit
895 1600 960 1643 esse
979 1581 1085 1644 Deum:
1105 1581 1185 1644 Deus
1203 1581 1272 1646 inde

54 1662 219 1727 excelsiorem
230 1667 432 1728 crediderunt.
447 1663 572 1726 Romani
586 1666 632 1727 di·
672 1685 760 1744 ego.)
775 1700 817 1712 -
835 1663 982 1732 luvenalis
998 1666 1038 1728 ita
1061 1665 1159 1746 lepide
1176 1665 1272 1746 Aegy·

54 1743 195 1811 stiurerunt
221 1751 298 1816 Deos
318 1751 472 1813 mulorum·
485 1750 629 1829 pestium,
673 1751 741 1830 ptiis
759 1749 887 1812 irridet:
909 1769 924 1810 u
944 1747 1016 1822 Quis
1034 1750 1152 1826 nescit,
1172 1751 1274 1830 qualia

53 1826 266 1896 beosmioorum
277 1835 422 1914 pontium,
432 1841 460 1896 et
471 1834 628 1896 semideos.
672 1835 790 1894 demum
805 1834 951 1914 Aegyptus
962 1834 1194 1914 portentacolatl
1208 1852 1274 1896 cro·

54 1906 117 1972 luter
131 1914 204 1978 Deos
223 1919 370 1980 maiorum
393 1916 526 1997 gentium
553 1917 630 1979 emi·
672 1918 789 1979 codilon
808 1918 923 1993 adorat,
945 1935 1127 1998 —porrum
1146 1926 1176 1979 el
1200 1937 1272 1999 cepe

53 1993 141 2060 nebant
157 1999 282 2083 Iupiter,
301 2001 353 2083 qui
372 2002 455 2064 coelo
473 2010 503 2062 et
519 2008 629 2078 terrae,
672 2003 756 2064 nelos
776 2002 906 2078 uiolare,
925 2019 960 2062 ac
993 1999 1129 2079 frangere
1157 2020 1271 2064 morsu.

52 2072 200 2168 lleptuuus,
218 2085 272 2167 qui
300 2085 394 2162 mari,
415 2094 445 2148 et
461 2084 560 2162 Pluto,
579 2086 629 2166 qui
671 2083 826 2148 Osanctas
847 2095 971 2164 gentes,
991 2085 1100 2166 quibus
1125 2086 1198 2148 baec
1215 2102 1272 2148 na-

53 2161 146 2226 nnierno
163 2187 302 2248 praeesse
316 2169 503 2232 credebatur.
519 2167 631 2231 Tantus
671 2179 794 2232 suuntur
813 2170 843 2230 in
867 2169 960 2231 bortis
978 2169 1138 2232 nominali
1157 2170 1273 2232 -Eo-

54 2253 203 2314 autemerat
217 2253 346 2316 Deorum
366 2254 557 2333 Daarumque
571 2274 631 2315 nu·
671 2253 737 2316 dem
758 2253 846 2316 modo
865 2253 980 2335 antiqui
994 2253 1143 2316 Ecclesiae
1157 2251 1271 2330 Patres,

57 2343 145 2410 merus,
163 2345 210 2412 ut,
235 2346 311 2402 teste
333 2336 485 2414 Eusebio,
504 2337 563 2398 iarn
593 2337 630 2398 ab
672 2338 722 2418 qui
735 2337 841 2400 melius
857 2357 944 2419 quam
956 2337 1097 2400 neoterici
1110 2337 1271 2420 Gentilium

55 2405 158 2478 Hesiodo
176 2421 298 2500 triginta
329 2440 432 2485 eorum
459 2421 552 2484 millia
579 2439 631 2484 re·
671 2441 758 2484 sensa
776 2431 989 2500 cognorerunt,
1009 2423 1272 2486 clarecontestan-

55 2509 231 2568 censerentur.
671 2513 731 2582 tur,
744 2507 855 2568 cultum
869 2506 1018 2569 idolorum
1029 2526 1088 2569 uon
1100 2506 1270 2590 relativum,

67 2580 159 2670 doto.
174 2586 316 2650 Nonnulli
335 2595 539 2659 autumarunt,
555 2586 632 2652 Gen·
671 2590 722 2652 sed
737 2589 905 2652 absolutum
922 2590 1013 2653 luisse
1031 2593 1090 2672 (li).

57 2659 109 2723 bles
122 2667 202 2732 idolis
219 2673 284 2734 suis
301 2674 412 2734 cultum
433 2690 492 2734 uon
511 2672 631 2734 absolu·
711 2673 743 2736 d.
767 2672 1000 2754 Polytbcismum
1018 2695 1053 2736 ac
1072 2674 1269 2738 idololatriam

56 2749 114 2823 tum,
125 2753 170 2814 sed
181 2757 337 2832 relativum
349 2755 530 2834 exhibuisse,
542 2761 630 2838 quem
670 2766 739 2820 ante
751 2757 893 2820 diluvium
914 2777 972 2819 non
992 2758 1134 2833 extitisse,
1148 2755 1179 2820 S.
1193 2757 1271 2818 Tim-

56 2827 83 2921 ttl
97 2844 260 2921 prototypon
284 2840 305 2902 i.
328 2860 351 2903 e.
383 2841 420 2903 ad
439 2841 532 2921 ipsam
552 2841 630 2902 diri·
671 2860 733 2904 mas
751 2843 806 2923 riq.
832 2860 920 2904 exeo
943 2842 1067 2920 colligit,
1095 2842 1164 2922 quia
1182 2840 1211 2901 in
1237 2837 1269 2904 S.

57 2920 153 3004 nitatem
172 2923 343 2988 direxerint.
362 2959 405 2972 -
428 2922 485 2986 Sed
509 2933 629 2986 contra·
670 2922 821 3007 Scriptura
833 2925 1044 2996 interscelera,
1059 2934 1179 3006 propter
1191 2943 1268 3005 quae

56 3009 114 3092 nunu
130 3010 272 3069 testantur
291 3018 352 3070 tum
375 3008 464 3083 sacri,
479 3014 541 3069 tum
558 3026 627 3090 pro·
670 3027 765 3090 poena
784 3009 888 3071 diluuii
909 3009 1039 3071 hunuano
1059 3009 1160 3086 generi
1186 3009 1270 3070 inlli-

56 3075 102 3173 ftttt
127 3091 280 3172 scriptores
304 3091 516 3172 antiquissimi.
547 3091 627 3154 lere·
670 3101 717 3154 cta
738 3093 806 3170 suit,
830 3112 890 3155 non
913 3101 1196 3156 commemorantur.
1216 3090 1269 3154 Li·
1317 3113 1321 3126 ·

57 3177 120 3264 nouas⁸
129 3175 316 3255 reprehendit
327 3175 507 3253 iconomus,
529 3177 629 3239 auca·
670 3186 716 3245 eeu
734 3186 832 3240 aurem
851 3161 924 3251 ule,
940 3177 988 3240 uir
1001 3177 1097 3257 ruerus
1109 3175 1156 3257 (n)
1171 3185 1199 3238 u
1218 3177 1269 3239 au-

58 3250 88 3340 ltt
100 3249 183 3344 ltpuo:
202 3261 295 3324 Poter
311 3277 392 3323 meuc
415 3277 444 3322 ec
467 3269 500 3322 to
507 3283 522 3333 ‚·
537 3269 564 3323 et
583 3262 629 3324 lo·
669 3261 765 3324 otiliae
779 3278 886 3341 praeco
895 3262 963 3341 (8),
988 3259 1153 3322 doctrinam
1175 3260 1268 3324 alleo

55 3332 114 3426 nuo
126 3339 220 3406 Tame
233 3345 364 3425 pacatico·
376 3343 435 3424 (l).
452 3341 543 3406 lenias
560 3363 629 3422 gra·
669 3347 826 3406 revelatam
842 3345 968 3426 posteris
986 3344 1049 3406 suis
1066 3344 1193 3408 fideliter
1210 3354 1271 3408 tra·

58 3412 123 3487 llice
139 3423 278 3490 describit
298 3427 484 3490 idololatriae
501 3429 629 3509 stupidi·
670 3427 789 3507 diderit;
810 3426 882 3492 haec
907 3437 1006 3492 lamen
1029 3429 1059 3490 in
1082 3448 1192 3508 genere
1211 3429 1269 3494 hu·

58 3501 138 3581 ditm,
157 3509 227 3574 dum
246 3513 310 3575 ait:
329 3512 453 3591 Artifex
481 3509 630 3592 ripuarias
672 3532 772 3590 mano,
788 3513 872 3576 valde
896 3513 1003 3575 iterum
1028 3513 1224 3594 multiplicato
1240 3523 1271 3578 et

56 3589 138 3671 ttmoit
153 3611 189 3656 co
205 3597 248 3658 eis
264 3596 380 3676 (liguis)
392 3630 408 3643 -
428 3630 442 3642 ·
455 3598 585 3658 medium
597 3615 629 3660 c·
671 3597 702 3658 in
724 3615 829 3660 omnes
850 3597 987 3676 regiones
1004 3597 1157 3679 disperso,
1177 3599 1269 3680 pede·

58 3677 246 3756 *oecononum
267 3679 518 3762 igni-reliquom
533 3687 631 3744 nutem
672 3682 774 3742 lentim
809 3679 950 3744 obliuioni
979 3682 1047 3744 data
1073 3682 1146 3757 luit,
1171 3683 1270 3744 itaut

58 3763 105 3812 “tt
118 3757 207 3826 mam
219 3766 300 3845 fecit,
314 3764 632 3843 etsculptdesibi;cor·
671 3764 853 3846 corruptioni
873 3763 1011 3842 niorurn,
1036 3766 1095 3828 iam
1124 3773 1191 3828 ante
1219 3764 1268 3825 di-

58 3841 127 3900 autur
141 3855 206 3910 oute
224 3848 317 3924 illud,
337 3857 364 3911 el
379 3848 484 3912 odorat
501 3849 588 3926 illud,
605 3858 632 3912 et
671 3849 782 3910 lunium
813 3849 1024 3927 invalescenti,
1045 3849 1172 3912 maxima
1189 3866 1267 3942 quo-

58 3913 458 4008 oloecrotdiccoerbiberome,
474 3933 633 4012 puiolleuc
672 3952 729 4014 que
745 3933 931 4015 polytlreismi
950 3944 980 3996 et
996 3932 1181 3996 idololatriae
1205 3947 1268 3991 cru-

59 4012 122 4090 meua
136 4029 163 4074 ca
178 4024 210 4078 tu
224 4017 284 4096 (9.).
300 4017 411 4080 dnrctor
427 4016 495 4078 libri
510 4014 633 4098 Sapien·
672 4015 754 4081 ruina
771 4019 961 4083 adderentur.
981 4017 1092 4082 Horum
1110 4010 1269 4098 praecipua

61 4085 105 4148 tue
117 4092 194 4161 dicit:
218 4102 384 4165 Venisset
417 4118 517 4164 enarres
534 4102 632 4178 loomi-
703 4175 733 4234 (a)
746 4176 789 4222 Hb
808 4174 819 4221 t
841 4176 879 4222 Sl
900 4177 914 4221 8

712 4193 724 4221 s
792 4208 796 4217 .
825 4210 830 4230 ,
856 4188 886 4220 a.
915 4209 921 4221 .

82 4215 106 4274 ill
118 4221 181 4276 ler.2
203 4232 239 4278 27.
359 4231 390 4292 (2)
405 4234 433 4280 ls.
449 4233 488 4293 tt,
503 4228 532 4279 to
548 4234 592 4282 ele.
704 4238 734 4295 (a)
750 4236 775 4280 V.
791 4235 890 4282 Perroue
906 4238 921 4282 t
935 4233 963 4292 ll,
973 4246 996 4293 p.
1012 4231 1028 4292 l,
1044 4240 1094 4289 cap.
1110 4227 1136 4286 ll,
1150 4239 1215 4288 prop.
1229 4228 1259 4278 ll.

83 4265 302 4350 trisulcum.
360 4291 614 4354 {stromensem
704 4288 874 4352 «cinebert.
1002 4287 1213 4348 contraeas¹
