2910 4732
438 200 510 248 rans
531 202 554 248 r.
577 201 679 248 suerro
700 202 722 246 r.
746 203 840 248 curor
861 200 892 246 r.
1209 181 1250 252 ld

50 277 162 342 cultum
189 281 346 345 externum
369 278 512 358 obligari.
532 289 654 343 nonest
693 278 751 341 iam
770 279 868 343 cultus
882 278 1104 358 Deiexteruus,
1120 277 1196 340 licet.
1212 279 1291 342 vario

47 363 166 425 difficile
184 365 326 444 probare.
345 363 419 436 llam
693 363 781 426 modo
801 362 965 440 ordinatus.
1281 369 1285 376 '

87 447 116 508 l.
137 446 238 508 Homo
251 447 404 526 obligatur
422 445 458 509 ad
472 447 584 510 cultum
599 444 653 508 Dei
733 443 765 510 C.
788 447 885 510 mou.
901 445 943 508 Ex
958 444 1045 507 dictis
1063 445 1164 508 inferri
1182 456 1291 527 potest,
1306 498 1309 508 .

45 529 213 594 internum:
239 532 322 611 atqui
348 541 485 592 externus
503 533 600 595 cultus
617 549 652 592 ex
691 531 803 592 cultum
826 537 979 592 externum
1006 529 1139 610 proxime
1162 531 1311 593 ordinari·

45 613 164 676 interno
187 615 334 690 nascitur.
353 614 397 677 lta
412 615 490 677 euim
511 633 528 676 a
548 623 653 676 natura
676 613 722 680 l.
743 614 781 674 ad
795 611 978 696 Religionem
998 613 1143 673 internam
1165 622 1225 676 tum
1243 616 1292 677 in·

44 698 211 779 comparati
232 717 349 777 sumus,
371 707 404 760 ut
419 717 536 776 sensuS,
555 706 584 760 et
602 699 652 760 ,af—
692 698 848 776 tellectus,
864 706 930 774 ,tum
949 695 1107 757 voluntatis
1124 698 1310 776 exprimens

45 782 191 844 lectiones
208 781 330 844 animae
342 782 470 844 exterius
481 783 652 844 manifesta·
691 782 772 858 dum,
792 781 822 842 Ξ.
843 781 878 843 ad
898 780 1021 844 eandem
1041 777 1223 858 Religionem
1243 782 1310 852 in-,

46 883 75 925 re
87 867 267 944 gestiamus.
285 864 382 938 Quare
397 865 422 928 si
440 866 572 928 internos
583 885 653 946 erga
692 872 806 927 ternam
824 875 883 926 tam
903 866 937 926 in
953 883 983 927 oe
1003 866 1075 944 ipso,
1096 882 1183 944 quam
1203 865 1292 926 etiam

46 947 138 1013 Deum
153 967 263 1012 sensus
273 967 426 1046 nunquam
442 951 571 1012 exterius
587 969 652 1011 ma·
692 950 722 1010 3.
737 949 770 1010 itt
784 949 852 1012 aliis
865 949 1061 1021 excitandam,
1075 949 1291 1024 sustinentiam,
1307 962 1311 969 ’

47 1031 271 1109 ulfeslaremus,
299 1031 356 1114 ipsr
382 1043 524 1112 naturae,
550 1051 567 1096 a
591 1033 651 1098 Deo
691 1043 780 1112 atque
804 1033 1020 1096 vivificandam.
1046 1029 1155 1093 Ultimo
1181 1031 1292 1109 Religio
1317 1109 1320 1114 Δ

50 1117 196 1193 conditae,
214 1117 439 1194 obsisteremus,
448 1126 537 1198 atque
550 1127 652 1179 contra
691 1127 823 1193 externa,
842 1118 919 1179 sicut
937 1118 1053 1179 iuterna
1068 1116 1162 1178 tendit
1176 1118 1212 1178 ad
1227 1119 1294 1196 glo-

48 1201 140 1280 ipsam
152 1199 208 1262 Dei
225 1202 407 1262 uoluntatem
426 1201 651 1278 rebellaremus,
691 1202 767 1262 riam
785 1199 851 1278 Dei,
870 1199 1085 1281 hominumque
1102 1201 1240 1264 salutem.

46 1285 126 1364 quod
147 1285 308 1347 manifeste
325 1284 461 1348 illicitum
476 1287 531 1348 esf.
676 1305 678 1359 ρ
735 1284 769 1346 D.
789 1286 895 1366 Medus
909 1285 1005 1346 cultus
1019 1284 1134 1346 externi
1145 1283 1295 1364 sequenti·

89 1367 121 1430 Ξ.
141 1367 242 1432 Homo
263 1377 381 1432 tenetur
404 1369 441 1431 ad
464 1369 577 1431 cultum
599 1367 654 1432 Dei
675 1364 749 1429 ‘bus
775 1369 885 1446 regulis
909 1367 1101 1430 determinari
1129 1377 1236 1448 potest:
1256 1371 1294 1448 a)

47 1452 222 1528 internum,
247 1470 317 1530 ergo
342 1461 459 1516 tenetur
476 1453 512 1514 ad
531 1473 566 1515 ea
584 1472 653 1536 per·
693 1450 738 1514 llli
751 1453 899 1514 soliactus
915 1451 1029 1514 externi
1041 1451 1200 1513 adhibendi
1211 1463 1292 1528 sunt,

47 1535 188 1612 ficienda,
210 1555 287 1616 quae
315 1536 352 1599 ad
373 1537 484 1598 cultum
503 1537 652 1599 internum
693 1535 746 1616 qui
763 1537 798 1596 ad
818 1535 1000 1614 Religionem
1024 1535 1169 1598 internam
1193 1537 1294 1617 expri-

46 1620 143 1697 utilia,
159 1629 190 1681 et
208 1620 376 1682 necessaria
390 1631 469 1682 sunt.
487 1618 543 1683 Sed
557 1621 655 1683 cultus
696 1619 853 1698 urendam,
880 1629 910 1681 et
934 1621 1163 1699 promovendam
1193 1619 1294 1682 idonei

47 1713 189 1766 externus
200 1723 261 1764 uon
273 1705 367 1766 solum
382 1704 474 1782 utilis,
491 1705 544 1767 sed
557 1715 587 1766 et
598 1724 654 1767 ne·
694 1712 863 1766 censentur:
888 1704 921 1782 b)
946 1701 1017 1765 (lum
1046 1703 1139 1782 signis
1166 1705 1294 1766 externis

47 1786 198 1849 cassarius
222 1795 267 1850 est
286 1788 323 1849 ad
341 1789 572 1870 promovendum
588 1790 654 1850 cul·
693 1805 812 1868 semper
829 1787 1036 1864 coniungenda
1053 1796 1098 1849 est
1114 1786 1227 1866 Religio
1245 1791 1294 1850 in·

47 1881 110 1932 tum
126 1871 293 1933 internum.
310 1869 405 1934 Romo
418 1872 496 1934 euim
517 1871 656 1934 sensibus
694 1879 792 1946 terna,
818 1881 851 1932 ut
868 1872 919 1932 illa
947 1869 1007 1932 lieo
1027 1871 1133 1950 placita
1152 1871 1224 1947 siut,
1243 1873 1295 1952 qui

48 1954 204 2032 alligatus,
226 1963 256 2016 et
277 1973 401 2036 corpore
418 1964 541 2018 onustus
559 1956 596 2018 ad
618 1975 651 2017 o·
695 1954 864 2035 hypocrisin
892 1955 1066 2016 detestatur.
1089 1956 1118 2034 c)
1139 1952 1175 2016 Ut
1197 1957 1294 2016 cultus

50 2037 145 2099 biecta
165 2055 248 2100 mere
273 2039 441 2119 spiritualia
460 2039 654 2102 attentionem
694 2048 833 2100 externus
845 2058 897 2119 pro
915 2057 1005 2119 scopo
1023 2058 1076 2100 suo
1093 2037 1230 2119 publicae
1242 2057 1294 2100 ae·-

48 2141 130 2183 suam
144 2121 320 2184 difficillime
334 2123 446 2186 diutius
463 2124 583 2200 retinet,
596 2124 654 2186 uisi
693 2122 870 2184 dificatiouis
894 2123 1024 2184 medium
1051 2123 1112 2200 fiat,
1135 2123 1295 2203 requiritur

50 2206 138 2267 rebus
154 2205 362 2284 sensibilibus,
378 2216 409 2268 et
422 2207 512 2284 signis
526 2207 655 2270 externis
694 2205 772 2268 locus
793 2217 901 2282 certus,
920 2207 941 2266 i.
957 2226 984 2270 e.
1002 2207 1159 2286 templum,
1175 2207 1204 2266 in
1220 2227 1293 2288 quo,

49 2290 209 2366 excitetur,
226 2296 256 2350 et
271 2289 435 2353 adiuvetur.
457 2289 569 2372 Religio
585 2310 654 2371 ergo
694 2299 805 2372 tempus
827 2291 1079 2368 determinatum,
1105 2310 1164 2373 quo
1192 2309 1295 2352 omnes

49 2383 172 2434 externa
183 2391 239 2435 ceu
256 2375 457 2436 necessarium
476 2375 605 2436 medium
617 2376 654 2438 ad
687 2375 885 2450 conveniant,
899 2383 931 2436 et
946 2375 1023 2437 ritus
1043 2376 1171 2450 ecferri,
1191 2375 1242 2456 qui
1258 2375 1295 2436 ab

52 2455 237 2535 Religionem
258 2457 404 2520 internam
424 2459 579 2520 statuenda
596 2468 651 2522 est.
694 2458 833 2521 omuibus
850 2458 1062 2537 intelligantur.
1083 2459 1115 2540 d)
1128 2457 1229 2521 Cultus
1243 2479 1295 2520 ex·

92 2541 122 2601 3.
147 2538 243 2602 Sicuti
266 2541 354 2604 homo
373 2562 405 2606 se
424 2542 460 2603 ad
480 2544 652 2622 religionem
676 2551 796 2604 ,ternus
815 2561 850 2621 qo
870 2543 1030 2624 perfectior
1045 2553 1101 2618 est,
1122 2563 1179 2624 quo
1200 2545 1296 2622 aptior

49 2623 216 2702 obligatum
235 2623 400 2703 cognoscit,
417 2627 459 2687 sic
475 2627 598 2688 eandem
617 2647 653 2689 o·
693 2628 725 2687 fit
754 2626 790 2687 ad
816 2626 928 2688 cultum
954 2626 1103 2687 internum
1126 2627 1296 2707 expalmen-

51 2706 244 2785 bligaticuem
260 2709 288 2769 in
309 2709 376 2771 aliis
390 2729 508 2790 quoque
526 2711 654 2772 homini·
676 2737 678 2760 ι
693 2709 777 2787 dum,
793 2719 823 2771 et
835 2711 1079 2790 promovendum.
1101 2709 1136 2772 Et
1154 2709 1295 2791 quoniam

50 2790 102 2852 bus
122 2810 235 2870 negare
256 2811 315 2858 uou
330 2802 437 2873 potest.
451 2793 513 2855 luro
530 2795 653 2857 cuilibet
693 2803 771 2856 artes
785 2795 948 2872 generatim
962 2794 1040 2854 circa
1053 2793 1108 2854 hoc
1126 2802 1295 2868 versantur,

50 2894 224 2954 persuasum
244 2885 300 2951 est,
322 2896 418 2958 neque
437 2897 482 2954 se,
502 2897 599 2959 neque
618 2899 652 2940 a·
694 2887 726 2938 ut
747 2879 835 2938 vitam
863 2877 992 2939 hominis
1011 2877 1203 2952 interiorem,
1224 2877 1245 2938 i.
1266 2895 1294 2937 e.

51 2959 103 3020 lios
121 2958 263 3020 homines
280 2960 346 3022 sine
360 2961 512 3038 Religione
528 2964 565 3024 ad
583 2981 652 3043 per·
675 2961 787 3042 ¹ipsius
811 2980 938 3036 sensus,
965 2971 994 3022 et
1023 2961 1146 3022 affectus
1168 2961 1296 3021 exterius

52 3053 168 3120 petuam
187 3043 360 3108 felicitatem
380 3046 533 3126 pervenire
553 3064 650 3127 posse.
694 3045 903 3123 manifestent,
922 3045 1074 3106 ueletiam
1099 3043 1240 3119 excitare,
1267 3055 1297 3106 et

51 3125 185 3190 Charitas
204 3145 288 3206 ergo,
305 3148 393 3209 quarn
416 3137 477 3190 tum
498 3129 570 3206 lleo,
590 3138 651 3191 tum
692 3129 838 3190 vivificare
857 3131 970 3202 iuvent,
992 3128 1058 3190 ideo
1078 3136 1157 3189 artes
1175 3136 1237 3189 tum
1256 3129 1296 3190 li·-

54 3209 184 3288 proximo
196 3230 265 3286 suo,
280 3213 382 3274 eadem
401 3211 543 3292 dignitate
563 3233 653 3275 orna-
694 3213 829 3288 berales,
854 3222 917 3274 tum
936 3211 1127 3274 mechanicae
1145 3211 1183 3272 ad
1212 3211 1296 3275 Reli-

54 3302 80 3353 to
96 3294 198 3372 debet,
219 3295 319 3374 exigit,
339 3307 372 3356 ut
387 3297 496 3358 cultum
516 3295 580 3374 liei,
600 3317 652 3359 seu
692 3297 810 3378 gionem
837 3297 960 3370 referri,
986 3297 1070 3356 etad
1090 3295 1183 3376 ipsius
1202 3297 1297 3359 serri-

53 3376 235 3456 Religiouem
257 3379 287 3439 in
310 3379 377 3446 allis
395 3399 512 3462 quoque
532 3401 651 3464 promo-
694 3381 765 3441 tium
796 3379 929 3440 adhiberi
958 3387 1102 3460 possunt,
1122 3399 1155 3440 ac
1173 3379 1293 3443 dehent.

52 3470 125 3523 reat.
143 3461 176 3523 ld
192 3472 293 3524 autem
307 3467 448 3544 perticere
466 3482 524 3525 non
544 3475 651 3548 potest,
692 3464 841 3542 Religioni
865 3472 943 3524 certe
975 3463 1175 3545 maximopere
1198 3463 1320 3527 inser-‘
1372 3533 1374 3538 ³

52 3546 106 3607 nisi
124 3545 311 3620 Religionem
337 3567 421 3610 suam
444 3548 536 3625 signis
554 3561 653 3610 exter·
694 3550 831 3609 viunt-
847 3547 1072 3624 Architectura,
1093 3566 1170 3628 quae
1187 3551 1297 3630 templa

51 3631 95 3690 nis
113 3629 298 3707 manifestet,
318 3639 348 3693 et
365 3649 419 3712 per
441 3634 586 3712 exempla,
606 3642 653 3695 at·
694 3633 730 3694 ad
749 3631 859 3692 culturxx
880 3631 1050 3709 religiosum
1068 3633 1294 3712 aptaaedifrcat;

52 3729 106 3791 que
132 3731 287 3776 sermones
305 3715 379 3776 alios
405 3715 442 3777 ad
470 3713 652 3796 Religionem
694 3735 741 3778 ars
758 3715 928 3794 sculptoria,
957 3734 1033 3795 quae
1057 3733 1109 3795 per
1126 3724 1250 3792 statuas,
1269 3725 1299 3776 et

51 3797 334 3860 colendamexcitet.
352 3799 397 3862 Ad
410 3799 582 3880 religionem
601 3802 656 3863 ita·
692 3800 838 3880 pictoria,
863 3817 939 3880 quae
962 3817 1015 3878 per
1043 3798 1189 3877 imagines
1206 3800 1296 3860 vitam

55 3897 108 3960 que
126 3890 281 3944 externam
298 3883 385 3944 homo
405 3902 459 3946 ceu
477 3885 549 3945 civis
571 3885 655 3964 regni
694 3883 857 3962 Religionis
880 3885 1027 3944 internam
1046 3883 1196 3963 exprimit,
1216 3881 1298 3942 exci-

54 3965 143 4025 diriui
168 3965 289 4026 moralis
307 3966 466 4046 obligatur.
697 3977 748 4044 tut,
775 3976 804 4028 et
832 3967 964 4042 adiuvat3
980 3967 1091 4045 podria,
1112 3983 1187 4045 quae
1206 3965 1297 4025 sacris

91 4049 122 4110 d.
148 4048 346 4129 Praeceptum
369 4049 494 4112 rationis
517 4049 553 4112 de
575 4053 654 4113 cultu
696 4051 837 4126 canticis,
859 4059 889 4112 et
906 4050 1064 4124 rethorica,
1084 4065 1159 4128 quae
1178 4065 1232 4126 per
1248 4067 1298 4110 sa-

53 4125 104 4192 llei
120 4141 244 4194 externo
256 4136 448 4194 confirmatur
458 4152 492 4196 ex
509 4153 655 4196 consensu
696 4153 761 4195 cros
780 4151 934 4196 sermones
952 4150 1056 4194 seusus
1074 4129 1238 4206 Religionis
1256 4132 1301 4193 in-

53 4217 246 4294 populorum.
275 4215 460 4298 Ubicumque
478 4218 557 4278 enim
576 4218 656 4279 ohti·
698 4226 797 4280 ternos
815 4218 930 4298 prodit,
950 4224 980 4278 et
1004 4212 1151 4292 producit;
1172 4213 1295 4289 musico,

57 4301 119 4362 uuit
134 4300 238 4380 aliqua
256 4298 381 4377 Religio,
402 4301 444 4362 ibi
464 4301 593 4364 obtinuit
609 4311 669 4382 ειςἸ
697 4319 773 4380 quae
791 4317 960 4380 personas
978 4294 1168 4359 harutonicos
1190 4314 1300 4358 conce·
1357 4377 1359 4382 Ι

51 4455 56 4462 .
91 4388 93 4394 ’
138 4398 242 4468 Kotott.
269 4391 365 4462 lhehl.
392 4399 477 4472 Gom,
522 4405 546 4472 ,“

1199 4515 1213 4555 t
