2928 4734
426 163 499 208 nans
514 165 547 210 11.
568 165 670 214 sacrm
687 169 719 216 u.
740 167 835 218 aanor
850 170 894 218 vv.
1193 150 1255 214 alt

76 243 208 306 commum
227 249 260 304 st
287 239 474 320 miseratus
493 241 573 304 ducti
593 244 652 324 (l),
673 242 676 268 ¹
693 249 873 312 candaules
892 247 974 310 nulla
992 246 1041 310 die
1059 247 1097 310 de
1117 254 1213 310 morte
1230 245 1297 308 vin-

76 327 225 390 eatoribus
250 323 411 404 mancipati
429 325 477 407 (h)
498 372 508 402 ,
533 328 656 404 flagellis
693 331 774 394 lente
790 351 914 394 securus
932 340 1006 394 eret.
1023 367 1062 378 —
1074 332 1185 396 Allatas
1197 339 1297 394 autem

76 407 652 492 credid),contumetiisallectisumti).
693 413 1298 496 delatisvliscipulerumprophetinstihri·

74 495 103 558 Et
117 495 201 557 multo
218 495 318 576 plura,
338 501 426 573 atque
445 494 597 558 acerbiora
612 497 654 560 A·
693 508 758 562 stus
777 499 913 562 nonnisi
931 518 965 561 er
980 498 1181 562 saluberrimo
1199 498 1299 562 eonsi-

71 579 184 660 postoles
211 577 242 638 in
270 577 395 640 decursu
425 578 655 658 praedicationis
693 584 734 644 lio
754 584 888 664 protulit,
904 592 938 644 ut
955 582 1025 658 illis,
1046 581 1173 663 quoscd
1187 601 1298 662 propa-

72 682 130 725 sueo
140 661 248 742 ubique
263 661 597 740 locarnmsustiauisse,
609 663 655 726 lii-
692 668 819 744 gandam
832 666 1006 746 religionem
1026 685 1110 728 snam
1125 665 1297 743 destinavit,

70 745 146 810 storia
170 744 370 808 ecclesiastica
390 753 515 808 testatur
533 747 592 827 (5).
622 748 654 828 d)
694 770 725 812 sc
744 760 778 814 ut
799 770 901 812 verum
919 749 1098 830 Prophetasn
1115 748 1297 824 ostenderet,

69 827 171 894 Petrum
190 827 303 893 Romae
320 828 401 890 crrrci
419 829 555 892 suffixum
575 850 653 907 esse,
691 834 834 915 ipsosque
854 833 1027 898 tentationis
1046 843 1179 913 tempore
1193 832 1224 895 iu
1240 833 1299 894 fide

70 911 654 994 testatur'lertullianus(b),Eusebius(l),
693 919 846 980 solidaret.
863 917 932 980 ldeo
952 927 1018 998 post
1038 917 1204 998 praedictas
1220 915 1299 978 diras

70 993 566 1078 Athanasius(8),Hieronymusssl),
579 999 656 1064 nvul-
692 1002 916 1082 persecutiones
936 1003 988 1064 ait:
1009 1003 1088 1066 Haec
1106 1001 1219 1064 hortatus
1234 1018 1301 1062 snm

73 1081 140 1162 tique
155 1080 215 1142 alii.
241 1081 271 1159 e)
298 1079 439 1142 loannem
459 1081 655 1162 supervixisse
693 1087 786 1163 nobis,
801 1095 835 1150 at
854 1105 916 1150 non
929 1085 1179 1150 scandalizemini
1197 1083 1278 1166 (ll).

44 1191 47 1202 ·
70 1164 198 1226 excidium
216 1163 302 1230 urbis
321 1161 542 1245 Hierosolpmne
561 1185 655 1246 usqne

71 1249 100 1308 nd
123 1259 250 1330 tempora
279 1247 399 1310 Traiani
426 1249 561 1312 scribunt
592 1248 656 1312 Ire·
927 1217 959 1288 ς·
988 1223 1062 1272 ¹⁸⁰⁸

71 1351 148 1394 naeus
159 1333 239 1412 (40)⁸
261 1327 409 1394 Eusebius
423 1333 504 1412 (Η),
522 1333 656 1414 Ερίρῂᾶ-
694 1317 729 1363 lll.
745 1317 883 1378 Prophetlee
894 1317 924 1364 de
934 1317 1028 1363 excldlo
1040 1317 1106 1364 urbis
1117 1315 1289 1374 Hlerosolymae

71 1415 658 1498 nius(lh)‚Hieronpmus(ltl)etalii.-
750 1420 780 1481 l.
812 1417 947 1483 Christus
969 1417 1117 1480 horrende
1135 1425 1196 1479 turn
1217 1415 1299 1478 urbis

106 1501 131 1562 3.
147 1497 226 1572 Quae
240 1499 375 1563 Christus
385 1499 421 1561 de
431 1501 585 1582 discipulis
596 1501 658 1564 suis
697 1503 929 1584 Hierusolymam,
955 1511 1016 1564 turn
1046 1501 1176 1564 nationis
1200 1498 1300 1562 ludai-

72 1585 217 1662 praedixit,
248 1583 413 1646 consistunt
435 1585 465 1646 in
489 1585 658 1648 actionibus
698 1608 751 1650 cae
769 1587 830 1649 lata
849 1606 915 1650 curn
935 1586 1168 1648 circumstantiis
1181 1602 1300 1665 praece-

71 1667 162 1745 llere,
181 1678 209 1730 et
224 1667 431 1744 contingenter
447 1669 568 1742 lutaris,
581 1689 658 1750 quae
699 1670 851 1748 dentibus,
869 1669 1138 1732 concomitantibus
1150 1677 1180 1730 et
1197 1668 1300 1730 subse·

72 1753 233 1814 naturaliter
251 1751 414 1832 praevideri
431 1771 489 1814 nen
508 1762 655 1832 poterant.
701 1757 862 1836 qaentlbus
880 1754 1043 1816 clarissime
1068 1751 1298 1834 praenuntiavit.

71 1833 97 1913 a)
113 1833 178 1906 Quis
204 1835 285 1898 enim
305 1835 350 1896 vel
380 1835 534 1918 probabile
560 1836 656 1900 solum
701 1837 865 1920 Praecipua
884 1839 972 1900 huius
990 1836 1175 1900 celeberrimi
1196 1836 1300 1897 vatici·

74 1927 164 1995 palare
186 1919 351 2002 potuisset,
375 1919 537 2001 discipulos
559 1922 656 2000 magi·
701 1925 744 1984 nii
763 1925 860 2004 capita
880 1930 949 1986 sunl
972 1919 1140 2002 sequentia.
1171 1920 1201 1999 a)
1224 1919 1300 1982 Ante

71 2009 150 2064 strum
164 2023 252 2066 suum
266 2049 275 2080 ,
289 2003 373 2066 cuius
386 2011 427 2064 tot
439 2004 583 2068 miracula
592 2015 658 2068 stu·
702 2007 938 2070 urbismcidium
952 2013 1107 2086 eansnrpet
1116 2023 1188 2087 pens
1195 2005 1226 2066 in
1233 2020 1300 2084 pen·

72 2086 154 2162 pende
170 2087 324 2161 viderant,
343 2087 443 2149 statim
468 2107 501 2150 nc
519 2107 660 2170 compre·
700 2100 770 2166 lem,
786 2100 813 2155 et
831 2109 957 2172 mpnarn
975 2091 1007 2154 in
1021 2107 1160 2169 reparant,
1173 2096 1199 2152 et
1213 2096 1301 2150 errarat

74 2166 169 2232 bensns
187 2180 278 2246 esset,
294 2169 331 2232 nd
348 2190 440 2232 unum
460 2191 564 2233 omnes
578 2173 662 2234 dere
698 2176 880 2255 pestilentiae
893 2184 918 2238 et
933 2177 1039 2256 sames,
1064 2182 1091 2236 el
1108 2180 1300 2240 terraemotus

73 2251 181 2316 licturos
193 2255 329 2317 essel—
344 2253 375 2336 b)
386 2253 527 2334 Cognitus
541 2257 660 2338 quidem
697 2278 753 2339 per
762 2261 826 2324 hoca
838 2260 918 2340 (15),
932 2258 1160 2336 terrorcspaede
1171 2257 1259 2332 caelo,
1274 2264 1301 2318 el

73 2346 127 2396 erat
143 2335 257 2401 Christo
277 2337 356 2400 Petri
375 2347 420 2401 sat
443 2339 615 2405 inconstans
634 2351 675 2402 et·
698 2346 788 2424 sipara
804 2362 913 2425 mopna
930 2353 1018 2408 erunt
1031 2341 1302 2422 (testaceorum

74 2419 195 2486 volubilis
219 2420 351 2495 anianus,
373 2423 425 2484 sod
453 2431 553 2486 tamen
581 2426 662 2486 nulla
701 2430 801 2491 omnia
815 2429 904 2492 initia
921 2434 990 2492 sant
1007 2427 1141 2492 dotorem
1159 2425 1242 2504 (ll).
1267 2423 1300 2504 b)

74 2505 422 2580 sagacitatenaturalitum
434 2527 587 2581 numerus,
600 2518 661 2574 tum
705 2513 785 2574 lane
803 2515 922 2576 tradent
939 2530 988 2576 eos
1006 2513 1040 2574 in
1068 2510 1300 2583 tribulationem,

75 2592 175 2668 tempus
194 2589 384 2670 negationum
401 2592 594 2654 determinari
609 2613 663 2673 po·
701 2605 728 2658 et
745 2597 872 2660 occident
900 2614 950 2659 nos
969 2596 1049 2676 (18);
1073 2613 1143 2672 ergo
1167 2592 1301 2672 Apostoli

77 2670 130 2732 tuit.
146 2673 173 2753 c)
185 2674 266 2738 Idem
283 2674 441 2736 dicendum
456 2685 501 2738 est
513 2676 549 2738 de
566 2696 664 2758 perse·
701 2689 770 2742 ente
782 2681 897 2744 ruinam
912 2677 994 2740 urbis
1008 2676 1162 2740 occidendi
1181 2675 1301 2756 praedi·
1389 2721 1398 2729 s

75 2756 230 2822 rationibus
245 2758 469 2841 Apostolorum,
481 2779 557 2842 qrrae
571 2780 661 2842 prae-
700 2773 822 2840 cautus,
841 2762 1095 2846 exceptolonnne,
1110 2761 1146 2820 de
1158 2778 1217 2839 quo
1231 2777 1302 2820 eon-

75 2835 152 2901 vidcri
164 2853 299 2922 poterant
311 2842 340 2903 in
356 2862 482 2922 genere,
493 2845 545 2906 sed
560 2864 618 2906 nan
630 2844 660 2906 iu
701 2848 825 2910 trarium
842 2848 1024 2927 praedictum
1043 2843 1186 2923 tutata).
1200 2844 1229 2920 r)
1245 2838 1302 2904 Sed

76 2923 171 3000 stelle,
182 2935 269 3006 afflui
280 2925 414 2990 Christus
427 2927 492 2990 illas
502 2929 659 3010 praedixit.
702 2941 801 2994 temen
813 2930 1095 3011 praedicabiturhoe
1106 2927 1303 3005 Eneapeh'nm

76 3003 102 3082 d)
116 3005 194 3070 Nullo
209 3019 309 3072 antem
328 3012 455 3073 naturali
471 3013 558 3076 modo
570 3031 660 3094 prae·
701 3017 788 3096 repni
802 3017 835 3078 in
846 3018 987 3078 attinerso
999 3015 1067 3077 orde
1086 3010 1250 3092 (romano),
1268 3010 1303 3072 in

77 3087 155 3154 videri
172 3103 298 3178 poterat,
316 3103 383 3175 post
397 3097 496 3176 plures
514 3116 660 3160 antrorum
701 3097 1303 3176 testimoniamemnihaspentihns,etlrtne

77 3170 187 3240 decades
204 3175 324 3240 Petrum
346 3180 478 3259 praecise
496 3199 549 3261 per
563 3182 662 3246 cruci·
701 3186 795 3246 veniet
812 3183 1023 3247 consummatio
1038 3181 1117 3261 (hd).
1146 3179 1179 3259 d)
1213 3177 1304 3244 Mari

78 3253 198 3322 irionem
213 3265 301 3324 vitam
316 3263 467 3326 finiturum
484 3285 561 3329 esse.
581 3266 663 3346 ellit
697 3269 964 3348 psendoprophetae
983 3272 1152 3346 carpente
1164 3265 1303 3326 seducent

77 3341 135 3418 quis
149 3364 200 3424 per
218 3345 295 3416 vires
314 3366 394 3408 mere
419 3350 570 3412 naturales
594 3350 662 3412 lon·
701 3353 808 3416 maltos
826 3351 894 3431 (at)
913 3358 1002 3412 —et
1022 3348 1235 3430 pseudochristi
1251 3349 1304 3412 da·

77 3429 664 3514 gaevamalicuivitarnpraenunlinrepot-
701 3436 1031 3516 hanlsipnarnapna,et
1048 3433 1184 3514 prodipia
1201 3434 1255 3506 itu,
1271 3440 1305 3496 nt

79 3515 126 3600 ens-t,
140 3529 202 3573 cum
217 3513 290 3576 haec
304 3534 320 3576 a
332 3513 664 3580 milleniscireumstan-
701 3521 872 3584 interrorem
886 3518 1191 3598 thamnathaeam
1200 3523 1301 3598 potest,

80 3595 119 3651 lus
142 3597 288 3676 pendeat,
309 3617 385 3680 qnae
416 3602 580 3681 praevideri
603 3622 662 3668 non
700 3605 883 3668 eliamelerti
901 3604 981 3683 (⁰2⁰2).
995 3603 1026 3684 e)
1040 3602 1231 3664 Abornninetio
1248 3601 1303 3662 de-

80 3681 208 3750 possunt‘l
226 3681 347 3744 llliulme
363 3681 392 3744 id
415 3685 451 3746 de
473 3683 584 3751 loanne
604 3687 661 3748 dici
702 3686 1217 3752 solationisvidebiturstareintera
1230 3701 1304 3746 soa·

80 3764 240 3828 ”durabiles
259 3766 413 3848 potuisset,
430 3768 524 3848 quint
540 3771 664 3850 Aposto·
702 3781 747 3836 cto
761 3772 843 3854 (23).
864 3773 892 3852 l)
916 3771 1007 3836 Breve
1026 3780 1143 3851 ternpus
1162 3779 1232 3830 tunc
1249 3766 1304 3828 ad·

80 3836 118 3902 lus
131 3854 156 3906 et
168 3845 354 3934 Evangelista
366 3850 395 3912 in
412 3852 510 3914 medio
525 3854 663 3936 luporum
704 3857 782 3932 erit,
805 3877 864 3938 quo
883 3855 1022 3938 discipuli
1041 3853 1150 3918 Christi
1176 3868 1229 3933 per
1254 3849 1269 3915 i
1288 3881 1305 3894 ·

105 3933 287 3987 (tractent.
305 3942 313 3986 t
331 3943 355 3988 a
365 3942 386 3998 a
397 3955 417 3987 e.
429 3944 450 4002 e,
459 3955 478 3988 v.
493 3943 530 4002 cr,
547 3948 591 3990 erc.
733 3947 778 4007 pn
795 3946 995 4007 revirescet,
1011 3958 1033 3992 e.
1049 3945 1070 3989 a.

107 3991 126 4047 tl
142 3994 171 4038 tb.
185 3999 206 4052 t,
218 3999 270 4056 aa,
287 4001 323 4046 vs.
384 4002 414 4054 re
430 4003 475 4048 aar.
491 4004 513 4056 s,
525 4005 561 4050 ra.
735 4005 780 4062 trev
796 4006 893 4052 neerei
913 4003 932 4066 a.
943 4006 979 4052 aa.
1039 4003 1086 4058 tter
1098 4002 1124 4046 rn
1139 3998 1257 4044 aserere.
1272 3997 1294 4044 ⁹·

106 4051 257 4125 torvam.
312 4059 342 4108 rav
359 4059 382 4102 v.
395 4060 488 4106 sarrana
502 4061 555 4111 aaa
568 4065 666 4120 apostol
734 4040 914 4120 (reterri.
1031 4064 1079 4117 trs)
1092 4056 1248 4110 maerentl·

115 4111 283 4220 iis,⁹⁰‘,¹'·{;,'·,''·
309 4119 339 4173 nl
352 4118 397 4164 ae
407 4120 608 4180 nuv.eea.‚o.2a
730 4124 780 4182 (vav
796 4124 849 4169 aue.
864 4123 902 4183 nv,
913 4122 950 4170 rr.
1027 4122 1074 4223 (1191
1088 4115 1166 4223 till
1181 4115 1218 4220 ii
1233 4115 1255 4162 ἃ

149 4183 214 4278 nt.
227 4233 256 4278 t
269 4187 418 4292 raram
735 4182 971 4298 territant.
1028 4180 1078 4292 tv
1141 4203 1224 4280 ,vr

121 4284 445 4348 blandratense.
737 4300 902 4358 annuant.
1028 4295 1153 4354 [astron.
1172 4293 1205 4340 ts.
