2918 4734
163 185 223 250 tls
522 205 539 246 i·
571 203 764 250 aarouounu
781 201 944 252 amnicis

122 299 173 346 nea
187 281 306 369 papuli,
323 283 418 350 t'r'ibas
430 284 461 348 et
479 285 599 366 lium
615 287 724 348 adoro-
763 281 1365 366 piaesentembominumaetionibnspro·

121 377 375 433 annntstatnom
390 387 516 432 auream
537 378 593 430 etc.
619 367 721 430 llattb.
765 370 940 447 ridentium,
957 368 1284 449 infelicem-impiorum
1303 368 1367 430 exi·

121 449 172 528 lt,
189 451 246 514 23:
271 455 424 518 circuibat
440 454 520 516 leton
533 469 671 515 -snnoas
686 471 723 514 o·
765 459 840 529 turn,
860 460 1014 534 paternam
1033 451 1086 514 Dei
1104 451 1134 514 iu
1154 452 1248 516 bonos
1265 450 1366 533 pieta·-

121 553 221 599 ninem
235 537 409 616 languorem
423 545 450 599 et
459 554 578 600 amnem
590 536 723 616 infirmi·
764 543 824 598 tem
835 538 872 598 ad
886 537 1005 600 oculum
1021 535 1237 612 demonstrans
1249 535 1365 616 ubique

122 621 425 700 comtempsisti
441 629 486 683 est
496 621 594 683 amuis
607 619 723 698 generis
762 621 969 683 sanctissimus
987 619 1080 701 spirat
1093 620 1210 682 virtutis
1225 637 1321 695 arnor,
1333 629 1363 682 el

121 701 310 766 infirmitates
321 715 351 766 ot
363 703 618 783 languoresllinc
632 704 721 765 etiam
760 704 840 766 zelus
859 704 1023 784 religionis.
1044 702 1122 766 Nova
1137 703 1186 764 lrie
1205 704 1360 780 miracula,

121 786 211 848 verba
228 787 333 868 llopsis
351 788 388 850 de
407 789 503 849 omnis
520 787 639 866 generis
654 789 721 848 aula
760 788 985 852 novaraticinia
997 787 1288 869 occurrunt,quibus
1299 805 1360 848 non

121 870 249 934 malibus
261 872 368 952 exponi
381 881 516 952 possunt.
526 871 664 934 Ceterum
677 890 722 932 re-
761 879 876 934 tantum
898 872 1000 934 divina
1022 870 1184 948 Religionis
1211 871 1358 934 mosaicae

121 963 167 1015 cte
186 954 323 1018 observat
343 956 471 1030 Calmet,
492 963 604 1017 textum
622 954 718 1017 illurn:
760 955 841 1034 origo
856 957 1059 1031 confirmatur,
1071 955 1124 1017 sed
1139 956 1229 1018 etiam
1244 954 1281 1016 ad
1297 973 1360 1017 me-

120 1047 239 1102 monuo
256 1049 326 1104 rant
343 1041 444 1103 omnia
463 1040 651 1114 animantia,
671 1039 720 1100 in·
760 1039 863 1102 liorem
877 1052 907 1102 et
922 1039 1127 1121 perlectiorem
1139 1038 1186 1100 via
1200 1038 1358 1116 sternitur,

120 1121 312 1201 telligendurn
340 1141 406 1185 esso
434 1123 472 1184 de
500 1123 538 1184 iis
566 1123 718 1199 omnibus,
759 1132 792 1184 ut
810 1126 917 1186 merito
935 1124 995 1187 dici
1013 1123 1124 1202 possit,
1144 1122 1191 1184 liis
1205 1122 1289 1205 quasi
1308 1122 1358 1186 in-

120 1225 198 1286 quae
216 1207 250 1267 in
267 1209 348 1287 aptis
364 1207 549 1288 deprebensa
566 1214 646 1282 sunt,
664 1225 718 1268 ne·
759 1207 1357 1288 termediislibrisioedusantiquumcuru

121 1290 718 1370 queinstabularevertipotuerunt;non
759 1290 1179 1366 noro‚Pentateuelrumcum
1199 1291 1358 1370 Evangelio
1457 1333 1458 1336 =

119 1392 191 1435 uero
209 1374 245 1436 de
269 1376 332 1436 illis
354 1374 574 1449 animantibus,
593 1375 718 1458 quaein
750 1377 907 1438 connecti.
927 1375 969 1438 lle
992 1375 1040 1436 his
1065 1376 1123 1436 iarn
1150 1373 1235 1438 libris
1252 1384 1361 1438 osteu—
1457 1417 1458 1422 κ

119 1457 246 1520 urbibus
266 1468 296 1519 et
319 1457 458 1520 domibus
476 1459 715 1533 asservabantur3
757 1458 887 1521 olendum
907 1468 963 1535 est,
980 1459 1057 1540 quod
1076 1460 1135 1520 sint
1148 1460 1285 1540 genuini,
1304 1461 1360 1522 in-

119 1541 150 1602 id
164 1543 244 1602 enim
259 1542 407 1621 colligitur
420 1560 454 1604 en
472 1542 718 1622 praecedentibus
758 1544 834 1624 tegni
851 1552 880 1606 et
901 1543 959 1623 fide
979 1545 1084 1623 mgni:
1103 1542 1176 1606 baec
1198 1551 1296 1606 autem
1320 1545 1359 1606 de

114 1624 216 1713 ,verbis
229 1643 257 1686 r.
273 1627 303 1700 3,
320 1625 428 1707 quibus
443 1625 515 1687 haec
529 1626 614 1706 plaga
628 1643 717 1706 prae·
757 1625 843 1688 dictis
871 1627 956 1690 libris
984 1627 1015 1688 in
1044 1645 1153 1705 genere
1179 1627 1356 1706 probantur,

114 1709 239 1771 dicitur:
259 1711 333 1773 Ecce
350 1727 458 1772 manns
474 1727 538 1772 ntea
555 1711 613 1772 crit
629 1727 717 1791 snper
756 1710 827 1790 quia
845 1729 983 1788 maguum
1004 1711 1138 1774 volumen
1159 1711 1358 1772 conscriben-

119 1809 207 1873 apros
222 1802 300 1856 toas:
315 1803 343 1857 et
355 1812 444 1874 super
454 1811 551 1872 eonas,
564 1802 591 1856 et
604 1795 714 1871 asinas,
755 1794 825 1854 dum
839 1803 931 1869 esset,
946 1795 972 1856 si
985 1795 1022 1857 do
1041 1794 1166 1871 singulis
1183 1793 1267 1856 libris
1283 1813 1358 1875 spe-

118 1886 147 1939 ct
169 1879 350 1953 conminuet
371 1880 464 1954 boues,
491 1886 519 1941 et
542 1895 607 1940 noes
630 1879 717 1955 pestis
755 1877 839 1940 cialis
853 1879 989 1941 tractatio
1004 1878 1114 1958 suscipi
1131 1877 1265 1955 deberet,
1280 1899 1358 1958 qua-

117 1961 201 2023 aaldt
216 1963 325 2041 probb.
342 1961 453 2024 Eodem
474 1961 562 2022 modo
580 1983 607 2022 v.
624 1963 665 2024 25
681 1981 716 2024 ea
755 1962 792 2022 lis
816 1960 874 2024 iarn
900 1962 1026 2024 inveniri
1052 1971 1148 2042 potest
1172 1963 1249 2042 apud
1273 1963 1356 2039 illos,

118 2051 234 2106 tantum
259 2046 419 2122 animalia,
444 2064 520 2126 quae
543 2045 664 2107 luerunt
684 2045 716 2106 in
756 2046 806 2125 qui
836 2047 1084 2116 introductionem
1113 2045 1275 2122 biblicam,
1301 2065 1357 2110 seu

118 2127 215 2206 agris,
234 2130 377 2207 grandine
397 2147 538 2211 percussa
556 2142 636 2190 sunt.
656 2128 716 2209 ipsi
755 2130 888 2190 criticam
911 2147 1024 2192 sacram
1043 2150 1079 2193 ex
1099 2130 1231 2210 professo
1248 2130 1357 2194 elabo-

116 2211 251 2293 Aegyptii
263 2214 456 2294 plagas,quas
466 2212 717 2294 minabaturllog-
756 2222 871 2274 rerunt.

117 2315 177 2372 ses,
198 2297 238 2358 ita
256 2297 475 2374 intellexerunt3
492 2316 560 2359 nam
575 2296 648 2360 Gen.
665 2295 714 2372 Ill,
798 2298 826 2357 l.
847 2296 966 2360 Praeter
980 2297 1221 2360 'Pentateuchum
1246 2298 1357 2379 reliqui
1453 2331 1455 2354 ι

114 2376 160 2442 90
178 2389 235 2444 eto.
257 2381 379 2458 legitur:
404 2381 463 2457 Qui
480 2383 580 2443 timuit
597 2382 717 2443 omium
756 2397 867 2459 qnoque
880 2383 912 2443 V.
925 2383 956 2445 T.
967 2382 1037 2445 tion·
1047 2384 1264 2462 ansilpenuiui.
1277 2383 1355 2446 llan-
1454 2405 1458 2442 ;

113 2461 241 2528 *Domini
269 2468 303 2528 de
327 2467 420 2528 serois
439 2466 627 2540 Pharaonis,
649 2465 715 2543 secu
757 2473 804 2525 tur
818 2465 937 2546 quidem
955 2467 1034 2528 inter
1049 2467 1121 2528 istos
1140 2466 1230 2530 libros
1244 2468 1354 2549 aliqui,
1455 2503 1458 2526 i

117 2548 273 2630 confugere
290 2567 389 2612 servos
405 2567 473 2611 snas
491 2559 518 2611 et
536 2551 670 2611 iumento
683 2550 717 2611 in
756 2549 806 2628 qui
833 2549 907 2610 nulli
929 2560 1009 2612 certo
1034 2551 1146 2612 auctori
1168 2551 1352 2631 tribuuntur;
1455 2573 1458 2612 ,1

114 2633 215 2708 ,domos
234 2643 304 2694 etc:
327 2633 373 2694 lris
394 2633 504 2694 notatis
523 2633 619 2694 omnis
637 2631 716 2694 dilli-
756 2632 806 2694 sed
827 2633 904 2712 quod
930 2652 1033 2696 ornnes
1055 2634 1254 2717 antiquissimi
1280 2636 1353 2714 sint,
1455 2657 1456 2664 ¹

113 2717 210 2779 tenitas
222 2718 309 2780 lacile
325 2716 447 2777 tollitur.
462 2715 577 2792 Cetera,
589 2735 666 2796 quae
678 2717 715 2778 ab
756 2724 786 2778 et
802 2716 839 2778 ad
858 2736 893 2778 ea
913 2707 1045 2798 tempoia
1066 2718 1225 2794 referendi,
1244 2720 1355 2800 quibus
1455 2773 1457 2778 i

116 2800 293 2877 adversapiis
313 2800 506 2875 obiiciuntur,
522 2801 618 2862 soluta
636 2800 717 2862 inre-
756 2800 858 2880 scripti
884 2801 1044 2880 dicuntur;
1071 2812 1100 2864 et
1125 2803 1205 2883 quod
1232 2804 1274 2880 ii,
1301 2805 1354 2885 qui
1456 2841 1457 2864 ι

115 2883 282 2946 niunturin
299 2883 422 2958 catores,
436 2885 530 2946 Laur.
554 2884 635 2947 Veitlt
654 2885 714 2965 (l),
755 2901 864 2946 nomen
884 2887 1012 2948 auctoris
1035 2887 1248 2966 praeseferunt,
1268 2887 1354 2950 illurn
1456 2915 1457 2950 l

113 2969 169 3033 illi.
191 2987 230 3032 en
248 2969 369 3030 Cbarm.
387 2967 434 3048 (b)
452 2977 482 3029 et
499 2968 600 3030 multis
615 2968 692 3030 aliis.
756 2968 888 3046 praecise
904 2977 933 3030 et
947 2988 1006 3032 non
1021 2971 1112 3032 alium
1134 2970 1273 3047 babeant,
1304 2991 1355 3034 so·

303 3099 472 3146 ARTMULUS
493 3101 525 3148 Η·
754 3132 784 3194 ld
800 3136 896 3215 primo
908 3137 1053 3198 evincitur
1064 3155 1100 3199 ex
1112 3140 1241 3202 criteriia
1253 3141 1354 3202 inter·

753 3219 812 3280 nio.
837 3217 943 3282 Severa
964 3221 1044 3282 eninr
1068 3223 1226 3284 multorum
1245 3241 1354 3286 saecu·
1386 3250 1389 3264 ,

754 3302 851 3364 lorum
869 3302 939 3364 crisi
959 3304 1032 3366 nibil
1048 3307 1091 3367 vel
1112 3305 1143 3368 in
1163 3308 1288 3368 materia
1306 3309 1352 3370 vel

96 3453 99 3461 .
363 3353 392 3428 ς·
410 3362 463 3410 ’⁹‘
481 3403 483 3406 ·
753 3384 784 3445 in
799 3387 867 3448 stilo
881 3387 984 3449 horum
997 3389 1141 3450 librorum
1156 3390 1281 3452 inveniri
1299 3410 1353 3471 po·

154 3455 470 3541 Pentateucho'plures
484 3461 536 3524 alii
555 3462 624 3524 libri
643 3481 713 3526 sue·
754 3468 1061 3551 tuit,quodseriorem
1074 3472 1219 3552 originem
1233 3475 1352 3554 probet;
1454 3527 1455 3532 1

93 3597 94 3602 ,
114 3552 281 3620 cesserunt,
298 3563 315 3605 a
329 3544 446 3606 ludaeis
464 3547 495 3606 in
513 3549 640 3609 maximo
656 3547 714 3610 ho-
752 3552 804 3614 sed
819 3555 917 3634 patius
935 3565 1140 3634 argumentum
1156 3566 1186 3618 et
1199 3559 1285 3620 stilus
1298 3577 1353 3621 au-

115 3643 187 3687 nore
202 3625 307 3703 habiti,
321 3647 429 3708 nempe
443 3630 586 3706 historici,
598 3633 714 3711 sapien·
752 3636 967 3701 theuticitatem
986 3641 1157 3704 ostendunt.
1173 3640 1247 3704 Nam
1263 3661 1353 3705 eveu-

114 3710 197 3772 tialea
214 3713 427 3806 etlpropbetiai,
444 3713 470 3793 ἕ.
485 3715 523 3776 tl
535 3717 710 3778 enumerati.
753 3728 800 3782 tus
815 3723 926 3802 optime
942 3723 1020 3784 inter
1033 3743 1064 3786 se
1079 3725 1251 3796 cohaerent,
1267 3733 1297 3788 et
1313 3746 1352 3786 u·
1453 3783 1454 3786 ,

94 3815 96 3868 3
115 3793 227 3879 Eodem
246 3814 278 3856 rn
298 3795 448 3858 his-libris
463 3799 610 3879 reperitur
629 3799 712 3862 Reli·
752 3814 927 3868 numtotum
939 3808 1270 3891 constituunt,talisque
1282 3827 1353 3872 cau·
1453 3867 1454 3872 ,

113 3877 175 3954 gio,
193 3897 270 3960 quae
294 3879 410 3942 ludaeis
432 3899 485 3963 per
508 3881 624 3963 Moysen
645 3883 713 3946 data
751 3906 849 3950 sarum
869 3898 899 3952 et
916 3891 1074 3954 effectuum
1094 3892 1187 3954 series
1205 3892 1350 3970 cernitur,

115 3969 170 4037 est,
187 3964 352 4045 etquidem
372 3963 403 4025 in
417 3967 568 4027 nonnullis
583 3969 713 4030 veritati·
751 3979 783 4032 ut
806 3973 886 4034 nulla
907 3992 975 4054 pars
994 3975 1057 4037 tolli
1079 3975 1189 4056 possit,
1208 3976 1281 4058 quin
1301 3987 1350 4039 to-

88 4060 92 4070 ·
115 4043 175 4140 hus
191 4048 285 4126 magis
304 4049 432 4110 evolute.
459 4048 494 4110 lli
519 4049 587 4112 libri
610 4069 713 4112 ornnes
751 4061 812 4116 turn
829 4056 1032 4120 labefactetur.
1049 4057 1156 4122 Omnia
1170 4060 1352 4123 conveniunt

117 4127 225 4192 divinis
243 4132 322 4211 pleni
345 4141 414 4194 sunt
439 4133 590 4206 consiliis,
609 4151 713 4195 omnes
751 4139 847 4201 ordini
871 4159 991 4218 rerum,
1013 4143 1122 4204 rationi
1140 4146 1300 4224 temporis,
1322 4155 1353 4206 et

145 4255 177 4311 Η)
192 4260 213 4304 s·
234 4261 351 4324 scrtptma
373 4265 457 4310 contra
474 4261 608 4308 inundato·
629 4271 713 4321 propu-
750 4224 837 4299 gcnio
856 4225 996 4288 nationis.
1017 4225 1080 4297 Quo
1100 4230 1268 4291 accuratius
1290 4227 1353 4290 Pa·

115 4317 192 4370 grau.
778 4325 811 4385 (tl
826 4328 915 4384 Prolag.
930 4327 988 4375 libs.
1001 4331 1023 4388 5,
1037 4341 1059 4377 c.
1073 4330 1099 4389 l,
1113 4341 1136 4388 q.
1153 4331 1190 4378 ta.

96 3175 100 3208 ²
181 3190 214 3238 De
229 3194 364 3241 auctoritate
383 3195 523 3252 reliquorum
539 3197 652 3244 librorum

98 3263 100 3270 ’
295 3261 378 3306 veteris
398 3262 534 3308 testamenti.

755 3050 907 3113 lidissimis
919 3054 1100 3132 argumentis
1112 3054 1351 3135 probaripotest.
1455 3093 1456 3118 ι
