2910 4732
190 192 238 254 ao
590 209 775 254 runouucmn
796 207 957 254 urrunnun

151 285 315 371 Sceptrone,
328 289 425 371 quide
445 288 585 352 omnibus
600 287 751 364 dubitant
836 285 867 348 R.
887 285 1061 365 Religio-
1077 286 1223 365 obiectioe,
1242 289 1331 368 prout
1356 289 1435 348 es!

152 382 182 434 et
196 383 299 436 contra
313 375 568 450 ludiffereutistas,
582 371 683 454 quide
695 369 754 432 Re
793 367 834 430 in
847 389 953 447 se,-
971 378 1000 432 et
1016 371 1182 445 soiieetiee,
1203 379 1289 452 prout
1314 371 1440 431 resi·¹

152 457 262 534 ligione
294 458 458 521 curandum
485 477 545 518 non
570 476 635 518 esse
667 463 754 516 autu·
793 453 892 516 datin
910 454 1049 530 homine,
1076 455 1257 516 considerari
1283 463 1429 534 potest.

152 548 253 618 mant,
273 542 451 620 diriguntur.
482 541 608 602 Istorum
643 538 752 600 etenim
796 537 937 604 Obiectcoe
954 547 1052 600 sumta
1069 536 1182 616 Religio
1201 547 1246 600 est
1270 535 1433 598 Summa

129 643 282 722 errorer,
303 627 380 687 «nm
394 645 429 686 ex
442 625 524 686 lalsrs
537 623 662 686 retronis
673 641 755 704 ιιιιιι
794 623 951 684 veritatum
983 632 1012 684 et
1040 621 1205 684 officiorum
1232 622 1433 683 relationes

129 689 241 789 cipiis
253 710 359 772 deduci
373 711 481 786 solent,
495 709 536 769 ita
550 726 602 788 per
616 717 698 769 recta
709 724 756 767 ra·
796 707 923 768 morales
934 706 1047 768 Deum'
1039 715 1128 780 mter,
1143 715 1172 768 et
1188 705 1325 766 homines
1341 706 1433 766 de-

154 793 245 854 tionis
264 794 413 876 principia
432 792 605 856 confutandi
629 799 711 853 suunt.
796 791 1033 852 terminantium.
1054 789 1339 866 Subiectioelieligio
1355 799 1432 850 est

135 908 139 914 ·
370 931 496 980 ww
514 933 539 978 Ι·
796 873 888 936 virtus
906 874 1057 936 residens
1050 894 1081 935 ιιι
1095 873 1429 936 homine-relationes

266 1027 397 1063 lucumonis
412 1027 492 1074 ROTlO,
509 1028 535 1064 AC
552 1028 644 1065 mttsto.

796 957 868 1019 istas
891 968 920 1019 et
942 967 1142 1038 agnoscente,
1163 967 1193 1020 el
1209 957 1423 1039 perficiente.

796 1076 837 1086 -
852 1041 965 1118 Religio
984 1041 1130 1103 obiectiva
1148 1060 1202 1103 ceu
1218 1059 1337 1102 summa
1350 1060 1429 1102 ve-

406 1111 435 1180 S·
454 1115 507 1162 ²³·
797 1125 929 1200 citatum,
946 1123 1424 1206 quaerelationesinterDeum

200 1209 229 1272 l.
249 1208 363 1288 Religio
381 1218 425 1272 est
444 1206 616 1272 coniunctio
635 1209 757 1271 moralis
798 1217 827 1270 et
845 1209 982 1270 hommes
991 1208 1080 1285 clare,
1098 1218 1127 1270 et
1142 1218 1278 1270 accurate
1293 1207 1424 1270 deter-

157 1289 372 1356 homrnrsoum
395 1292 603 1357 locabimur
629 1295 757 1357 eonion
800 1293 927 1366 minant,
945 1293 1426 1372 Religiotleeoreticmeeusurn·

140 1341 214 1448 >ctio
227 1379 362 1453 morolio,
381 1386 414 1440 ut
431 1378 661 1456 distinguatura
678 1378 757 1439 rela—
800 1395 847 1438 ma
865 1377 1040 1452 officiorum,
1060 1396 1137 1458 quae
1149 1396 1183 1438 ex
1200 1375 1424 1438 relationibus

158 1461 241 1522 tione
254 1461 385 1542 physica,
407 1481 466 1543 qua
484 1473 638 1524 creaturae
656 1479 759 1523 omnes
799 1461 938 1542 praelatis
956 1461 1154 1536 deducuntur,
1167 1470 1195 1522 et
1206 1460 1425 1539 adimplenda

90 1600 91 1604 ,
159 1545 320 1607 rationales
339 1565 434 1626 aeque
455 1565 489 1607 ee
507 1547 632 1608 rationis
653 1563 759 1626 exper·
800 1544 1054 1626 praescribuntur,
1073 1545 1187 1624 Religio
1199 1545 1332 1624 practica
1346 1562 1426 1605 no-

161 1637 217 1704 tes,
236 1647 254 1690 a
271 1648 325 1692 sno
344 1638 490 1706 creatore,
514 1638 543 1692 et
560 1631 760 1708 gubernatore
801 1627 1277 1706 minatur.—-SnbiectiuaReligio
1289 1637 1420 1707 quate-

160 1711 302 1792 pcndent.
321 1712 496 1776 Coni‘unctio
515 1715 637 1776 moralis
652 1731 687 1774 ca
702 1721 759 1788 est,
801 1732 857 1774 nus
875 1713 999 1774 internis
1018 1713 1125 1774 mentis
1147 1721 1264 1774 nostrae
1282 1711 1421 1774 actibus

161 1815 220 1875 qua
238 1805 392 1860 creaturae
412 1797 550 1874 ratione,
571 1817 605 1862 ao
624 1797 761 1859 libertate
802 1806 928 1874 constat,
952 1806 1081 1872 coeterna,
1106 1805 1252 1877 quatenus
1270 1797 1420 1858 externis

162 1879 313 1962 praeditae
332 1880 393 1942 Deo
425 1900 479 1942 ceu
501 1881 675 1960 legislatori
707 1899 761 1942 suo
802 1881 895 1958 signis
929 1881 1106 1962 exprimitur
1132 1890 1162 1942 et
1188 1887 1418 1961 promovetur,

162 1971 279 2039 sancto,
295 1974 325 2025 et
342 1964 436 2026 ludici
454 1966 531 2026 iusto
547 1965 759 2028 subiiciuutur.
802 1973 927 2026 externo
942 1975 1071 2028 vocatur.
1082 1964 1254 2025 -Demum
1274 1963 1299 2024 si
1314 1981 1417 2026 surn-

162 2045 242 2108 Haec
260 2049 365 2110 relatio
384 2049 558 2111 veritatibus
577 2069 629 2130 per
646 2048 764 2110 intelle·
805 2067 852 2109 ma
870 2048 1025 2110 veritatum
1045 2058 1075 2110 et
1092 2050 1255 2110 officiorum
1276 2047 1418 2108 relatio-

165 2140 245 2192 ctum
266 2133 479 2210 cognoscendis
497 2133 645 2209 innititur,
663 2141 692 2193 et
716 2133 763 2193 ol·
806 2151 858 2194 nes
877 2133 1005 2194 morales
1022 2132 1115 2194 Deum
1131 2133 1209 2193 inter
1220 2139 1248 2194 et
1264 2131 1417 2194 homines

165 2213 242 2276 ficiis
259 2216 354 2278 libere
373 2211 570 2296 adimplendis
588 2216 762 2280 absolvitur.
804 2215 1064 2278 determinantium
1081 2237 1114 2277 ex
1133 2217 1195 2277 sola
1210 2216 1341 2276 humana
1355 2234 1418 2276 ra·

208 2301 297 2362 Noto.
310 2299 474 2377 Religionis
497 2311 633 2382 etymon,
653 2300 722 2362 licet
748 2319 777 2360 a.
805 2301 886 2360 tione
912 2300 1087 2376 hauriatur,
1115 2301 1227 2380 Religio
1251 2301 1419 2362 nataralia

165 2383 353 2446 variisvarie
381 2385 560 2465 explicetur,
581 2385 692 2465 optime
720 2391 765 2444 ιι·
806 2383 917 2466 prodit,
937 2385 962 2444 si
982 2393 1080 2445 autem
1101 2403 1118 2444 a
1140 2385 1200 2446 Deo
1219 2383 1417 2464 ipsoextra-

167 2485 236 2528 meu
257 2487 275 2529 a
293 2469 382 2529 verbo
394 2469 523 2548 religare
539 2469 699 2530 derivatur
712 2467 768 2529 Lu·
807 2466 956 2529 ordinario
975 2468 1062 2529 modo
1085 2468 1301 2544 manifestatur,
1319 2467 1417 2530 Reli·

168 2553 295 2614 ctootioa
309 2553 346 2614 de
373 2552 516 2630 religione
535 2552 684 2613 disserens
703 2551 765 2612 ait:
806 2553 854 2633 pio
872 2549 1000 2615 revelato
1017 2551 1136 2613 dicitur.

171 2655 186 2695 ‹
207 2633 269 2696 Hoc
288 2636 405 2697 uinculo
418 2637 536 2716 pietatis
548 2636 693 2710 obstricti,
707 2630 767 2696 Deo

168 2719 287 2800 religati
301 2739 415 2795 sumus,
429 2720 526 2782 uude
519 2740 583 2802 ipsa
597 2720 699 2796 religio
716 2737 768 2779 no-

163 2807 240 2865 men
259 2804 395 2884 accepit,
415 2822 473 2864 non
493 2814 526 2865 nt
551 2804 652 2866 Cicero
671 2805 767 2864 inter·

164 2896 305 2976 prelatus
323 2897 379 2963 est,
399 2888 669 2966 arelegendoa-
627 2885 768 2948 -ltixi-
850 2888 895 2949 Ad
914 2888 1050 2949 traditam
1069 2885 1232 2966 Religionis
1254 2885 1415 2948 notionem

171 2989 259 3046 mus,
286 2990 396 3032 nomen
426 2970 588 3049 Religionis
616 2991 633 3032 a
650 2971 768 3031 vinculo
804 2972 933 3034 ulterius
949 2971 1122 3032 lirmandam
1140 2973 1212 3032 alias
1225 2969 1417 3032 notionesc·

172 3054 291 3135 pietatis
309 3073 373 3116 esse
388 3055 546 3116 deductum
552 3055 651 3135 ,quod
669 3051 769 3114 homi·
810 3055 961 3118 naminare
985 3064 1118 3135 oportet,
1135 3075 1209 3135 quas
1234 3055 1416 3116 recentiores

144 3143 242 3214 {nem
261 3138 608 3215 sibilleusreligaverit,
629 3138 771 3218 etpietau
812 3150 874 3200 tum
892 3139 1082 3222 Philosophi,
1110 3149 1172 3199 tum
1198 3137 1352 3216 liteologi,
1373 3139 1416 3200 de

146 3229 202 3281 te
213 3222 434 3298 constrinxerit,
446 3223 519 3303 quia
534 3223 644 3284 servire
664 3241 718 3282 nos
730 3220 769 3297 ei,
811 3217 964 3300 Religione
984 3232 1166 3303 proponunt.

146 3313 207 3364 ut
225 3303 364 3380 Domino,
377 3314 407 3366 et
426 3305 563 3388 obsequi,
582 3316 615 3367 ut
633 3305 709 3386 patri
721 3323 773 3364 ne
875 3305 899 3367 l.
922 3305 1113 3368 Recentiores
1139 3303 1311 3386 Philosophi
1329 3306 1417 3368 varie

173 3407 256 3449 cesse
265 3397 309 3450 est
319 3389 400 3470 (1).)
413 3387 774 3471 Adstipulanturbactan·
812 3387 995 3468 Religionem
1017 3391 1173 3452 deliniunt.
1204 3390 1236 3469 a)
1253 3389 1333 3452 lieret
1350 3387 1416 3451 Re-

174 3473 475 3554 tioHierorepmus(R)
488 3484 517 3536 et
528 3475 717 3555 Augustiana
726 3471 772 3550 (3)
813 3475 955 3552 ligionem
971 3493 1035 3536 esse
1053 3475 1124 3536 dicit
1140 3473 1336 3552 cognitionem
1353 3491 1416 3533 no-

175 3556 289 3618 dicens:
306 3555 391 3620 (Uni
404 3558 464 3620 Deo
482 3559 641 3636 religantes
659 3557 774 3618 animas
814 3567 942 3619 strorum
961 3560 1122 3620 officiorum
1139 3577 1192 3618 ceu
1206 3557 1414 3618 mandatorum

175 3647 311 3715 nostras,
331 3641 409 3702 unde
439 3641 543 3719 religio
572 3642 650 3703 dicta
675 3636 774 3704 credi·
815 3642 993 3704 divinorum.
1013 3678 1055 3689 -
1072 3643 1123 3702 Ast
1138 3643 1170 3720 l)
1191 3642 1262 3702 baec
1279 3641 1415 3702 delinitio

174 3733 235 3790 tur.
243 3743 257 3784 ι
278 3759 320 3772 ··-
335 3724 503 3801 Caeterum,
524 3725 669 3820 quidquid
687 3725 726 3785 sit
739 3723 775 3784 de
816 3725 1194 3803 necubiectivaeReligioni
1199 3725 1341 3804 adquam
1352 3742 1415 3786 non

170 3807 270 3868 huius
284 3809 461 3891 etymologia
491 3810 594 3884 cocis,
618 3809 775 3870 adductam
817 3809 946 3890 pertinet
966 3810 1110 3886 cognitio,
1133 3827 1190 3870 nec
1212 3807 1413 3882 subiectivae,

170 3869 341 3969 Religionis
361 3895 512 3955 notionem
533 3902 596 3954 tum
623 3892 776 3971 antiquio·
817 3894 1116 3970 cuinonsuilrcitcog
1119 3893 1204 3969 nitio,
1213 3891 1358 3952 convenit.
1378 3892 1415 3970 9)

170 3992 235 4052 res,
246 3979 500 4040 tumrecentrores
509 3996 564 4038 ιιιι
557 3977 686 4038 cordati
698 3992 778 4037 corn-
817 3976 850 4038 ln
870 3976 924 4038 hac
940 3977 1113 4038 definitione
1124 3995 1192 4057 pars
1209 3975 1416 4036 theoreticao-

170 4060 319 4122 tmendant
332 4060 391 4140 (l)
780 4112 784 4118 .
819 4061 957 4137 mittitur,
977 4062 1112 4141 sineque
1125 4061 1253 4141 practica
1269 4077 1328 4120 non
1345 4077 1417 4118 con·

205 4157 237 4216 (l)
253 4157 308 4204 lust.
322 4159 368 4202 div.
384 4159 408 4204 l„
422 4158 478 4215 l,.c
495 4159 532 4206 28.
818 4163 881 4217 gion:
896 4163 975 4204 ziceite
993 4161 1128 4205 naddrittc
1146 4157 1282 4212 Borleanag.
1304 4152 1335 4200 cl.
1352 4144 1417 4212 Illee,

207 4215 239 4274 (2)
255 4216 281 4260 ln
297 4221 401 4262 Amosc.
420 4221 441 4263 9,
819 4217 884 4264 ΙιιιιΙι.
899 4221 950 4276 Dog
953 4219 1067 4264 innttclt
1083 4218 1099 4263 l
1115 4221 1160 4264 c.·.
1162 4214 1416 4262 ιιι-ααιὶιιιιιιιιινιιιι·

208 4275 279 4334 (Sil.
295 4277 316 4321 l.
333 4277 428 4322 Retract.
444 4289 466 4321 c.
480 4275 516 4321 l5.
819 4277 955 4335 zgtrtopnare
970 4279 1012 4323 der
1027 4278 1123 4336 tneotog
1137 4277 1169 4328 l!
1171 4275 1332 4335 ὶιιιιιιιιιιιιιιιι
1344 4279 1423 4335 cister,

207 4333 280 4392 (llll.
295 4335 314 4380 J.
330 4336 359 4384 ll.
380 4337 464 4396 Sallen,
479 4335 640 4382 Graadlclcrea
660 4337 778 4382 aer-mtr-
821 4326 917 4400 T'lcee'td.
933 4339 985 4384 20)
1055 4347 1059 4352 ·

1105 2691 1155 2739 24

837 2783 939 2828 Censura
954 2784 1050 2830 aliarum
1058 2685 1129 2842 sllellg
1116 2786 1191 2830 uronis
1205 2783 1409 2833 deliultlonum.
