2962 4736
450 167 524 220 nans
546 171 590 216 m.
614 170 715 218 secuso
736 173 768 218 ιι.
792 173 885 220 cicun
908 175 939 220 v.
1211 156 1273 220 l95

70 248 194 312 tuturos
206 261 273 310 esse
288 254 472 328 peccatores,
487 249 548 310 imo
566 250 677 314 multos
715 248 885 333 Principum
906 252 1121 330 successiones,
1140 252 1314 337 praesertim

70 334 191 395 intrare
210 349 262 411 pec
279 332 355 412 piam
375 331 563 412 perditionis,
583 341 613 395 et
634 334 677 395 id·
718 335 934 398 haereticorum
950 339 1141 417 expenderet,
1159 355 1315 419 eaquese-

71 436 113 480 eo
134 417 242 476 multos
255 433 318 476 esse
333 425 464 492 vocatos,
481 411 536 497 pau
576 437 590 478 s
608 436 676 480 vero
717 418 839 481 veritate
860 420 889 480 in
910 419 1096 499 singulorum
1114 430 1195 498 gesta
1213 421 1317 502 inqui-

72 503 199 564 electos.
230 497 366 562 Ceterum
392 497 593 564 Protestanes
616 501 678 563 lne-
717 508 808 579 reret,
830 522 887 583 qua
912 503 1086 585 inquisitum
1107 513 1151 566 est
1177 505 1207 566 in
1235 513 1318 584 gesta

73 592 205 666 quanter
233 601 331 646 mores
348 637 351 645 .
368 583 619 663 catholicorum,
643 604 678 646 ac
717 584 804 648 Rom.
825 585 1015 664 Pontificum,
1031 599 1111 650 certe
1129 589 1218 666 longe
1236 587 1315 650 aliud

75 667 238 751 praecipue
271 666 504 746 Religiosorum,
532 667 678 732 Sacerdo-
719 671 920 751 spectaculum
943 671 986 733 illi
1014 691 1080 734 sese
1109 671 1319 734 oderrecinua

74 761 157 828 tum,
177 760 208 814 et
228 751 444 832 Episcoposum
463 752 565 834 inique
596 753 680 815 deni·
721 773 882 835 paucorum
898 755 1084 819 saeculorum
1104 765 1242 817 tractum.
1263 753 1318 816 Ve-

75 843 178 916 grant,
194 891 196 896 ,
210 843 239 897 et
265 835 290 896 si
310 836 423 908 tristem
447 836 606 917 quemdam
618 864 621 872 ·
634 838 679 899 la·
721 856 786 899 rum
808 838 881 901 haec
894 833 1008 902 'omnia
1036 839 1177 902 levissimi
1195 838 1318 920 quidam

77 939 188 1002 psum,
219 919 270 999 qui
302 919 391 983 etiam
418 919 496 985 inter
524 921 681 1002 Apostolos
721 929 856 984 auctores
874 922 1073 1001 dissimulant,
1093 932 1126 986 ut
1138 922 1223 985 nobis
1240 941 1319 984 non-

76 1023 142 1066 nou
160 1003 266 1074 deluit,
282 1003 482 1084 comperiunt,
499 1005 627 1070 eundem
647 1025 682 1066 u·
722 1007 871 1068 nullorum
888 1006 974 1069 Rom.
988 1007 1160 1071 Praesulom
1181 1006 1319 1068 scandala

78 1089 175 1168 hique
197 1087 367 1169 propalant,
383 1097 572 1166 exaggerant,
588 1096 618 1152 et
632 1107 681 1152 re·
723 1099 866 1170 perpetuo
884 1090 1055 1154 obtrudant.
1087 1089 1193 1156 Odium
1212 1107 1319 1153 excae-

78 1181 164 1234 mota
177 1173 257 1234 cumi
271 1171 384 1234 iustitia
399 1183 431 1234 et
447 1172 581 1248 caritate,
599 1182 682 1236 cete·
712 1175 799 1235 cavit
818 1193 869 1236 coc
882 1174 1014 1237 illorum.
1036 1195 1052 1236 a

78 1257 125 1319 ris
142 1275 261 1337 quoque
275 1255 407 1318 eiusdem
419 1256 599 1318 conditionis
613 1275 682 1338 pecu
767 1258 830 1321 oti.
848 1259 878 1320 e.
898 1257 1053 1336 Minaeum,
1073 1259 1181 1341 quibus
1209 1257 1318 1322 Catho-

79 1341 166 1403 sonis
181 1341 334 1418 affingunt.
354 1338 445 1412 Recte
463 1341 530 1403 ideo
549 1341 682 1422 ipsorum
723 1341 773 1402 lici
790 1341 940 1404 Ecclesiae
965 1363 1037 1406 suae
1064 1344 1250 1406 sanctitatem
1270 1341 1318 1404 di-

80 1424 242 1488 calumniis
258 1424 329 1486 illud
352 1425 430 1486 idem
452 1425 557 1505 reponi
574 1433 681 1506 potest,
723 1425 832 1487 vinitus
850 1426 1029 1493 declaratam
1059 1427 1254 1502 assenciunt,
1282 1427 1318 1487 li-

80 1508 164 1590 quod
183 1509 214 1572 8.
230 1508 419 1588 aliquetenus
435 1507 615 1574 Manichaeis
634 1509 682 1570 di·
724 1509 789 1572 dein
809 1529 869 1572 non
889 1519 1063 1590 merentur,
1090 1512 1160 1594 quia
1186 1529 1221 1572 cx
1240 1510 1318 1589 vulgi

78 1595 146 1656 xit:
176 1614 191 1657 ‹
212 1592 349 1664 Vestrum
371 1594 489 1657 oculum
522 1593 690 1672 malevolus·
724 1612 845 1655 rumore
862 1593 1028 1675 desumpta,
1046 1603 1182 1676 aut‘post
1199 1595 1318 1672 longum

81 1695 170 1740 error
189 1677 221 1740 in
240 1678 332 1741 solam
351 1678 467 1758 paleam
493 1685 611 1741 nostrae
633 1696 683 1740 se·
725 1685 842 1759 tempus
864 1676 894 1738 iu
914 1678 1024 1740 iudicio
1040 1679 1191 1760 pontificio
1210 1679 1318 1741 exami-

80 1761 161 1840 getis
178 1761 270 1838 ducit3
287 1780 355 1825 nam
374 1770 403 1846 et
417 1760 547 1824 triticum
566 1761 608 1824 ibi
625 1761 683 1824 cilo
724 1771 793 1822 nata
806 1761 936 1838 luerunt,
954 1762 1006 1824 ubi
1021 1763 1120 1825 idonei
1135 1771 1224 1825 testes
1241 1761 1318 1823 haud

81 1845 244 1921 videretis,
264 1845 288 1906 si
307 1853 338 1910 et
363 1863 428 1910 esse
453 1845 566 1908 velletis
580 1845 639 1927 (t).
663 1865 682 1906 o
725 1845 852 1925 amplius
872 1845 975 1908 adesse
995 1855 1166 1927 potuerunt.
1191 1844 1319 1917 Quodsi

83 1929 271 2012 ‹Frugesin
288 1930 538 2006 agro„lrumonta
561 1929 592 1991 in
614 1947 684 1992 acea
724 1929 814 1992 ctiam
833 1928 1020 2007 admittetur,
1045 1931 1123 1992 mira
1151 1931 1228 1992 lacta
1245 1947 1321 1991 con·
1432 1989 1433 1996 ,

83 2015 236 2096 quaerite3
268 2013 580 2094 apparebuntlecile,
604 2031 686 2076 sese·
725 2013 843 2091 tipisse,
864 2031 923 2074 non
955 2021 1053 2077 tamen
1079 2015 1149 2076 inde
1170 2014 1320 2076 Ecclesiae

82 2117 145 2180 que
160 2099 283 2160 oderent
293 2099 357 2178 ipsa
371 2098 594 2178 quaerentibus.
607 2095 683 2172 Quid
725 2097 864 2159 sauctitas
896 2097 1060 2178 parebatur,
1087 2098 1158 2179 quia
1185 2098 1274 2159 etiam
1302 2116 1319 2159 a

81 2182 177 2244 nimis
195 2182 226 2244 iu
247 2180 439 2262 purgamenta
462 2182 565 2246 oculos
583 2182 684 2243 intcn·
726 2181 872 2243 daemone
891 2181 1026 2262 prodigia
1044 2183 1107 2244 lieri
1126 2189 1260 2265 possunt.

83 2265 175 2328 ditis?
189 2267 259 2348 quid
278 2267 314 2328 ab
335 2265 426 2346 opimi
453 2265 531 2328 liorti
549 2265 684 2328 ubertate
764 2266 851 2346 Reep.
867 2263 1007 2328 Minacula
1019 2266 1048 2328 in
1061 2267 1194 2329 Ecclesia
1211 2265 1322 2329 Catho-

82 2350 242 2430 imperitos
272 2349 409 2412 homines
432 2350 546 2431 sepium
568 2351 683 2431 asperi·
717 2349 913 2430 licesemper
930 2350 1161 2430 patrata-luisse,
1181 2369 1242 2411 noo
1258 2359 1321 2412 tan·
1365 2376 1367 2381 ·

6 2441 7 2446 ’
74 2442 147 2496 tate
166 2435 335 2498 terretisi...
356 2430 431 2496 Sunt
443 2433 472 2496 in
486 2434 683 2498 Ecclesium-
726 2443 973 2496 tomcxrumore
995 2434 1086 2513 uulgi,
1119 2435 1170 2516 qui
1197 2434 1323 2515 ipsemet

82 2518 198 2580 thelica
226 2518 460 2580 innumerabiles
486 2517 598 2595 fidelos,
633 2518 684 2600 qui
725 2537 784 2578 non
805 2518 1141 2600 semperdespicieudus
1155 2517 1323 2594 est,sedex

83 2601 144 2664 hoc
171 2603 280 2666 munde
301 2611 364 2666 non'
379 2610 517 2679 utantur,
541 2610 610 2665 sunl
633 2601 684 2683 qui
727 2601 904 2663 testimoniis
926 2621 1046 2684 quoque
1064 2603 1321 2678 doctissimorum,

6 2687 8 2722 i
82 2693 367 2768 utanturtauquem
388 2687 684 2750 nouutenlesuteli
727 2693 756 2746 et
777 2684 988 2765 piissimorum
1029 2687 1157 2748 vicenum
1195 2695 1321 2748 coiistat.

6 2801 8 2808 v
79 2769 227 2851 Apostolo
242 2771 351 2832 (licitur
365 2770 423 2851 (E).
443 2789 458 2831 o
478 2768 563 2842 Quod
581 2771 693 2832 attinet·
724 2767 797 2829 Nam
828 2769 860 2832 S.
895 2770 1035 2833 irenaeus
1066 2770 1125 2850 (l),
1165 2771 1324 2833 Tertullia-

6 2855 11 2892 3'
81 2851 173 2916 Rom.
189 2852 684 2935 PontificesoptimeraspondetCl.
726 2871 783 2916 acus
801 2853 861 2933 (5),
881 2853 913 2916 8.
935 2854 1105 2934 Cyprio-noua
1123 2854 1182 2934 (e),
1206 2855 1324 2934 llioap·

6 2948 10 2974 ³
81 2939 217 3001 Perroao
235 2939 294 3018 (3):
316 2959 331 3002 ‹
351 2938 456 3002 Divina
471 2940 602 3021 prolecto
615 2958 686 3021 pco-
726 2937 789 3000 aius
806 2937 895 3000 Alea.
912 2937 972 3016 (l),
990 2938 1132 3003 Eusebiae
1149 2938 1208 3016 (8),
1228 2937 1259 3000 8.
1277 2938 1324 3002 Α·

6 3053 8 3062 ι
82 3022 219 3084 videntia
236 3023 346 3088 lactum
375 3033 432 3099 est,
464 3032 496 3084 ut
520 3023 598 3085 inter
625 3023 686 3086 ⁹258
727 3021 882 3084 tltunoaius
900 3021 959 3101 (e),
979 3021 1011 3086 8.
1026 3022 1226 3101 Hieronymus
1241 3021 1322 3100 (ld),

6 3113 10 3150 ἵ
81 3104 264 3180 Pontifices,
291 3107 342 3188 qui
361 3127 378 3168 a
396 3104 426 3169 S.
451 3106 538 3169 Petro
558 3107 594 3169 ad
612 3105 687 3170 Gne·
728 3106 759 3169 8.
769 3103 1321 3185 Paulinus(ll),Sulpitt'asSec.(li),

6 3195 11 3236 l
81 3191 203 3268 ponium
223 3189 685 3272 XVlSedemApostolicamio-
728 3189 759 3254 S.
779 3188 1074 3270 iniquinamenta),
1097 3189 1129 3253 S.
1160 3188 1325 3268 Grecos-uu

81 3275 169 3352 genti
188 3273 227 3336 ts
245 3277 431 3339 saeculorum
452 3277 536 3356 lapsu
557 3294 687 3358 occupa·
729 3274 770 3339 M.
786 3273 866 3353 (lt),
886 3275 918 3338 S.
938 3272 1202 3352 Remoramne),
1224 3281 1254 3334 et
1272 3272 1325 3334 alii

6 3354 11 3404 1³
82 3368 171 3435 ruint,
193 3358 239 3420 vix
253 3360 354 3422 decem
371 3361 437 3441 plus
459 3361 559 3422 minus
579 3379 687 3422 mutue·
729 3377 764 3419 eu
778 3357 910 3419 relecunt
935 3358 1095 3431 miracola,
1119 3358 1163 3418 vel
1193 3375 1323 3438 quocum

6 3453 11 3488 t

81 3452 344 3523 contentionum
364 3445 424 3508 uita
449 3445 596 3506 maculata
620 3444 687 3506 lue-
729 3460 793 3504 sese
811 3441 951 3503 exhibent
983 3442 1114 3502 oculatos
1146 3448 1259 3519 testes,
1278 3441 1331 3520 uel

6 3535 11 3594 i
82 3528 150 3604 rit,
183 3527 294 3608 quique
326 3536 359 3593 ut
394 3528 554 3610 plurimum
580 3527 688 3588 lectio·
729 3543 836 3606 quasa
862 3525 985 3588 testibus
1007 3525 1135 3602 coaevis,
1155 3536 1185 3587 et
1201 3526 1259 3588 side
1275 3523 1324 3586 di-

68 3629 162 3674 ·num
194 3611 394 3688 ingruentium
423 3631 513 3693 opera
542 3611 578 3674 ad
607 3610 687 3674 Petri
728 3609 793 3688 guis
823 3615 1012 3690 acceperunt.
1046 3608 1083 3671 Et
1116 3628 1188 3672 sane
1220 3608 1330 3690 quous

6 3713 8 3740 t
85 3694 259 3758 cathedram
289 3695 687 3776 evectisun13sitliquibus
729 3693 913 3774 temporem
937 3692 1069 3756 Ecclesia
1097 3693 1241 3756 catholica
1268 3690 1331 3771 vini

6 3789 12 3826 t
86 3788 190 3842 tanuen
215 3779 480 3862 nullumunquam
507 3780 582 3842 fides
601 3799 687 3860 passa
728 3778 805 3840 docti
834 3777 967 3855 luerunt,
991 3776 1041 3859 qui
1069 3777 1227 3851 miracula,
1247 3792 1331 3858 (petiae¹

7 3881 10 3918 ι
85 3872 132 3927 est
147 3863 374 3928 detrimentum.
404 3863 436 3927 Si
470 3863 536 3946 quis
561 3864 685 3928 aliorum
729 3859 974 3944 publicabuntur,
993 3862 1075 3925 iuxta
1099 3862 1215 3941 regulas
1239 3857 1333 3932 criti-i
1373 3913 1376 3922 ,
1439 3936 1446 3956 .

6 3949 14 4005 t

12 4041 14 4059 .
115 4009 152 4072 (Ι)
166 4009 214 4057 lib.
229 4012 243 4056 t
258 4013 282 4057 el
296 4010 322 4056 ti
341 4013 497 4060 eleusium.
758 4007 790 4070 (9)
805 4011 831 4056 ln
847 4011 896 4057 vlla
911 4013 934 4058 8.
950 4013 1000 4059 tut.
1016 4011 1073 4060 abb.

11 4072 15 4082 '
114 4073 151 4130 (21
169 4071 217 4116 lib.
233 4070 244 4116 l
262 4071 292 4116 de
308 4071 393 4117 monili.
409 4071 470 4118 licei.
483 4083 503 4118 c.
519 4071 555 4129 55,
571 4083 595 4118 n.
610 4072 648 4118 77.
757 4069 804 4126 (10)
820 4069 843 4116 ln
859 4073 904 4116 alta
919 4071 941 4114 8.
957 4071 1068 4117 llllorion.
1080 4081 1103 4114 n.
1115 4069 1152 4114 59.

6 4125 14 4170 lp
64 4145 66 4149 ,

118 4132 151 4186 ld)
168 4131 199 4174 lte
208 4131 253 4176 loc.
264 4131 334 4184 theol.
346 4144 368 4190 p.
383 4131 401 4190 t,
410 4143 432 4178 c.
444 4131 492 4187 d,n
511 4131 556 4178 tei
567 4135 590 4178 ln
602 4129 687 4177 noted.
758 4130 776 4184 tt
786 4130 803 4184 l)
819 4130 844 4174 to
861 4129 985 4176 Poenae.
1044 4128 1088 4185 lli)
1102 4127 1126 4173 ln
1138 4107 1332 4174 otiositatem.

117 4193 150 4249 (ll
168 4189 398 4247 l..2c.lmor.,c.5‘.'.
429 4190 688 4250 (5)l..deanimac.dl.
756 4188 803 4242 tiit
818 4188 843 4234 Ι..
860 4188 889 4234 22
905 4189 935 4235 de
950 4190 998 4234 Ciu.
1014 4188 1065 4246 Del,
1079 4200 1100 4232 c.
1115 4189 1138 4236 8.

10 4279 14 4291 .
119 4251 150 4310 (6]
169 4249 348 4308 clincampum.
431 4247 687 4309 (itEp.8adl‘lillein.
758 4248 802 4306 llll
820 4248 844 4292 lu
861 4249 948 4304 lllulog.

8 4287 20 4338 l
117 4311 151 4370 us,
168 4310 223 4356 uisa.
239 4308 300 4354 ecci,
315 4309 330 4354 l.
345 4309 367 4368 o,
381 4320 404 4354 e.
415 4309 438 4356 o.
758 4307 803 4361 tim
820 4308 845 4354 m
862 4309 907 4356 auo
921 4308 944 4352 s.
959 4303 1095 4353 maiacum.
