2934 4736
206 169 271 234 2⁶4
604 128 792 240 ammonae
812 189 975 238 cananeus

164 265 225 328 llec
237 267 394 330 revelatam
407 267 555 348 sciebant,
571 278 768 335 etcaeremo-
807 269 929 347 huntur,
947 288 1124 346 connexam,
1142 289 1177 334 ne
1191 268 1279 334 soon
1298 273 1411 336 sommi

165 351 224 412 niis
243 352 384 431 externis,
404 373 457 435 per
474 355 592 436 lloyseu
616 357 767 437 praescri·
808 355 996 436 pontificatus
1011 354 1251 436 opudRomanos
1263 355 1410 419 honorem

164 434 235 516 ptis,
257 437 443 501 tenacissime
457 439 665 515 inhaerebant,
686 449 714 502 et
729 441 767 502 ad
806 448 836 500 et
851 437 899 502 ius
914 437 1099 520 principibus
1116 440 1245 502 delatum
1260 439 1320 502 sihi
1336 455 1413 503 cua·

164 519 218 585 has
233 519 427 586 dimittendas
448 523 494 586 ria
516 523 594 602 adigi
615 533 763 604 poterent.
806 532 968 598 servarent,
988 523 1068 604 quod
1108 541 1143 586 er
1159 542 1262 585 novam
1282 523 1410 602 religio·

163 603 206 666 Es
223 606 334 668 comati
354 625 409 670 suo
426 608 534 685 corde,
560 617 590 672 et
618 609 657 672 oh
676 627 764 689 prae·
805 625 872 688 pem
892 607 983 669 everti
998 543 1171 669 ceroessant.
1184 605 1321 670 inaudita
1339 609 1409 672 ideo

163 698 322 769 conceptas
339 707 408 753 suos
418 692 575 771 opiniones
585 690 719 754 hlessiam
730 701 764 754 ut
804 702 834 753 et
849 689 979 769 cogitatu
999 690 1146 753 horrenda
1162 699 1310 754 tormenta
1321 710 1411 754 exco-

160 770 269 851 Regem
290 775 551 853 potentissimum,
570 776 621 857 qui
646 776 763 857 ipsosa
802 775 905 852 gitata,
926 783 956 838 et
974 773 1085 856 uhiquc
1114 775 1247 838 locorum
1271 776 1408 839 adhibita

160 857 230 936 iugo
244 855 445 922 Romanorum
468 859 620 938 liberaret,
641 870 671 922 et
686 860 764 923 desi·
802 867 884 936 sont,
902 869 935 920 ut
953 859 1089 921 homines
1106 875 1124 920 a
1142 859 1333 940 suscipienda
1350 859 1410 924 Re·

159 941 305 1004 donabant
326 951 357 1004 et
375 944 595 1024 exspectabant,
616 953 704 1025 atque
719 945 764 1006 id·
802 942 911 1024 ligione
925 943 1090 1006 christiane
1107 943 1340 1006 deterrerentur.

160 1045 196 1088 so
216 1025 367 1090 sClnristo
386 1027 490 1090 truanili
509 1035 539 1090 et
560 1047 691 1109 paupere
704 1029 760 1092 sb·
843 1026 875 1090 2.
898 1025 1011 1104 ldedia,
1030 1027 1068 1090 ad
1084 1026 1246 1106 Religionis
1262 1027 1407 1091 christia-

160 1109 333 1174 horrebant.
361 1109 413 1173 His
436 1129 587 1174 accessere
616 1113 761 1194 plurimae
802 1127 858 1174 nae
879 1111 1121 1194 propagationem
1135 1112 1295 1188 destinata,
1312 1112 1337 1174 si
1353 1133 1408 1175 ns·

159 1203 249 1276 atque
267 1195 431 1258 horrendae
453 1197 633 1272 calumniae,
652 1197 761 1278 quihus
802 1195 939 1259 tonaliter
955 1196 1199 1272 considerentur,
1211 1197 1343 1260 macinae
1359 1199 1408 1260 ia·

160 1279 310 1360 principes
338 1298 526 1360 synagogae,
545 1281 714 1344 sacerdotes
731 1291 762 1345 et
799 1281 902 1362 man,
921 1280 982 1343 imo
1000 1282 1142 1360 etinepla
1159 1279 1405 1363 maldeberta)

158 1363 313 1428 Pharisaei
335 1361 485 1426 Christum
504 1373 537 1426 ut
555 1365 759 1446 impostorem,
800 1365 844 1428 Ad
864 1364 1094 1446 praedicandum
1114 1364 1193 1426 enim
1208 1364 1403 1442 Euangelium

158 1447 349 1510 daemonium
371 1447 541 1526 hahentenn,
555 1458 585 1512 el
600 1450 682 1512 omni
696 1450 761 1513 iure
801 1449 972 1512 missisunt
997 1448 1154 1511 duodecim
1173 1449 1331 1529 Apostoli,
1350 1450 1405 1530 qui

159 1532 255 1594 crocis
268 1531 574 1612 supplicioaddictom
588 1552 688 1595 coram
701 1536 763 1615 ple·
802 1534 929 1596 maxima
947 1551 982 1596 ex
1006 1541 1089 1614 parte
1108 1542 1194 1594 erant
1216 1532 1404 1614 piscatores,

159 1616 196 1677 he
219 1616 458 1694 ‹lantgrarerooa
474 1618 516 1679 hc
531 1618 650 1680 dennuni
670 1619 759 1682 iidem
802 1617 938 1680 homines
958 1618 1049 1678 nullis
1067 1617 1173 1678 litteris
1189 1616 1320 1691 exculti,
1340 1619 1407 1678 nul·

158 1699 351 1762 intensissimi
365 1699 471 1762 Christi
491 1701 603 1764 inimici
624 1702 701 1764 sicut
718 1703 760 1765 h·
801 1702 837 1764 lis
855 1702 966 1777 armis,
986 1701 1077 1762 nullis
1105 1700 1215 1763 divitiis
1241 1701 1404 1780 instructi,

158 1784 309 1865 postolos,
328 1783 521 1863 Evangetium
541 1787 760 1868 praedicantes,
801 1786 883 1848 nollo
897 1783 1065 1868 principum
1083 1783 1183 1846 sanare
1201 1784 1308 1860 adiuti,
1326 1803 1403 1866 pan-

160 1868 223 1930 dire
241 1877 442 1945 vexaverunt,
467 1869 507 1932 ita
531 1871 691 1948 omnihus,
709 1872 761 1952 qui
801 1888 899 1950 peres,
930 1869 1104 1950 simplices,
1121 1868 1253 1931 obscuri.
1283 1866 1349 1930 Una
1366 1870 1406 1930 iis

158 1951 274 2016 Christo
287 1971 395 2014 nornen
409 1953 514 2016 darent
533 1956 676 2016 martinas
690 1975 762 2036 poe·
800 1954 936 2031 seientia,
950 1954 1027 2016 scire
1038 1952 1187 2016 Christum
1200 1959 1230 2014 et
1244 1952 1325 2014 hunc
1336 1970 1407 2014 cro·

159 2056 213 2099 nas
233 2035 337 2099 minati
360 2046 440 2099 sunt.
460 2071 502 2086 ›-
519 2037 662 2114 Gentiles,
682 2040 760 2120 apud
799 2038 937 2117 cilixnm3
965 2057 1026 2099 una
1053 2038 1247 2118 eloquentia,
1275 2037 1405 2098 verbum

158 2139 233 2201 quos
252 2119 281 2182 in
305 2119 389 2183 Latio
409 2123 610 2203 praecipuast
628 2124 658 2184 in
671 2121 761 2186 Grae·
800 2122 897 2184 crucis
924 2130 1042 2204 aperte,
1062 2141 1096 2184 ac
1114 2120 1290 2202 simpliciter
1306 2139 1406 2202 eapo-

157 2205 204 2266 cia
218 2204 761 2288 scientiae,artesquellurehanaqoo-
800 2224 888 2283 nere;
909 2225 969 2268 una
985 2205 1161 2287 prudentia,
1187 2205 1333 2286 quidquid
1353 2207 1406 2265 in·
1457 2221 1458 2224 ’

158 2289 194 2350 ad
214 2307 311 2350 mores
326 2300 437 2366 tamen,
450 2291 523 2372 ipsis
542 2291 669 2352 ethnicis
681 2291 759 2353 scri·
799 2290 895 2352 iuriae
914 2290 1116 2365 inserebatur,
1136 2291 1283 2371 patienter
1307 2287 1405 2350 susti·

156 2373 292 2454 pluribus
312 2374 487 2447 latentibus,
508 2375 592 2436 valde
612 2375 662 2437 illo
681 2385 759 2438 tem·
799 2394 883 2451 nere,
897 2393 991 2456 e-cpro
1007 2374 1093 2436 malis
1107 2374 1186 2435 hono
1201 2373 1338 2434 reddere.
1352 2372 1408 2435 Se·

156 2475 229 2537 pore
249 2458 523 2540 corrupti,deliciis
542 2460 761 2540 uoluptatibus·
799 2458 961 2522 uiatoribus
970 2459 1033 2520 suis
1045 2477 1103 2519 non
1114 2466 1228 2520 tantum
1239 2456 1317 2518 hona
1328 2466 1408 2518 tem·

157 2559 215 2622 que
238 2541 350 2616 dediti,
368 2561 401 2602 ac
425 2541 493 2604 ideo
519 2561 640 2624 prorsus
664 2543 758 2626 inepti
799 2544 912 2624 paralio
930 2543 1012 2606 nullo
1029 2551 1216 2624 proponunt,
1235 2542 1287 2603 sed
1312 2539 1405 2620 igno·-

156 2634 242 2688 erant
265 2626 303 2687 ad
324 2625 431 2688 Christi
464 2627 636 2706 religionem
660 2629 757 2690 susci·
799 2627 935 2702 oninium,
954 2645 1126 2702 aerumnas,
1146 2626 1304 2707 supplicia.
1327 2625 1406 2696 Quis

156 2708 307 2790 piendam.
324 2708 481 2771 Praeterea
500 2710 670 2793 Philosophi
688 2713 758 2774 eth·
799 2711 857 2772 iam
876 2727 967 2772 sanae
991 2712 1099 2772 mentis
1117 2710 1196 2772 dicat
1223 2710 1297 2771 tales
1322 2711 1406 2772 viros

156 2794 216 2856 uici
234 2793 418 2870 Religionem
441 2794 646 2873 christianam,
672 2816 758 2860 cuius
799 2796 975 2857 naturaliter
995 2813 1171 2876 synagogam
1194 2811 1356 2875 superare,
1374 2795 1405 2854 i-
1456 2825 1457 2834 ι

155 2878 301 2958 mysteriis
312 2877 548 2956 offendebantur,
564 2890 592 2941 et
605 2899 656 2961 per
668 2899 756 2961 quam
798 2879 933 2942 dolorum
954 2879 1064 2960 templa
1091 2879 1267 2956 destruere,
1291 2895 1345 2958 pro
1365 2879 1406 2939 iis

155 2961 321 3024 inoniasua
339 2974 496 3042 systemata
515 2965 657 3026 cantaridi
671 2966 759 3026 intel·
798 2964 936 3026 vexillum
965 2963 1062 3024 crucis
1080 2964 1213 3043 erigere,
1232 2981 1405 3043 nonamque

155 3045 299 3124 ligehant,
316 3055 378 3108 tum
391 3047 490 3110 verbis
503 3057 563 3110 tum
579 3048 696 3128 scriptis
710 3068 759 3111 ea·
797 3046 980 3127 Religionem
1005 3056 1066 3109 toto
1090 3048 1121 3108 in
1149 3046 1259 3122 inundo
1287 3065 1405 3128 propa·

155 3129 317 3208 agitaruut.
330 3129 506 3192 Sacerdotes
523 3132 660 3211 gentiles,
679 3152 758 3213 quo·
797 3151 867 3211 gare
885 3132 1033 3213 potuisse?
1045 3165 1086 3178 -
1104 3131 1138 3213 h)
1156 3131 1238 3203 Quod
1257 3131 1281 3192 si
1297 3131 1334 3192 ad
1349 3150 1405 3211 pa·

155 3232 220 3276 rum
233 3215 406 3289 auctoritas,
418 3216 594 3277 sustentatio
605 3218 757 3278 etlucrum
799 3216 884 3278 trium
897 3216 1105 3297 Apostolorum
1117 3216 1324 3297 respiciamus,
1337 3217 1403 3294 ple·

156 3297 193 3359 ab
217 3297 364 3358 idolorum
391 3299 472 3360 cultu
495 3299 656 3380 dependit,
676 3302 757 3362 omni
798 3318 906 3381 rosque
927 3319 962 3362 ex
980 3298 1111 3363 Galilaea
1134 3301 1225 3362 luisse
1247 3299 1402 3379 comperi·

155 3380 244 3442 modo
263 3381 405 3462 populum
430 3401 447 3442 a
469 3383 526 3444 side
550 3385 581 3446 iu
609 3384 757 3448 Christum
799 3383 934 3465 mus(l).
948 3383 1067 3448 Iudaeis
1084 3391 1182 3446 autem
1201 3392 1246 3445 sat
1265 3401 1400 3444 econamu-

155 3473 287 3527 arerlere
311 3463 410 3528 conati
433 3477 520 3528 sunt:
545 3467 612 3530 ideo
637 3469 757 3545 omnio,
799 3469 845 3531 nis
871 3469 1023 3550 persuasio
1052 3469 1170 3545 inerat,
1197 3485 1295 3550 neque
1311 3465 1402 3531 Chri·

155 3565 233 3629 quae
252 3557 322 3611 tune
344 3551 649 3632 temporisconligere
667 3554 757 3628 mata,
798 3561 875 3615 stoan
892 3553 965 3634 (2),
987 3571 1084 3633 raeque
1105 3553 1301 3634 prophetam,
1323 3552 1345 3614 i.
1369 3569 1398 3613 a.

155 3651 320 3714 numasque
338 3634 530 3698 adversitates
545 3635 678 3716 neglecto
691 3637 759 3700 ido·-
799 3639 927 3717 legatum
939 3636 1080 3699 diuinitus
1098 3637 1220 3698 missum
1237 3634 1401 3698 aGalilaea

154 3717 251 3780 lorum
281 3718 395 3793 cultui,
415 3737 568 3802 nonaeque
596 3719 759 3799 Religionis
799 3722 900 3784 venire
919 3721 978 3802 (3).
1003 3719 1098 3792 Quam
1122 3721 1247 3782 arduom
1272 3739 1343 3797 ergo
1365 3739 1402 3782 e·

154 3801 334 3884 professioni
364 3803 597 3885 adscripserunt.
624 3803 760 3886 Denique
799 3814 857 3880 rat,
880 3813 914 3867 ut
930 3805 985 3867 riri
1009 3805 1156 3882 ignobiles
1170 3838 1187 3852 -
1205 3802 1330 3867 Galilaoi
1349 3823 1401 3865 -a

153 3887 351 3967 imperatores
367 3889 483 3950 romarii
497 3887 761 3966 inhumanas,cru·
799 3890 918 3952 ludaeis
937 3900 970 3951 ut
987 3889 1078 3950 divini
1101 3905 1263 3971 praecones
1281 3889 1402 3969 recipe·

155 3971 236 4033 deles
258 3972 461 4052 barbarasque
487 3973 710 4052 persecutiones
728 3975 759 4036 in
799 3973 1277 4053 reatori-Ethnicisoqoidem
1297 3974 1403 4040 distin-

154 4055 343 4118 Christianus
363 4055 552 4130 excitarunt,
572 4065 605 4120 ut
632 4057 760 4119 idolola·
800 4059 858 4120 ctio
876 4058 955 4121 inter
972 4057 1097 4120 ludaeos
1114 4068 1143 4120 et
1161 4055 1310 4121 Galilaeos
1327 4057 1402 4118 satis

157 4137 258 4214 triam,
274 4139 426 4218 antiquam
439 4138 622 4214 Religionem
639 4150 696 4202 tam
713 4157 761 4202 ur·
801 4151 869 4204 nota
881 4161 940 4203 non
956 4143 1024 4219 luit;
1045 4143 1096 4204 sod
1114 4141 1156 4203 illi
1172 4139 1335 4218 generatim
1350 4141 1401 4202 lu·

157 4229 203 4280 cte
222 4240 289 4282 cum
310 4222 388 4283 hono
410 4222 556 4299 civitatis,
573 4235 605 4284 ut
630 4225 760 4288 arhitra·
800 4225 902 4303 dacos,
924 4235 957 4288 ut
981 4245 1082 4289 osores
1101 4226 1251 4288 idolorum
1274 4243 1402 4308 sperne·

189 4325 218 4380 (t)
236 4328 284 4370 net.
296 4325 319 4384 t,
334 4325 371 4371 ll.
550 4328 581 4388 (2)
597 4331 628 4377 lo.
643 4333 665 4391 l,
680 4333 719 4378 at.
830 4333 905 4390 thale.
920 4334 990 4384 252.
1005 4333 1078 4381 ento.
1097 4335 1115 4395 t,
1126 4336 1163 4382 tei.
