2928 4734
400 191 474 238 raas
491 192 524 237 ιι.
544 191 646 238 ιιιιιο
665 192 697 238 ιι.
717 191 810 238 uarur
828 193 860 239 ιι.
1156 149 1295 430 m

55 265 128 342 nitas,
143 266 180 330 uli
197 265 226 329 in
246 267 329 332 cultu
357 267 463 348 Bacchi
481 277 511 330 et
527 267 628 332 Vene·
669 269 798 332 dandum
815 287 891 346 esse,
912 268 964 351 qui
980 285 1080 332 coram
1096 287 1154 351 pop
1255 283 1272 329 o

55 351 226 426 ris-nulla
244 354 432 432 superstitio,
445 353 487 414 uti
503 353 627 414 incultu
669 371 763 434 aeque
784 371 819 414 ac
837 371 937 414 coram
962 371 1029 431 rege
1050 353 1172 434 Aegypti
1197 369 1214 412 c
1254 405 1257 412 .

55 434 120 496 lsidis
136 435 374 514 deprehenditur,
396 437 447 498 sed
472 437 573 498 omnia
591 437 628 498 ad
669 446 781 500 stanter
797 455 891 518 usque
916 436 951 498 ad
979 445 1102 500 mortem
1123 435 1272 517 professus

52 519 253 598 promovendam
289 522 461 598 religionem
479 527 509 582 et
527 538 628 582 mora·
670 531 725 598 est,
745 539 777 582 se
796 519 1031 582 extraordinario
1059 521 1147 582 modo
1172 537 1189 580 a
1211 517 1271 580 Deo

52 601 139 664 litatem
157 603 300 684 disposita
330 612 410 668 sunt.
434 603 518 665 Ritus
547 605 626 666 enim
669 614 817 680 vocaturn,
832 603 1270 666 instructumetmissuvnesse.

52 703 133 746 omnes
146 705 179 748 eo
194 688 371 763 tendebant,
387 697 421 750 ut
435 689 481 750 vel
500 687 628 766 insignia
710 691 798 752 Noto.
818 687 1001 766 Religionem
1019 687 1180 749 mosaicam
1199 685 1271 747 varii

50 768 168 830 beneficia
189 790 206 833 a
224 770 289 833 Deo
312 773 422 852 populo
440 772 571 844 exhibita
597 772 628 834 in
669 773 727 834 iarn
748 772 894 834 increduli
918 771 1026 834 aeriter
1048 771 1270 852 impugnarunt.

50 855 195 914 memoriam
225 864 456 936 revocarentur,
475 855 520 918 vel
541 853 629 918 unius
669 855 839 928 -Tindal,
862 855 992 934 biorgum,
1011 854 1164 936 begienc
1183 871 1272 936 prae-

50 937 136 996 summi
152 937 201 1000 Dei
220 939 311 1002 iidem
340 940 509 1018 firmarent}
530 949 560 1000 et
582 938 628 1000 ιι·
669 942 756 1022 cipue
770 939 942 1016 Voltairius,
959 939 1044 1002 cuius
1062 939 1165 1014 dubia,
1185 937 1273 999 cavil-

49 1020 146 1082 raelitas
167 1023 254 1102 quasi
286 1023 389 1086 lraeuo
416 1043 433 1086 a
466 1021 626 1088 Gentilium
670 1026 806 1100 lationes,
828 1032 857 1086 et
878 1023 1062 1105 sophismata
1086 1019 1222 1103 repetiit,
1241 1028 1272 1082 et

50 1120 141 1179 mensa,
156 1106 320 1182 connubio,
341 1108 493 1184 altaribus,
511 1117 541 1170 et
557 1126 627 1170 cae·
670 1110 749 1170 iuxta
761 1107 907 1191 principia
917 1108 1036 1190 spuriae
1048 1125 1119 1168 suae
1134 1105 1273 1168 Philoso-

50 1190 165 1250 remoniis
183 1191 373 1266 cohiberent,
391 1192 434 1254 vel
447 1192 559 1253 rituum
575 1209 627 1254 evv-
670 1193 757 1274 phiae
772 1193 927 1273 proposuit
950 1191 1040 1270 Hegel
1065 1190 1125 1272 (l).
1151 1188 1273 1252 Praeci-

51 1278 116 1331 terno
138 1274 298 1354 splendore
323 1275 385 1336 veri
403 1275 456 1338 Dei
479 1293 627 1354 summam
671 1295 746 1358 puae
764 1277 868 1338 saltem
887 1275 1083 1351 difficultates,
1110 1293 1186 1356 quae
1205 1291 1272 1334 mo·

51 1355 209 1419 maiestatem
233 1359 272 1420 ad
298 1359 395 1420 vivum
421 1368 628 1440 repraesenta·
669 1369 785 1434 ventur,
797 1360 962 1421 audiendae
974 1368 1004 1421 et
1017 1360 1175 1422 solvendae
1190 1363 1270 1419 sunt.

50 1447 110 1514 rent,
127 1442 168 1502 vel
183 1444 330 1523 populum
352 1444 470 1517 rudem,
488 1452 517 1505 el
531 1443 628 1505 sensi·
713 1445 777 1508 Obi.
791 1445 820 1506 l.
832 1442 1046 1525 Mogseslleum
1061 1441 1199 1524 proponit
1219 1459 1273 1503 ae-

51 1519 137 1584 bilibus
151 1536 302 1588 assuetum
321 1527 359 1590 de
371 1528 436 1602 ,suis
453 1528 558 1590 officiis
573 1527 628 1590 ad·
671 1527 833 1590 mulatione
860 1538 890 1590 et
914 1527 1045 1606 egoisuvo
1064 1528 1202 1608 plenum,
1221 1523 1273 1606 qui

51 1623 192 1684 monerent,
211 1612 357 1691 puritatis¹
369 1612 504 1673 internae
522 1630 628 1673 neces·
671 1612 772 1674 omnia
789 1614 825 1674 ad
845 1631 876 1674 se
894 1611 1011 1678 trahere
1024 1611 1133 1686 studet,
1153 1620 1182 1674 et
1194 1611 1274 1672 solus

51 1688 155 1769 sitalem,
173 1706 202 1756 et
217 1695 399 1758 obtinendae
413 1696 630 1757 reconciliatio·
671 1698 810 1758 honorari
827 1695 933 1776 poscit.
950 1695 996 1757 Dii
1018 1695 1157 1776 Deaeque
1181 1693 1273 1772 genti·

51 1774 85 1833 nis
99 1777 189 1838 media
206 1779 383 1854 edocerent,
396 1781 440 1841 vel
458 1781 562 1842 saltem
577 1778 629 1840 lu·
672 1782 765 1856 lium,
783 1780 940 1862 praecipue
962 1778 1154 1855 Graecorum,
1180 1779 1273 1840 multo

51 1856 134 1918 dueum
155 1879 172 1921 a
192 1860 303 1925 Gentili
323 1864 548 1942 distinguerent:
569 1863 629 1924 imo
673 1865 863 1926 humaniores
875 1864 1096 1926 describuntur.
1108 1862 1177 1924 ldeo
1193 1863 1272 1923 nulla

52 1944 170 2006 nonnulla
192 1946 329 2010 ordinata
347 1948 451 2022 fuisse,
474 1957 507 2009 ut
532 1947 629 2010 lelici·
670 1969 742 2028 gens
761 1956 820 2010 tarn
840 1949 1011 2030 frequenter
1028 1966 1045 2008 a
1062 1947 1124 2009 Diis
1139 1945 1201 2008 suis
1219 1946 1272 2009 de·

52 2025 90 2084 tali
111 2031 288 2109 temporali,
313 2033 359 2093 vel
388 2031 476 2094 etiam
510 2031 630 2093 sanitati
671 2033 753 2109 lecit,
776 2033 820 2094 uti
839 2031 989 2094 Israelitae
1008 2050 1025 2092 a
1041 2029 1102 2094 Deo
1122 2049 1187 2093 suo.
1329 2028 1334 2039 '

51 2110 176 2186 provisum
195 2115 244 2190 sit,
258 2133 362 2192 graves
374 2124 510 2203 puotores
528 2125 629 2176 osten·
711 2119 797 2198 Resp.
817 2116 891 2179 'lota
904 2115 1018 2193 Hegelii
1034 2115 1162 2177 obiectio
1180 2113 1272 2177 oritur

53 2190 549 2278 tenncnlicnaelisScaudiana).
562 2201 630 2262 Hie·
671 2222 706 2265 ex
723 2203 798 2264 salso
819 2202 991 2282 supposito,
1008 2199 1087 2281 quod
1111 2197 1190 2262 Deus
1213 2217 1272 2262 non

52 2278 183 2344 catolicos
209 2301 331 2371 quoque
357 2292 419 2346 tum
443 2283 628 2362 religiosum,
671 2287 709 2348 sit
727 2286 783 2347 nisi
800 2311 826 2342 το
846 2285 974 2364 cogitare
993 2301 1113 2365 purum,
1130 2302 1184 2344 seu
1198 2283 1273 2346 ratio

55 2365 100 2419 tum
120 2363 218 2443 civile,
251 2368 362 2429 finibus
386 2368 445 2429 iam
471 2367 631 2430 nominatis
671 2369 889 2451 impersonalis,
902 2368 1102 2450 quaeabsque
1115 2366 1206 2429 dubio
1219 2385 1273 2430 nec

54 2443 117 2538 valde
128 2451 382 2513 accommodatum
400 2451 466 2514 luit.
476 2486 519 2498 -
532 2451 629 2514 Erdi-
670 2456 796 2532 cultum,
806 2473 862 2516 nec
875 2453 1075 2515 obedientiam
1084 2452 1200 2530 exigere
1211 2460 1271 2532 pot·

55 2534 95 2587 clvs
113 2530 165 2594 iam
184 2545 321 2616 apparet,
348 2534 496 2616 Religioni
519 2536 630 2598 mosai-
671 2547 725 2602 est.
742 2537 798 2601 Sed
812 2539 837 2600 si
855 2539 933 2600 Deus
945 2537 1116 2599 existit-eus
1131 2536 1271 2617 primum,

53 2625 93 2704 cae
107 2614 286 2680 characteres
313 2619 445 2682 internos
462 2619 629 2682 Revelatio-
671 2624 851 2700 absolutum,
867 2639 974 2698 unum,
988 2621 1155 2701 personale,
1175 2621 1272 2682 infini-

55 2709 89 2754 ms
106 2705 161 2760 torn
191 2703 369 2780 negativos,
401 2713 463 2765 tum
491 2704 631 2784 positivus
673 2707 710 2769 tis
734 2705 969 2788 perlectionibus
991 2705 1181 2785 praeditum,
1206 2721 1272 2764 om·

55 2784 196 2848 convenire.
208 2787 318 2848 *Ast
336 2795 395 2850 tam
419 2804 542 2868 puram,
558 2808 630 2850 san·
672 2790 755 2853 nium
774 2809 873 2853 rerum
891 2789 1011 2854 Creator
1028 2798 1058 2851 et
1075 2787 1271 2860 Gubernator,

55 2869 123 2955 llam,
139 2869 349 2951 erroribusque
373 2880 522 2952 expertem
547 2871 630 2934 Reli·
671 2876 735 2956 ipsa
753 2894 825 2938 sana
837 2874 912 2937 ratio
930 2873 995 2955 (seu
1014 2873 1078 2954 ipse
1089 2871 1162 2934 deus
1181 2870 1272 2948 hege·
1307 2901 1315 2914 ·

55 2949 300 3018 nouisdoctrinam
314 2954 629 3036 Mogseseotempore,
672 2960 782 3039 lianus)
801 2959 941 3041 postulat,
962 2965 995 3018 ut
1016 2956 1060 3018 illi
1080 2973 1196 3016 summa
1219 2971 1271 3015 ae-

55 3044 98 3104 ll¹⁰
111 3039 204 3116 populi
223 3057 337 3116 ornnes,
355 3057 518 3120 eorumque
541 3041 632 3104 duces
672 3045 820 3119 stimatio,
846 3041 1017 3104 obedientia
1035 3047 1064 3100 et
1081 3039 1201 3101 dilectio
1219 3056 1272 3098 ex·

56 3118 245 3209 tlsacerdotes
264 3122 345 3184 vanis
363 3132 393 3186 et
406 3123 507 3204 impiis
523 3142 631 3206 super·
673 3127 857 3207 hibeatur(§.
873 3127 940 3204 dtil:
958 3125 1046 3186 talem
1063 3132 1161 3184 autem
1175 3122 1271 3184 Deum

54 3202 199 3268 stvtvouihus
215 3205 422 3281 inhaerebant,
441 3207 499 3270 sibi
509 3209 632 3271 relictus
672 3231 740 3274 vere
757 3212 899 3286 existere,
919 3217 966 3271 sat
982 3207 1076 3270 solida
1098 3215 1273 3286 argumenta

56 3294 96 3354 per
113 3285 179 3350 vires
204 3291 301 3351 solum
319 3292 469 3354 naturales
486 3293 630 3371 iuvenire,
673 3295 798 3375 probant
814 3295 853 3376 (ς.
869 3293 909 3356 ιιι
919 3301 949 3354 et
963 3293 1055 3374 seq.):
1074 3290 1185 3373 Moyses
1201 3309 1272 3372 ergo

56 3378 207 3449 proponere,
224 3382 254 3435 et
271 3374 302 3436 in
315 3376 430 3456 populo
448 3395 502 3438 suo
521 3396 631 3457 propa·
672 3379 831 3461 optimam,
856 3377 1003 3457 uniceque
1028 3376 1126 3440 veram
1152 3375 1188 3438 de
1211 3376 1272 3438 Deo

56 3461 107 3519 tlte
118 3472 169 3518 uon
183 3456 340 3538 potuisset.
357 3458 442 3523 Certe
456 3461 536 3522 enim
550 3460 630 3542 biog-
672 3464 823 3526 notionem
842 3462 1006 3543 proposuit.
1022 3459 1086 3522 Non
1105 3461 1204 3522 miuus
1216 3479 1272 3522 au·

56 3543 89 3590 ιιι
104 3533 171 3630 hanc
187 3540 371 3618 Religionem
391 3544 543 3626 percipere
571 3565 631 3626 non
671 3556 729 3610 tem
742 3563 992 3627 vesonum,quam
1008 3545 1132 3625 impium
1143 3553 1200 3619 est,
1215 3565 1271 3606 no.-

57 3623 129 3687 poton
145 3622 174 3685 in
191 3625 334 3706 Aegypto,
358 3627 411 3688 ubi
429 3630 556 3709 populus
575 3649 630 3711 po·
672 3630 757 3709 tioni,
777 3631 917 3712 quamde
935 3646 1003 3691 vera
1019 3627 1177 3692 diivinitate
1194 3629 1273 3690 sistit

58 3692 187 3774 lllbeismo
210 3718 239 3771 et
257 3727 373 3773 crassae
385 3711 569 3776 idololatriae
582 3714 632 3778 de·
670 3716 791 3797 Mogses,
810 3732 993 3796 praeponere
1008 3715 1103 3790 illam,
1121 3732 1209 3794 quarn
1226 3721 1271 3773 te-

56 3775 114 3882 dtlls
128 3799 200 3869 erat,
213 3812 268 3856 nec
285 3793 316 3855 in
334 3793 463 3873 Madian,
482 3797 566 3859 ouius
580 3816 630 3860 re·
670 3819 762 3862 nuere
780 3797 896 3874 Graeci,
913 3797 963 3879 qui
981 3795 1079 3860 Iovem
1091 3796 1269 3874 adulterum,

57 3878 129 3935 dotas
151 3877 253 3956 religio
274 3877 375 3955 ignota
392 3889 455 3956 est,
475 3890 504 3943 et
522 3882 553 3942 in
571 3901 630 3964 qua
670 3883 813 3946 lunonem
832 3883 1004 3964 superbam,
1024 3881 1198 3943 Mercurium
1222 3880 1271 3939 lu·

57 3961 176 4040 ltslorem
192 3961 263 4039 egit.
284 3960 365 4038 lvleo,
385 3973 419 4024 ut
435 3983 524 4026 causa
546 3968 629 4029 sulli-
671 3986 732 4030 rem
751 3977 809 4029 etc.
827 3966 977 4044 colebant,
993 3974 1022 4026 et
1043 3965 1119 4027 Reos
1137 3963 1272 4042 Deosque

57 4043 117 4131 lttqs
131 4040 289 4124 Religionis
307 4047 454 4110 mosaicae
472 4047 628 4128 habeatur,
670 4052 729 4114 lato
753 4049 963 4112 subiiciebant.
990 4047 1049 4110 Nec
1075 4047 1181 4108 mirum
1209 4056 1271 4124 est,

56 4113 82 4173 td
96 4133 279 4190 mterventum
299 4127 488 4208 Divinitatis,
513 4151 565 4196 seu
592 4135 632 4196 ad
670 4133 920 4217 qnodlsraelitae
945 4134 1063 4213 saepius
1080 4150 1098 4192 a
1115 4128 1176 4192 Deo
1204 4149 1271 4208 suo,

56 4191 247 4274 Revelationem
258 4213 386 4275 divinam
400 4215 629 4293 confugiendum

56 4291 98 4363 st,
115 4290 229 4378 ipsaque
254 4297 330 4360 ratio
348 4298 433 4377 dicit,
455 4297 546 4384 Rogsi
562 4320 629 4390 cre·
670 4326 750 4375 suns.
765 4325 930 4388 repugnes
945 4322 1053 4382 ninaodt
1067 4322 1134 4392 ⁴8⁴2,

699 4265 732 4326 ll)
747 4265 782 4314 ct.
794 4265 886 4324 Regale,
911 4265 986 4312 Lelvra
1006 4275 1051 4308 von
1068 4263 1112 4309 der
1126 4263 1234 4325 lteltglon
1249 4281 1265 4315 u
