2930 4736
223 201 289 270 itii
554 277 558 284 ,
630 219 996 268 rmnsosusorrtsmun
1053 193 1133 295 'pff'

186 313 266 376 qnae
285 296 381 376 ipsum
401 296 564 377 damnarit,
583 299 654 382 quia
671 301 707 364 in
721 317 787 364 om·
1062 303 1094 376 8·
1117 307 1192 358 Μ·

183 379 274 442 mm
292 381 390 464 &mii
405 391 532 448 mmm
546 392 662 448 mm
682 393 738 461 ω’
759 391 788 449 θ’
924 426 952 474 ll
967 425 1001 473 bs
1012 427 1121 474 mactilla
1135 423 1331 484 particularibus.

184 480 277 543 empto
294 465 433 612 &ponne
448 469 654 549 confinnooit,
673 467 735 534 imo
752 465 785 532 S.
983 543 986 548 ,
1339 540 1346 550 ,

184 541 320 628 spurtus
363 551 469 614 onorio
493 560 527 614 ut
549 553 658 620 ceteris
678 551 786 616 haere·
867 545 1041 610 Auctoritas
1055 542 1248 608 moenum
1269 542 1436 622 particula·

184 629 252 692 ticis
270 633 430 704 anathema
447 634 532 698 dixit.
826 630 905 694 rium
924 628 1023 694 tribus
1047 623 1303 709 propositionibus
1326 624 1434 688 deter-

224 713 312 802 iterp.
332 713 466 800 Spuudus
483 718 521 782 Vl
539 717 705 782 Honoriurn
727 718 785 784 da·
825 714 938 778 minum
952 721 1061 795 potest·
1080 708 1311 774 &nuiliacum
1333 712 1432 790 ΜΠ·

183 801 310 877 muniit,
326 818 386 864 non
401 802 479 883 quia
491 802 628 867 haeresin
647 803 744 866 tenuit
755 811 786 866 et
824 799 938 864 colaria
955 815 1011 879 per
1027 814 1058 860 se
1074 795 1252 876 irtialtibt'iid
1266 811 1333 890 non
1344 805 1434 870 ennt;

183 881 306 961 docuit,
326 884 379 948 sed
396 887 468 966 quia
487 887 585 950 eidem
603 905 665 950 non
681 887 784 952 debito
822 892 892 948 aunt
912 891 1011 946 umen
1028 897 1156 962 mopnoe
1171 881 1380 952 annuntiotis,
1401 889 1432 942 et

183 966 274 1032 modo
292 969 422 1047 restitit,
441 968 494 1032 sed
517 971 708 1034 conniventia
729 990 784 1036 sua
823 967 998 1048 infallibilia
1015 967 1103 1041 liunt,
1121 965 1148 1026 si
1164 963 1316 1026 Ecclesiae
1337 964 1431 1027 totius

183 1067 249 1113 cam
269 1051 352 1114 torit.
376 1050 462 1116 llunc
480 1073 544 1118 esse
562 1054 685 1118 Consilii
711 1074 784 1118 sen·
823 1049 1131 1116 consensusnccedot.

183 1151 250 1196 sum
265 1134 397 1204 declarat
407 1137 524 1218 Apelleo
537 1139 569 1200 in
585 1158 640 1202 sua
656 1139 691 1202 ad
704 1139 784 1204 Cno-
867 1137 897 1198 l.
917 1134 1048 1199 concilia
1064 1131 1256 1214 particularia
1273 1141 1432 1195 sonteon·

183 1217 347 1282 stantinuto
366 1217 551 1299 Pogooatum
572 1221 706 1304 Epistola
729 1221 784 1305 Sp·
824 1229 930 1284 neotus
953 1217 1129 1282 Praesulum
1155 1216 1431 1280 ecclesiasticorum

159 1381 161 1389 Ι
182 1302 253 1363 nodi
272 1299 310 1367 Vl
327 1307 550 1370 confirmatoria
564 1307 677 1370 dicens:
694 1308 784 1372 Ano·
824 1323 859 1368 ex
871 1304 1093 1384 aliquataotum
1103 1301 1432 1382 Ecclesiaepartocdn·

159 1401 162 1408 ’
183 1385 413 1452 tltentotinonns
430 1391 502 1452 nooi
518 1392 632 1454 erroris
647 1393 784 1456 t'nocnto·
823 1399 1011 1467 gregatorum
1032 1385 1070 1448 ad
1089 1385 1207 1463 negotia
1225 1385 1432 1448 encaustae

181 1470 489 1552 renidentSerpr'not,
502 1475 786 1556 Theodornml'pr·
825 1470 1034 1555 pertractanda
1045 1470 1176 1549 optume
1188 1469 1334 1531 instituti.
1344 1469 1432 1533 Cirri-

180 1553 272 1618 rltrrm
286 1564 359 1631 etc,
371 1575 487 1622 nectton
502 1567 529 1622 et
541 1559 722 1637 Honorino,
733 1561 786 1640 poi
824 1566 887 1620 stus
911 1575 981 1620 tero
994 1573 1080 1618 suam
1103 1562 1134 1616 et
1150 1551 1281 1636 Spiritus
1296 1551 1334 1616 Sa
1350 1555 1431 1615 asi·

182 1636 261 1700 tnnc
277 1639 467 1718 apostoticam
483 1643 644 1708 Ecclesium
661 1663 722 1710 non
746 1661 784 1710 o·
823 1639 963 1706 stantiam
978 1638 1138 1703 uniuersali
1149 1646 1264 1700 mutum
1277 1637 1431 1700 Ecclesiae

180 1722 336 1801 portatione
352 1727 525 1790 traditionis
549 1728 688 1794 doctrina
710 1729 784 1792 ntu·
824 1725 944 1788 docenti
972 1722 1129 1806 promisit3
1155 1731 1333 1800 argumenta
1357 1739 1431 1802 engo

181 1806 303 1886 rtrooit,
320 1809 370 1871 sed
386 1812 518 1890 profano
542 1813 703 1878 traditione
724 1814 785 1879 int·
824 1829 885 1872 non
903 1817 1079 1890 suppetunt,
1099 1806 1210 1888 quibus
1232 1806 1432 1868 conciliorum

181 1892 361 1956 nrocttlotom
378 1895 526 1958 nmcumri
545 1898 682 1975 permisit
693 1919 708 1972 ;
719 1916 784 1960 non
825 1894 1051 1976 particularium
1064 1891 1430 1973 intullibilitasprobetur.

182 1992 252 2053 ergo
266 1976 330 2056 ipse
344 1978 513 2055 maculavit,
527 1980 577 2041 sed
595 1999 650 2042 suo
665 1981 784 2046 silentio
824 1977 936 2042 Horum
960 1977 1082 2040 decreta
1101 1975 1235 2038 Ecclesia
1252 1985 1292 2038 ut
1307 1975 1431 2060 ululatii·

183 2059 329 2122 maculari
352 2061 497 2142 permisit.
514 2062 551 2125 Et
568 2064 626 2127 Len
643 2065 677 2128 lt
692 2065 730 2134 in,
741 2061 784 2128 E·
824 2062 897 2127 bitia
921 2071 952 2124 et
978 2059 1194 2139 irrefragabilia
1220 2078 1281 2121 non
1307 2058 1429 2120 habuit.

181 2140 254 2224 pist.
278 2143 315 2204 ad
334 2143 498 2226 Episcopos
519 2145 680 2227 Hispaniae
698 2149 782 2224 dicit,
824 2145 964 2218 Quamvis
975 2145 1042 2208 ideo
1053 2161 1196 2226 persaepe
1207 2142 1430 2206 baereticorum

183 2225 786 2314 damnatumtuisseiionoriompnillom·
824 2249 941 2294 errores
957 2230 1016 2292 iant
1035 2228 1068 2290 io
1083 2227 1219 2290 conciliis
1237 2227 1431 2308 particulari·

183 2327 264 2374 mont
280 2313 419 2376 tonetict'
436 2313 579 2394 onomatis
596 2334 670 2393 non,
686 2319 783 2382 atde·
824 2315 882 2378 itus
897 2313 1048 2389 damnati,
1068 2321 1098 2375 et
1116 2312 1256 2390 dogmata
1279 2312 1430 2374 catlrotiea

182 2395 244 2458 enit
262 2397 450 2474 apostoticam
467 2401 685 2473 dormitantem,
704 2403 783 2466 inei-
823 2399 955 2462 stabilita
966 2398 1104 2471 luissent,
1119 2415 1167 2458 res
1179 2403 1281 2461 [amm
1295 2397 1430 2458 nullate-

182 2477 311 2558 piantem
319 2481 520 2558 collactanei
528 2484 708 2566 ncptipentio
716 2503 784 2550 con·
823 2503 880 2546 nus
898 2483 1033 2546 centena
1052 2480 1228 2562 putabatur,
1240 2480 1294 2542 sed
1307 2480 1429 2543 incon·

183 2562 267 2643 fovit.
288 2561 454 2645 imperator
472 2567 535 2647 ipse
553 2569 583 2630 in
608 2589 663 2632 sun
685 2569 783 2632 edicto
823 2567 901 2633 ciliis
918 2565 1109 2646 generalibus
1127 2565 1228 2626 omnia
1246 2564 1284 2626 de
1301 2583 1377 2626 noro
1392 2584 1428 2627 e·

183 2646 277 2723 dicit,
303 2645 468 2710 Honorium
492 2651 665 2715 damnatum
690 2653 784 2718 luisse
822 2651 974 2714 xanrinata
992 2660 1022 2714 et
1042 2648 1164 2716 definita
1187 2649 1324 2726 iumuutr
1342 2650 1429 2712 etsie

182 2749 244 2796 noo
260 2741 292 2792 ut
311 2731 443 2796 haeresis
459 2744 611 2798 auctorem
631 2747 661 2800 et
677 2737 784 2810 docto·
823 2736 944 2800 deorum
960 2754 1008 2798 res
1021 2735 1105 2796 finita
1120 2731 1310 2795 censebatur.
1322 2731 1428 2796 Conci·

181 2832 244 2878 rem
259 2861 269 2893 ,
287 2816 339 2878 sed
363 2825 395 2878 ut
420 2817 553 2880 eiusdem
569 2821 727 2884 ,fautorem
754 2830 785 2884 et
824 2819 864 2884 iia
876 2819 1067 2901 particularia
1080 2817 1249 2880 infallibilia
1266 2834 1327 2877 non
1348 2836 1425 2894 asse,

139 2966 142 2972 ,
182 2900 435 2964 conlirmatorem.
454 2899 581 2965 Mentem
601 2923 670 2966 vero
688 2903 784 2983 Sergii
823 2900 1333 2985 apertissimeconstutonhistoria,
1350 2920 1428 2982 quae

182 2992 303 3046 secutus
313 2991 358 3046 est
370 3004 429 3046 non
443 2985 471 3046 in
484 2986 548 3067 ipsa
558 2987 782 3070 haeresi,quam
826 2989 894 3050 talin
909 2987 1044 3065 exhibet,
1057 2985 1322 3067 iniquibuscontra
1337 2986 1426 3048 tidem

181 3066 359 3130 valentimus
369 3065 540 3132 Patriarclra
551 3072 721 3148 occultavit,
732 3073 784 3136 sed
824 3081 953 3134 erratum
973 3081 1030 3134 est.
1055 3067 1104 3132 Sic
1120 3075 1258 3131 errarunt
1277 3069 1335 3131 tria
1350 3088 1426 3131 con·

182 3149 213 3212 in
226 3151 352 3212 consilio
366 3150 403 3214 de
415 3153 574 3218 indicendo
586 3156 717 3231 silentio,
731 3176 785 3238 per
824 3156 894 3218 cilia
924 3153 1163 3233 cartilaginensia
1192 3150 1248 3216 sub
1279 3151 1427 3234 Cypriane

183 3234 263 3312 quod
278 3253 401 3316 serpens
420 3255 502 3298 error
519 3238 649 3302 nutritus
664 3249 693 3302 et
705 3260 783 3320 quo·
823 3239 996 3318 celebrata,
1013 3238 1172 3320 inquibus
1190 3235 1359 3317 baptismus
1387 3238 1426 3299 ab

183 3317 343 3381 dammodo
372 3321 564 3384 confirmatus
590 3323 657 3386 init.
687 3322 784 3388 Rece-
825 3323 976 3386 haeretico
988 3324 1113 3387 collatus
1130 3319 1280 3384 invalidus
1292 3321 1426 3384 deciara-

182 3408 265 3480 ptum
279 3419 347 3463 vero
359 3404 524 3485 antiquitus
536 3414 612 3484 erat,
626 3417 659 3472 ut
676 3409 783 3472 boere—
823 3416 872 3470 tus
888 3415 944 3470 cst.

181 3484 309 3547 ticorttm
332 3487 452 3550 numine
470 3489 707 3568 significarentur
724 3504 781 3556 tam
865 3491 896 3554 t.
916 3490 1001 3554 Licet
1014 3496 1113 3558 numm
1125 3487 1426 3570 conciliaparticula-

183 3567 325 3630 haeretici
345 3572 465 3651 proprie
479 3574 563 3649 dicti,
576 3594 664 3654 qrram
679 3593 781 3640 eorum
823 3574 869 3638 ria
887 3576 1056 3638 infallibilia
1067 3593 1125 3636 nott
1144 3573 1215 3650 sint,
1230 3573 1427 3636 nibilominus

181 3652 324 3714 lautores.
344 3655 416 3716 Corn
436 3674 504 3718 vern
522 3655 782 3725 bionotlrelitarum
824 3677 948 3738 magnae
965 3669 1036 3727 sunt
1052 3658 1258 3734 auctoritatis,
1278 3659 1424 3720 muttum-

183 3737 343 3812 iautorem,
356 3736 410 3797 etsi
426 3738 581 3821 deceptus,
593 3761 626 3804 se
637 3743 783 3806 extribue—
822 3763 882 3824 que
899 3743 1105 3806 conteruntad
1122 3742 1189 3803 trdei
1205 3742 1344 3820 dogmata
1358 3761 1428 3823 pro·

181 3819 782 3897 ritHonorius‚ideoaConcilioutime-
824 3826 1091 3907 inundationum)
1109 3825 1254 3888 iudicium
1273 3825 1425 3888 Ecclesia-
1458 3839 1459 3876 t

181 3904 294 3966 reticus
313 3904 470 3966 damnatus
492 3917 559 3972 est:
584 3911 651 3973 eius
672 3931 780 3976 nornen
822 3907 1449 3994 rumparticulariuminagnampraesurn·'

182 4007 198 4050 e
218 3987 344 4070 diptycis
369 3993 570 4069 expnrrctum,
589 3995 697 4075 scripta
721 3996 783 4074 igni
824 3997 934 4060 tionem
955 3996 1087 4058 raritatis
1106 3993 1206 4069 habet,
1225 3997 1424 4074 quiaannun·

183 4073 302 4148 tradita,
316 4090 351 4134 eo
364 4073 442 4153 quod
455 4074 521 4136 aliis
533 4077 654 4140 exitium
669 4080 782 4162 impur-
824 4082 924 4142 tiaram
950 4080 982 4142 in
1000 4081 1036 4142 iis
1059 4079 1223 4140 doctrinam
1247 4080 1425 4160 perdurasse
1457 4135 1458 4142 ,

184 4156 320 4247 taverint.
338 4153 428 4219 Recte
447 4177 515 4222 nero
535 4161 668 4224 Ecclesia
685 4164 782 4243 quod·
823 4163 1095 4238 concentonem,
1129 4181 1206 4243 quae
1242 4162 1425 4244 praesumtio
1457 4143 1458 4181 ¹

183 4254 227 4296 ris
241 4251 392 4318 peccatum
408 4242 504 4322 punit,
517 4245 586 4308 fidei
602 4246 783 4318 orthodoxae
824 4267 877 4329 pro
897 4266 1039 4324 numeru,
1056 4256 1085 4309 et
1106 4247 1250 4325 dignitate
1274 4247 1426 4309 Ecclesiu-

185 4319 310 4382 atlerens
327 4323 481 4392 damnum.
674 4413 678 4422 ,
822 4351 887 4394 rum
907 4333 1025 4396 crescit.
1055 4331 1088 4412 b)
1111 4330 1251 4416 Episcopi
1269 4350 1377 4396 ornnes
1397 4341 1428 4394 et
