2928 4734
216 187 280 252 250
615 153 800 252 rueouocmu
822 199 985 248 cumulos
1049 235 1054 244 .

167 281 316 348 Ecclesiae
338 283 483 365 landarit3
503 284 582 349 idem
600 284 724 363 Paulos,
744 294 774 349 et
812 293 877 346 crat
894 285 935 366 (5.
957 282 1043 364 115).
1061 282 1158 366 bique
1172 282 1249 348 sicut
1267 281 1426 362 vaticinia,

166 368 276 452 reliqui
290 370 425 452 Apostoli
442 373 473 432 in
490 371 579 432 variis
600 371 682 433 orbis
702 389 773 451 par·
812 387 891 450 quae
901 367 990 430 unius
1004 367 1059 429 riri
1074 369 1146 442 lota,
1159 385 1178 428 o
1193 369 1286 429 libera
1301 369 1356 430 liei
1367 371 1428 430 hc-

167 451 248 514 tibus
259 462 449 535 peregerunt,
462 463 492 517 et
506 455 549 517 sic
566 455 672 534 religio
688 455 773 516 chri·
812 452 989 536 minumque
1030 451 1181 514 voluntate
1220 450 1428 532 dependentia

166 535 264 598 stiann
285 538 442 602 celerrime
469 537 581 620 ubique
611 548 773 620 propagata
812 553 880 598 cum
893 533 1018 600 minutis
1031 534 1262 597 circumstantiis
1272 543 1343 598 ante
1357 538 1427 617 plu-

166 618 234 681 luit.
580 659 583 666 -
811 637 845 682 ra
857 620 977 682 saecula
992 619 1217 701 praedicebant,
1231 619 1354 681 uortnisi
1365 621 1427 681 vir-

209 704 239 766 8.
259 701 428 786 Stephanus
450 705 567 768 ludaeis
585 705 704 786 publice
721 705 772 768 in·
813 711 874 766 tute
888 704 988 766 divina
1004 703 1117 785 prolata
1132 713 1214 780 sunt,
1232 703 1276 764 sic
1292 703 1324 765 in
1338 701 1427 767 Chri·

165 785 314 851 clamnvit:
325 790 418 868 licre
434 791 553 864 cervice,
566 798 593 852 et
607 790 771 856 t'ttcircrtm-
811 797 856 850 sto
876 788 1037 870 adimpleta
1055 785 1200 866 Religioni
1216 785 1336 868 abipso
1358 798 1424 850 tra·

162 870 232 934 cist'r
248 872 386 936 cordibae
410 881 437 936 et
460 874 603 950 caribus,
623 891 674 937 ees
691 891 770 936 sem·
811 871 891 934 ditae
908 872 1038 951 sigillum
1061 869 1224 933 divinitatis
1243 871 1422 952 imponunt.

160 971 217 1034 prr
240 956 371 1037 Spiritui
389 958 495 1022 Sancto
519 958 673 1032 cariathim
694 959 770 1022 sicut
810 954 912 1038 Neque
930 957 1010 1019 enim
1027 955 1264 1017 humanosclum
1282 956 1421 1034 ingenio,

160 1047 263 1117 putres
286 1042 399 1118 uestri,
427 1041 471 1104 ito
500 1049 528 1105 ct
555 1060 605 1105 coc
627 1043 686 1124 (t).
716 1042 769 1105 Iu·
810 1040 856 1102 rel
874 1041 1001 1103 naturali
1016 1039 1164 1101 industria
1179 1039 1243 1100 heri
1258 1039 1421 1120 potuisset,

164 1121 771 1207 dacisblasphemantibus,etpersecutio-
810 1131 843 1186 ut
861 1142 966 1186 omnes
995 1122 1168 1205 prophetiae
1192 1123 1363 1185 messianae
1391 1124 1423 1186 in

161 1222 231 1267 nem
244 1208 442 1271 excitantibus
453 1208 564 1272 Paulus
578 1219 608 1272 et
619 1210 770 1273 barnabas
809 1204 928 1270 Christo
950 1207 1203 1288 adimplerentur,
1228 1207 1306 1288 quod
1326 1226 1421 1290 prae-

161 1289 313 1355 dixerunt:
348 1293 434 1356 Vobis
461 1295 608 1374 oportebat
633 1295 770 1375 primum
810 1291 897 1372 cipue
923 1291 960 1354 de
987 1293 1047 1354 illis
1068 1290 1226 1352 dicendum
1252 1300 1318 1367 est,
1337 1310 1422 1372 qnae

161 1372 243 1454 lopati
265 1377 386 1439 omiem
403 1377 470 1453 Dei,
486 1379 537 1442 sed
557 1379 699 1458 potorium
716 1397 768 1440 re-
809 1375 997 1438 characteres
1011 1374 1155 1457 positivus
1167 1375 1370 1452 assignent,e.
1386 1395 1418 1454 g.

159 1459 269 1537 pellitis
285 1460 374 1538 illud,
390 1467 416 1522 ct
431 1462 632 1543 irdt'pnescos
649 1463 768 1526 iudica·
808 1459 1033 1541 conceptionem
1059 1477 1095 1520 ex
1119 1458 1243 1536 virgine,
1268 1460 1421 1540 patratio-

162 1541 201 1603 tic
224 1551 361 1606 ememor
382 1545 468 1622 ritae,
489 1563 551 1610 ecce
570 1548 769 1610 convertimur
808 1561 876 1605 nem
896 1543 1124 1620 miraculorum,
1143 1543 1223 1604 varia
1239 1543 1419 1623 passionum

160 1626 310 1706 odpcntcs
328 1627 388 1708 (b).
413 1625 542 1692 Historia
565 1630 768 1693 ecclesiastica
806 1645 928 1706 genera,
944 1627 1420 1690 resunectionemetchxadim·

161 1719 388 1789 commonstrat,
399 1712 524 1775 ludaeos
540 1733 647 1794 magna
655 1733 688 1776 ex
701 1733 768 1797 par·
807 1712 894 1792 pletis
913 1713 944 1773 in
962 1710 1078 1774 Christo
1109 1711 1257 1772 vaticiniis
1284 1710 1420 1789 dignitas

161 1799 191 1852 te
208 1791 239 1853 in
256 1793 464 1859 incredulitate
492 1799 712 1879 permansisse,
737 1806 767 1862 et
807 1793 1421 1877 quoqne,etexcellentiaReligionischri·

158 1884 281 1955 gentes,
305 1879 491 1944 idololatriae
509 1882 635 1960 deditas,
655 1893 765 1945 rectam
806 1879 921 1942 stianae
942 1880 1069 1942 maxime
1087 1878 1249 1958 conspicua
1265 1879 1417 1957 redditur,

159 1960 249 2022 tidem
269 1964 445 2045 suscepisse.
602 2015 606 2019 .
805 1981 894 2044 quae,
913 1972 1057 2045 quantum
1077 1963 1113 2026 ad
1135 1962 1345 2038 substantiam,
1367 1963 1417 2026 cli-

201 2046 233 2108 9.
250 2044 351 2125 Regno
369 2047 489 2124 Christi,
510 2067 562 2112 seu
578 2049 729 2113 Ecclesiae
748 2069 765 2112 a
805 2066 891 2109 versa
909 2047 987 2109 lreud
1012 2057 1057 2109 est
1075 2066 1092 2109 a
1111 2046 1255 2125 religione
1282 2047 1418 2128 patriar-

158 2125 276 2191 Christo
304 2130 458 2195 institutae
483 2133 601 2196 duratio
622 2143 766 2215 perpetua
805 2132 898 2207 chali,
917 2149 996 2213 quae
1018 2151 1086 2194 nrcx
1103 2131 1201 2211 coepit
1223 2129 1292 2192 inde
1312 2149 1330 2192 a
1349 2132 1417 2212 pri·

159 2211 350 2278 adscribitur.
382 2215 512 2296 Angelus
545 2219 624 2279 enim
656 2215 766 2280 Christi
805 2233 922 2277 morum
942 2216 1097 2277 hominum
1126 2215 1224 2295 lapsu,
1244 2232 1343 2294 neque
1366 2216 1416 2277 di·
1459 2265 1460 2290 ,

160 2298 384 2380 conceptionem
399 2301 580 2363 annuntians
592 2300 702 2364 blaciae
715 2302 764 2363 di·
804 2306 941 2380 screpot,
969 2299 1165 2361 substantiam
1188 2297 1213 2359 si
1241 2307 1373 2379 spectes,
1399 2319 1416 2362 a

158 2379 224 2441 xit:
244 2383 339 2462 licpri
363 2384 427 2446 eius
454 2402 516 2447 non
536 2386 593 2448 erit
614 2387 683 2466 pirric
702 2386 762 2467 (3).
803 2383 949 2462 religiono
973 2383 1003 2443 in
1022 2382 1057 2445 V.
1078 2383 1112 2445 Τ.
1134 2381 1251 2444 Iudaeis
1267 2384 1416 2465 praescri·

70 2475 75 2492 ·
158 2461 293 2526 Christus
307 2467 372 2547 ipse
397 2467 432 2528 ad
452 2467 572 2530 Petrum
594 2469 680 2532 dixit:
704 2471 764 2533 Su-
806 2476 855 2548 pta
880 2468 940 2548 (l).
964 2465 1098 2529 Christus
1111 2468 1191 2528 cuim
1209 2467 1308 2528 omnis
1325 2486 1414 2530 rere-

157 2561 212 2626 p'er
228 2551 764 2633 honopetromoedificaboh'cclesiem
806 2551 936 2626 lationis,
958 2549 1130 2614 lierninibus
1147 2568 1319 2628 concessae,
1337 2570 1414 2612 cen·

158 2649 266 2708 meum,
285 2642 312 2697 et
328 2643 431 2713 pcrtec
447 2638 541 2718 inferi
558 2657 620 2700 trote
636 2655 764 2718 praeco-
804 2643 883 2696 trum
899 2644 955 2711 est,
972 2655 1030 2716 qrtu
1050 2636 1146 2717 posito
1166 2635 1268 2696 omnia
1280 2635 1311 2695 in
1330 2635 1413 2716 opti-

159 2713 260 2779 lehartt
276 2719 419 2782 ademeris
433 2740 497 2783 eom
525 2721 584 2802 (l).
615 2723 652 2784 Et
669 2722 707 2783 ud
721 2722 763 2782 Α·
804 2737 942 2780 moneto
953 2717 1213 2800 pulcherrimoque
1225 2719 1332 2780 ordine
1343 2738 1414 2780 cou-

158 2801 307 2879 pcstnlos,
329 2821 404 2884 quos
423 2805 460 2866 ad
479 2806 645 2866 docendum
669 2806 762 2882 misit,
803 2803 931 2880 sistunt,
954 2822 1012 2883 quo
1031 2804 1166 2878 sublato,
1190 2803 1312 2876 omnia,
1334 2821 1412 2884 quae
1457 2871 1458 2874 Ἴ

159 2882 212 2944 ait:
232 2886 306 2948 Elcce
319 2905 371 2968 epo
387 2890 534 2952 nobiccum
551 2907 617 2952 sum
629 2890 764 2952 omnibns
804 2887 934 2948 divinam
955 2905 1024 2965 erga
1041 2887 1177 2949 homines
1195 2886 1359 2948 bonitatem
1376 2905 1411 2947 o·
1457 2881 1458 2892 ’

159 2967 260 3031 dicbttc
291 2989 383 3050 cepae
416 2974 455 3036 cd
484 2975 765 3051 consummationem
805 2971 959 3046 stendunt,
979 2970 1153 3052 perturbata
1172 2979 1261 3052 atquc
1284 2971 1412 3032 subver-

158 3053 268 3117 ttecttlt'
285 3055 299 3136 (
320 3058 345 3137 ).
558 3089 561 3098 ‚
805 3074 838 3116 sa
854 3055 1082 3136 conspiciuntur
1097 3055 1158 3135 (8).

827 3140 925 3202 hlotc
943 3140 972 3200 l.
991 3138 1125 3201 Christus
1142 3138 1230 3200 etiam
1246 3139 1362 3218 flpttrua
1374 3135 1408 3198 t.

138 3273 142 3302 ,
395 3193 532 3305 ‘2¹⁴⁸'
805 3221 840 3282 Τ.
860 3231 923 3283 tutu
942 3224 1132 3302 paroeciales,
1155 3231 1217 3283 lum
1246 3223 1341 3284 mutes
1368 3221 1408 3301 (ἕ.

138 3307 144 3346 ¹
385 3295 544 3341 ⁶⁰⁰¹¹¹¹⁰l¹¹²
807 3305 879 3382 tt3,
892 3325 924 3367 n.
939 3307 972 3386 2)
986 3306 1167 3388 adimplevit.
1181 3306 1211 3386 a)
1226 3305 1331 3368 Variae
1342 3323 1412 3383 pro·

140 3395 143 3403 ’
200 3377 303 3464 ltaque
326 3385 357 3446 in
384 3385 451 3448 lesu
478 3387 596 3452 Christo
614 3385 765 3452 Na‘eareno
806 3390 883 3452 lecto
901 3390 931 3451 in
950 3389 987 3454 ll.
1013 3390 1047 3452 Τ.
1069 3408 1213 3471 personne
1234 3391 1407 3464 extiterunt,

161 3483 265 3562 omnes
283 3467 489 3562 characteres,
515 3474 566 3554 qtri
595 3475 633 3536 cle
661 3474 766 3538 hiessia
806 3491 884 3555 quae
902 3474 1007 3537 miram
1026 3494 1094 3536 curn
1112 3473 1227 3538 Christo
1245 3473 1411 3551 analogium

161 3551 303 3631 praedicti
323 3553 452 3627 luerent,
466 3556 619 3638 adimpleti
638 3559 764 3621 suntin
807 3559 1022 3639 praescierunt:
1037 3578 1065 3621 e.
1083 3577 1113 3638 g.
1130 3567 1210 3620 sexto
1224 3559 1273 3619 die
1291 3567 1412 3619 creatur

161 3634 768 3723 nulloautemalioillosodimplotosccr·
806 3643 961 3720 Adnmus,
992 3652 1074 3704 sexto
1102 3643 1151 3705 die
1177 3651 1301 3704 inertem
1332 3640 1411 3703 subit

161 3716 205 3792 ni,
219 3717 274 3799 ipsi
285 3717 401 3797 ludaei,
417 3724 468 3803 qui
483 3724 549 3786 itleu
560 3725 694 3789 blessiam
710 3727 766 3788 at-
806 3724 951 3804 Christus3
971 3727 1137 3790 dormiente
1154 3727 1280 3802 Adamu,
1292 3735 1411 3805 sumpta

162 3800 219 3862 huc
235 3812 419 3884 exspectant,
432 3816 636 3871 contestantur
648 3813 707 3892 (6).
721 3811 767 3873 Ιε-
807 3829 842 3872 ex
859 3812 952 3873 latere
973 3811 1068 3891 ipsius
1082 3819 1177 3887 costa,
1195 3819 1316 3872 creatur
1340 3809 1408 3884 Ere,

161 3905 212 3947 sus
230 3885 363 3950 Ciristus
380 3898 425 3952 est
440 3909 513 3968 erpo.
531 3911 615 3955 verus
632 3893 764 3970 hies-sias,
808 3895 952 3958 moriente
971 3894 1036 3956 lesu
1057 3913 1091 3956 ex
1111 3913 1250 3976 percusso
1273 3896 1366 3956 latere
1383 3893 1409 3954 i-

161 3971 213 4052 qui
233 3971 375 4036 allocut
393 3976 547 4055 propheta,
565 3978 725 4055 legislator,
737 3989 766 4041 et
808 3980 889 4059 psius
905 3981 1039 4041 nascitur
1056 3979 1210 4054 Ecclesia;
1234 3997 1270 4040 er
1296 3978 1409 4040 brionio

162 4073 255 4118 novae
273 4059 463 4122 revelationis
479 4079 589 4141 ¹praeco
605 4063 767 4125 mittendus
807 4071 837 4125 et
849 4063 914 4132 ¹Eva
931 4072 1095 4126 noscuntur
1110 4063 1259 4139 immines,
1273 4080 1311 4124 et
1322 4061 1409 4125 Chri·

193 4154 223 4210 tlt
242 4158 288 4202 bct.
304 4157 326 4212 7,
342 4158 379 4202 tit.
507 4159 542 4212 (2)
560 4161 606 4204 tct.
623 4159 650 4203 li
670 4159 707 4204 to.

202 4213 397 4284 {thensin
504 4217 538 4278 pr
554 4193 685 4279 inimic,
701 4219 738 4264 rs.
835 4219 1023 4282 (steterumt
1040 4220 1250 4282 turanum.

205 4272 227 4342 ο)
243 4271 322 4341 lietb·
338 4277 375 4330 -d,
390 4273 429 4320 2⁰⁴
837 4281 869 4338 ist
885 4281 918 4326 cr.
939 4283 1054 4343 rtoomap
1068 4285 1085 4330 t.
1100 4284 1136 4343 ut,
1151 4285 1172 4342 e.
1191 4282 1243 4330 tos.
1257 4281 1327 4329 ment
1346 4281 1371 4328 r.
1384 4279 1409 4332 u¹

205 4331 228 4385 bl
240 4331 273 4374 bl.
287 4332 389 4388 herone
405 4337 422 4381 l.
437 4334 460 4396 l,
470 4347 494 4381 n.
508 4334 561 4382 itit.
807 4337 824 4386 t.
841 4338 857 4399 l,
873 4339 894 4400 a.
909 4341 991 4390 idac,-
1184 4373 1188 4386 .
