2930 4736
437 209 512 258 enas
533 211 577 256 ιιι.
601 209 703 258 secare
724 209 757 254 ιι.
779 207 874 256 carun
895 207 929 252 ιι.
1202 185 1264 248 315

72 281 218 360 pistorium
243 305 302 352 non
326 290 423 354 solnm
443 290 664 366 authenticum,
705 296 795 366 cunt,
815 307 848 350 se
865 285 996 368 pennino
1022 282 1111 346 modo
1139 280 1306 348 doctrinam

72 367 322 438 sedetinsallibile
335 373 666 457 instituisse‚perquod
704 371 821 438 Christi¹
832 371 996 448 declarare,
1016 377 1046 431 et
1061 377 1160 430 tamen
1179 368 1307 430 maxime

74 469 184 528 omues,
208 454 371 520 dummodo
387 459 499 536 velint,
519 459 549 526 iu
562 458 666 528 uuita·
704 457 784 522 inter
800 475 833 520 se
852 455 1033 536 discrepant,
1047 451 1165 514 cuinam
1180 453 1307 516 creden·

75 542 123 602 lem
138 536 207 600 fidei
221 557 401 608 concurrere
414 588 423 621 ,
445 552 476 605 et
494 541 666 624 persuasio·
705 541 775 604 dnm
795 540 866 604 eritl
879 575 915 588 -
927 536 1004 602 Sane
1020 555 1073 618 par
1088 555 1180 600 unum
1194 538 1305 616 solum,

74 637 131 686 ncrn
149 621 185 686 de
198 621 258 686 tide
270 625 330 688 sibi
346 645 519 708 comparare
538 626 664 708 possint.
705 635 735 688 et
752 623 908 688 inlallibile
930 620 1134 702 magisterium
1160 629 1189 684 et
1208 621 1307 685 unitus

73 700 295 783 Etenna-cum,
309 709 494 790 experientia
504 720 590 787 teste,
605 727 666 780 nan
706 709 735 773 in
754 708 826 788 side,
845 717 874 771 et
883 707 1038 791 persuasio
1058 705 1094 768 dc
1106 703 1163 768 lide
1175 703 1306 770 obtineri

72 785 186 864 singulis
200 789 376 859 bominibus
389 794 563 858 immediata
578 813 665 858 reve·
706 802 815 875 polest.
1215 859 1217 864 ,

72 869 135 935 latio
150 872 220 950 bal,
246 895 346 956 neque
368 879 399 944 in
420 879 564 957 religione
583 877 666 947 chri·
748 877 814 942 Oht'.
844 875 876 940 ἓ.
896 873 1000 938 Unitas
1021 871 1146 950 iulide,
1173 881 1202 935 et
1220 873 1307 938 firma

72 954 157 1024 aliana
176 976 262 1024 more
277 959 313 1026 ll.
328 961 362 1028 Τ.
383 964 526 1032 contiuua
539 961 667 1043 propbe—
705 960 859 1042 persuasio
869 960 980 1040 optimc
990 957 1306 1023 obtineturstatuendo
1373 976 1377 985 ·

72 1045 156 1106 latum
168 1041 262 1106 series
272 1046 420 1120 mittatur,
432 1048 601 1112 necessario
620 1047 666 1108 in·
705 1063 855 1116 susurrum
874 1042 1038 1122 Religionis
1057 1041 1256 1124 principium,
1276 1052 1307 1108 et

72 1121 225 1190 lallihililas
236 1127 388 1194 Ecclesiae
405 1131 589 1199 admittenda
607 1140 664 1205 est,
705 1148 740 1192 ex
759 1129 817 1192 hoc
835 1147 939 1190 omnes
955 1126 1092 1190 veritates
1110 1127 1241 1206 legitime
1254 1125 1307 1193 de·

40 1223 44 1234 ·
72 1223 104 1266 nc
117 1205 275 1276 Christiani
303 1215 386 1278 omni
411 1216 509 1280 medio
532 1215 666 1278 destituti
705 1211 853 1290 du'cendo;
868 1212 912 1274 sic
924 1210 1004 1275 enim
1019 1219 1080 1276 tota
1092 1209 1206 1290 Religio
1225 1211 1256 1273 in
1269 1232 1306 1275 o-

71 1289 133 1365 sint‚
146 1294 291 1358 unitatem
311 1297 341 1362 in
359 1299 429 1374 tide,
445 1309 476 1362 et
495 1301 665 1380 persuasio·
706 1297 798 1378 plima
816 1297 983 1375 harmonia,
1001 1295 1114 1358 unitate
1133 1303 1162 1358 et
1178 1297 1304 1362 certitu·

71 1390 132 1437 ocur
148 1375 184 1442 de
200 1379 260 1442 tide
279 1383 462 1462 producendi
481 1384 542 1464 (1).
690 1382 774 1444 dine
797 1389 991 1463 proponetur.

106 1459 190 1526 horo.
204 1461 297 1528 Varia
309 1475 389 1540 sunl,
401 1485 478 1548 quae
490 1468 581 1533 etiam
594 1465 665 1538 hnic
745 1467 832 1545 llecp.
852 1464 982 1528 Assertio
1001 1461 1074 1526 haec
1098 1461 1214 1527 admitti
1232 1465 1304 1533 nul-

71 1555 239 1618 trgnmcnlo
263 1560 468 1630 opponuntur.
705 1550 822 1614 latenas
836 1559 944 1630 potest:
964 1547 995 1630 a)
1014 1567 1082 1611 cnm
1100 1547 1227 1612 enimin
1246 1547 1304 1614 Rc·

110 1626 173 1694 ott.
194 1632 226 1694 l.
245 1632 289 1698 Ad
313 1635 458 1698 unitatem
484 1633 515 1698 in
538 1633 616 1713 tide,
635 1644 664 1700 et
704 1634 813 1712 ligioue
825 1633 988 1696 christiana
999 1632 1137 1696 veritates
1148 1651 1303 1718 supra-ra·

70 1715 287 1784 persuasionem
313 1717 350 1780 dc
368 1719 426 1782 fida
446 1719 662 1795 obtinendam,
705 1719 843 1794 tiooales,
857 1737 913 1794 sep
929 1715 1066 1798 mysteria
1079 1717 1301 1796 contineantur,

70 1807 121 1854 non
132 1799 296 1879 requiritur
313 1802 522 1879 infallibilitas,
539 1803 592 1870 sed
603 1804 664 1868 sui·
704 1822 763 1876 ¹l⁰tt
777 1811 874 1884 potest
884 1820 1034 1864 summum
1048 1799 1228 1882 principium
1244 1811 1303 1866 sta·

70 1873 123 1938 icit
136 1884 284 1948 certitudo
296 1888 432 1964 moralis,
447 1906 525 1968 quae
545 1887 663 1958 0ttina-
704 1886 759 1964 tui,
779 1905 814 1961 ert
832 1906 892 1967 quo
911 1904 1015 1964 omnes
1032 1885 1172 1948 veritates
1185 1885 1302 1950 revela-

71 1964 112 2022 htr
128 1966 216 2034 etiam
234 1987 287 2049 per
300 1970 502 2048 magisterium
517 1989 578 2042 non
596 1972 663 2052 qui·
704 1979 750 2034 tae
767 1969 975 2052 philosophico
997 1968 1084 2032 modo
1104 1967 1300 2035 deducamur.

64 2042 127 2106 ,dem
143 2048 320 2128 inlallibile,
339 2055 392 2119 sed
410 2073 446 2124 ert
461 2056 568 2132 doctis,
586 2056 662 2136 piis·
702 2055 735 2134 h)
749 2054 813 2118 Imo
832 2055 903 2131 licet
921 2054 978 2118 lale
990 2051 1170 2136 principium
1182 2071 1200 2114 a
1214 2053 1302 2116 nobis

71 2145 121 2222 que
137 2134 210 2201 riris
225 2138 405 2216 consistens,
426 2139 585 2220 dequibus
599 2160 664 2206 sus·
701 2140 792 2205 statui
811 2147 922 2222 posset,
950 2149 1050 2202 taruen
1074 2138 1174 2200 unitas
1192 2136 1224 2199 iu
1243 2137 1301 2201 ilde

70 2216 153 2288 picari
168 2238 230 2284 nou
260 2221 348 2297 licet,
372 2224 452 2304 quod
478 2243 583 2290 omnes
609 2235 662 2296 aut
700 2244 762 2288 non
781 2224 979 2302 obtineretur,
993 2221 1064 2304 quia
1078 2221 1168 2284 etiam
1189 2241 1224 2284 ex
1241 2242 1301 2286 uuo

69 2295 173 2379 lallant,
193 2314 247 2368 aut
263 2304 416 2372 fallantur.
701 2308 868 2390 eodemque
883 2308 1030 2390 principio
1044 2305 1116 2368 varii
1130 2306 1211 2370 varia
1226 2325 1300 2370 con-

103 2383 185 2466 llcap.
213 2387 333 2453 lloralis
350 2390 425 2464 baec
439 2391 585 2456 certitudo
600 2413 661 2456 non
699 2393 993 2456 sectariadedncere
1010 2391 1119 2468 solent,
1139 2400 1172 2452 ut
1189 2391 1301 2472 passim
1398 2470 1400 2476 Ι

70 2466 179 2548 sufficia
201 2474 233 2553 a)
252 2472 277 2536 si
299 2475 379 2538 enirn
401 2476 607 2555 magisterium
626 2498 661 2543 ex
699 2477 732 2538 tit
746 2476 776 2550 in
796 2476 991 2557 Philosophia
1008 2483 1038 2562 el
1053 2473 1227 2553 Theologia.

70 2545 232 2620 bominibus
255 2560 427 2637 consistat,
456 2561 569 2628 viribus
597 2563 660 2634 sois
743 2560 1015 2624 olamucensis
1037 2559 1254 2641 patriarchalis,
1272 2568 1301 2622 ct

70 2640 246 2706 naturalibus
257 2643 383 2722 relictis,
401 2643 534 2725 ipsorum
552 2645 661 2713 doctri·
700 2645 831 2708 mosaica
851 2645 887 2722 in
903 2665 963 2706 una
985 2652 1015 2706 et
1036 2646 1121 2706 tirma
1139 2643 1209 2706 fidei
1228 2661 1300 2724 pro·

69 2731 101 2780 ua
111 2731 137 2781 et
150 2724 246 2803 pietas
258 2735 489 2808 nunquam'tam
509 2739 656 2808 recteest,
698 2728 826 2796 sessione
838 2727 931 2804 stetit,
944 2747 998 2790 nec
1012 2727 1134 2804 deiecit,
1145 2728 1214 2789 licet
1228 2746 1300 2790 neu·

69 2807 167 2893 utnon
183 2809 224 2872 ab
242 2812 382 2894 omuibus
403 2813 567 2884 examinari
586 2834 658 2895 pos·
700 2822 743 2874 tra
758 2811 926 2875 infallibilis
943 2811 1044 2874 luerit.
1056 2810 1103 2873 Nil
1120 2830 1189 2890 ergo
1205 2811 1300 2892 impc-

69 2893 112 2982 nt
135 2888 207 2956 Tale
234 2912 306 2972 crgo
332 2896 536 2978 magisterium
562 2907 659 2980 potest
697 2897 753 2972 dit,
777 2896 940 2978 quominus
961 2896 1091 2979 idipsum
1110 2895 1147 2958 de
1165 2895 1300 2960 Ecclesia

68 2972 180 3046 lutdem
195 2996 249 3058 per
261 2979 367 3045 allatas
378 2980 510 3050 rationes
521 2981 658 3054 homines
698 2981 861 3047 christiana
879 2990 1038 3044 statuatur.

68 3057 311 3138 convincemur
327 3083 386 3129 non
403 3065 658 3138 soleanctoritate
739 3067 826 3148 Rcrp.
851 3065 883 3147 a)
908 3065 972 3128 Non
1002 3060 1141 3126 convenit
1162 3063 1241 3126 inter
1262 3081 1298 3125 o-

68 3141 261 3210 omnimodam
284 3143 501 3218 subiectionem
527 3150 655 3230 exigere.
699 3169 794 3226 mnes,
812 3169 850 3212 arr
877 3147 1011 3212 Ecclesia
1029 3147 1251 3229 patriarchalis,
1268 3154 1299 3210 et

66 3215 129 3284 Com
141 3246 212 3308 erpo
225 3249 286 3294 non
299 3249 403 3296 omnes
417 3243 538 3304 externo
561 3244 591 3298 ct
607 3235 658 3300 in·
698 3235 829 3298 mosaica
851 3232 1019 3296 infallibilis
1046 3232 1148 3308 luerit,
1171 3251 1228 3294 uec
1246 3250 1295 3294 ne.

67 3309 141 3373 terno
169 3333 293 3378 assensu
320 3334 354 3378 se
374 3316 419 3380 illi
444 3317 592 3390 subiicere
611 3329 657 3386 te·
696 3317 801 3385 Plures
818 3318 880 3381 ium
905 3316 1071 3397 Theologi,
1099 3335 1160 3378 non
1179 3315 1297 3379 levibus

65 3401 196 3486 reantur,
210 3417 266 3464 nec
279 3399 367 3479 plena
377 3402 538 3470 securitate
551 3403 657 3471 illiac-
697 3403 793 3480 innixi
811 3401 1017 3482 argumentis,
1049 3408 1274 3484 propugnarunt
1288 3446 1296 3478 ,

66 3487 212 3548 latescere
238 3483 370 3564 possint,
391 3504 489 3566 neque
508 3486 609 3557 unitas
626 3489 657 3560 tn
697 3487 859 3560 Ecclesiam
884 3485 1128 3568 patriarchalem,
1147 3485 1298 3548 elmosai·

66 3553 127 3636 ide,
144 3584 243 3647 neque
262 3569 348 3631 firma
366 3569 403 3633 de
421 3569 478 3631 fide
503 3572 656 3654 persuasio
697 3589 762 3641 cam
802 3570 983 3634 inerrantiae
1024 3570 1102 3634 dono
1132 3569 1296 3652 praeditam

66 3637 252 3736 thirannum
270 3685 315 3700 -
334 3651 367 3733 h)
390 3653 487 3724 Etiatu
517 3655 597 3728 docti
626 3666 659 3720 et
697 3655 790 3718 tuisse
805 3656 947 3736 usquead
964 3652 1246 3738 temporablessiae,
1266 3651 1297 3714 in

66 3731 179 3810 turini,
193 3735 236 3798 uti
250 3735 374 3802 historia
387 3746 449 3800 tum
464 3737 655 3818 Theologiae,
696 3739 806 3819 quibus
835 3739 930 3822 ipsius
954 3738 1081 3803 delectio
1100 3759 1118 3802 a
1139 3736 1297 3820 Prophetis

67 3812 118 3901 'ltu
131 3814 343 3902 Philosophiae
363 3821 481 3901 probat,
502 3843 555 3904 pro
569 3825 656 3902 inpe-
696 3823 848 3903 praedicta
873 3821 941 3887 luit.
969 3819 1115 3905 Specialis
1137 3839 1209 3884 sane
1227 3838 1297 3898 erga

65 3904 170 3962 urorum
189 3904 333 3974 redemta
355 3905 403 3975 uix
429 3925 560 3988 unquam
579 3927 656 3976 con·
687 3905 1104 3989 Hebraeosprpridentiabei
1118 3903 1297 3986 negariuul·

65 3981 199 4067 ltaliam,
215 3988 273 4054 risi
288 4007 341 4074 per
351 3988 539 4064 infallibilem
554 4003 657 4063 aucto·
692 3991 724 4058 io
745 3993 832 4054 modo
860 4000 957 4074 potest
979 3993 1020 4072 (§.
1042 3992 1081 4056 99
1099 3998 1129 4052 et
1146 4007 1178 4051 se
1203 3989 1240 4067 .).
1262 3983 1294 4070 b)

65 4067 171 4151 blaten
191 4070 229 4137 ad
255 4090 410 4144 assensum
429 4074 599 4152 adigantur.
620 4071 657 4143 Et
695 4075 854 4143 inlallibile
872 4075 1076 4156 magisterium
1092 4007 1221 4134 inliql.
1234 4079 1295 4167 taur
1328 4119 1330 4126 ,

64 4154 86 4201 ⁸¹
102 4153 178 4216 varia
190 4157 361 4236 magisteria
376 4158 497 4235 duntur,
516 4177 594 4240 quae
606 4160 654 4224 di·
692 4161 895 4234 necessarium
907 4180 966 4222 nou
979 4159 1046 4234 init,
1066 4156 1136 4240 quia
1151 4155 1295 4219 hebraeas

90 4280 106 4333 p
278 4305 280 4310 .
694 4243 847 4307 doctrinae
865 4253 924 4306 tam
940 4242 1094 4319 sublimes,
1112 4248 1142 4304 et
1156 4239 1296 4322 mysteria

65 4281 295 4397 mpppoebcbnmr
308 4291 326 4338 t.
341 4289 377 4353 ‘v'
393 4287 414 4353 ι’
431 4289 484 4338 ⁴⁰¹⁶
502 4291 572 4340 mm
586 4290 604 4338 t.
617 4290 654 4351 ω’
696 4339 755 4392 tum
774 4329 902 4405 excelsa,
921 4326 964 4388 uti
989 4325 1021 4387 in
1041 4323 1077 4388 N.
1103 4323 1138 4388 Τ.
1166 4325 1296 4390 ιθιθΙιιῑιι
