2962 4736
473 195 546 241 etus
568 197 611 241 ιιι.
635 195 737 240 sserro
758 195 790 238 rr.
815 195 908 240 carur
930 196 961 240 v.
1232 178 1295 240 tlt
1401 151 1412 176 ⁸

84 274 322 352 bolum,unum
343 272 490 351 codicem,
514 293 608 336 unum
628 274 696 336 hie·
737 273 863 350 dicatur,
884 291 944 336 nou
970 274 1118 338 diversum
1140 277 1258 350 aurum,
1284 274 1337 338 sed

89 362 253 426 rerchicon
274 359 425 441 proponit,
451 377 505 421 sen
527 377 604 438 quae
622 358 697 419 um·
724 359 864 420 uarietas
884 358 921 420 tle
952 377 1038 421 auro.
1066 360 1199 422 Eandem
1226 359 1337 442 quippe

88 455 187 510 tatem
208 445 353 506 internam
368 451 572 506 euenernaro
593 443 693 519 exigit.
734 442 928 522 sapientiam,
952 441 1077 504 eandem
1103 441 1288 520 doctrinam,
1308 453 1338 516 et

93 529 190 608 -bl
207 528 341 592 Christus
366 528 396 601 in
413 527 552 590 Ecclesia
571 545 625 588 sua
652 527 698 587 in·
738 525 932 606 disciplinam
957 539 1062 588 omnes
1080 526 1199 604 linguae
1217 527 1337 610 praedi-

92 612 197 676 stituit
216 611 417 689 magisterium
436 611 650 673 authenticum
669 617 698 674 et
736 609 857 687 diceut;
877 610 1005 672 varietas
1021 610 1054 672 in
1081 610 1201 690 linquis,
1230 629 1337 674 aurum

41 725 54 746 ·-
88 697 258 777 imperium
275 712 408 758 caeram.
429 693 505 756 Illud
516 705 595 757 recta
608 695 698 772 exigit
738 694 769 754 iu
787 694 942 755 sententiis
967 694 1028 775 (h).
1051 711 1067 756 ›

45 848 53 857 ,
88 781 186 844 fidem
204 779 305 862 quoad
332 797 379 855 ea,
406 785 484 860 qua'e
513 779 617 856 docet;
642 779 698 840 lroc
778 777 898 841 Noluh.
920 777 991 841 Cutn
1012 783 1112 854 notae,
1130 793 1183 858 per
1201 793 1276 858 quas
1290 797 1338 840 re·

83 865 313 928 ,subiectionem
329 863 428 943 quoad
446 881 494 937 ea,
514 881 590 942 quoe
609 881 697 924 uran-
721 880 776 923 ru
787 861 920 924 Ecclesia
933 863 1061 924 exterius
1074 862 1292 937 manifestatur,
1307 873 1337 925 ct

92 950 160 1026 dat,
186 947 293 1028 exinde
311 957 412 1008 autern
440 947 541 1008 unitas
558 957 628 1008 turn·
646 947 697 1008 iu·
738 945 877 1008 omnihus
895 947 1056 1028 conspicua
1069 946 1215 1022 redditur,
1229 947 1337 1027 exipsa

53 1059 60 1102 ·,
92 1041 202 1106 terna,
223 1041 283 1093 tum
300 1031 699 1092 exteruanecessarioexur-
737 1030 889 1092 Ecclesiae
918 1029 1043 1108 indole,
1067 1031 1142 1092 haec
1169 1039 1269 1091 antem
1301 1047 1337 1092 ex

56 1145 58 1150 ·
89 1118 148 1196 git.
180 1114 378 1192 llaqisterium
407 1129 492 1191 reru,
529 1116 607 1195 quod
642 1134 697 1196 pro
738 1114 802 1193 ipsa
838 1113 1019 1179 immutabili
1052 1123 1090 1176 et«
1115 1114 1337 1194 sapientissima

89 1201 158 1263 sois
173 1199 269 1261 effatis
283 1199 371 1260 frtlem
387 1217 446 1259 uon
465 1199 574 1279 poscit,
594 1200 696 1280 eoipso
736 1197 845 1260 Christi
858 1198 1044 1260 institutione
1056 1197 1334 1280 petendasitrhinc,

53 1284 57 1296 '
89 1285 239 1358 declarat,
255 1301 288 1344 se
306 1281 510 1344 authenticum
530 1299 591 1344 uon
617 1301 694 1346 esse:
737 1283 846 1362 etipsa
865 1283 964 1344 unitas
983 1293 1082 1344 nutam
1102 1283 1252 1344 Ecclesiae
1261 1299 1336 1344 con-

91 1366 392 1447 etimperium,quod
405 1365 620 1429 subiectionem
636 1386 694 1428 non
737 1367 851 1441 stituat,
872 1385 931 1428 uon
947 1368 1066 1444 sufficit,
1082 1376 1115 1427 ut
1127 1367 1336 1428 hahenturea·

93 1453 200 1529 exigit,
219 1451 362 1527 ostendit,
381 1468 414 1512 se
441 1450 573 1530 legitima
591 1459 696 1513 aucto·
736 1451 803 1512 dem
822 1450 891 1513 utet
904 1450 1059 1531 professio,
1073 1448 1337 1513 idemSacramen·

92 1536 184 1598 ritate
213 1552 327 1596 carere.
347 1564 389 1580 -
407 1531 474 1604 Quo
503 1535 597 1612 magis
626 1553 704 1618 ergo
739 1543 834 1596 torum
854 1553 937 1610 usus,
962 1543 991 1597 et
1009 1545 1113 1596 mutua
1133 1535 1335 1597 membrorum

92 1618 229 1682 Ecclesia
247 1619 284 1680 ab
300 1617 543 1680 unitateinterna
561 1627 592 1680 et
604 1628 698 1680 exter·
737 1618 980 1694 communicatio,
1001 1620 1051 1680 sed
1065 1619 1229 1700 requiritur
1247 1635 1335 1700 prae-

93 1723 135 1765 na
149 1702 272 1778 recedit,
288 1721 324 1764 eo
339 1702 449 1762 clarius
468 1702 649 1779 manifestat,
665 1719 697 1765 se
737 1712 832 1778 terea,
852 1712 885 1763 ut
902 1703 933 1764 in
952 1703 1017 1784 ipsa
1032 1703 1165 1768 Ecclesia
1181 1703 1239 1763 tale
1253 1703 1336 1786 prin·
1446 1745 1447 1750 η

93 1805 196 1850 reram
212 1785 321 1848 Christi
350 1785 513 1848 Ecclesiam
533 1805 593 1848 non
612 1806 695 1849 esse:
723 1786 847 1866 -cipium
867 1787 1023 1850 immobile
1039 1787 1156 1864 existat,
1185 1805 1238 1867 per
1256 1786 1336 1867 quod

94 1870 232 1934 Ecclesia
261 1877 375 1946 autem,
394 1887 471 1949 quae
496 1871 605 1932 unitati
634 1880 696 1932 tum
737 1871 836 1932 unitas
858 1870 975 1932 interna
1002 1889 1037 1932 ac
1068 1879 1188 1932 externa
1212 1885 1335 1932 conser-

92 1956 257 2030 intcrnee,
289 1964 349 2016 turn
369 1964 507 2017 externae
539 1953 696 2032 inhaeret,
739 1964 833 2030 uetur,
849 1963 878 2015 et
897 1955 1098 2016 dissensiones
1116 1955 1147 2015 in
1166 1955 1223 2015 fide
1246 1972 1335 2035 prue-

95 2047 180 2102 eerto
206 2048 236 2100 et
264 2038 425 2118 conspicuo
442 2039 575 2100 veritatis
593 2040 704 2101 chara·
737 2047 915 2116 caveantur3
935 2039 1099 2118 requiritur
1118 2055 1225 2118 nempe
1250 2039 1336 2119 prin-
1412 2053 1415 2060 ·

95 2132 180 2186 clere
198 2122 339 2200 insignita
353 2129 409 2183 est.
428 2153 471 2168 -
611 2145 614 2150 ’
737 2124 847 2204 cipium
868 2123 1067 2198 auctoritatis,
1092 2141 1127 2183 ex
1149 2141 1207 2202 qua
1223 2123 1286 2183 sola
1303 2121 1335 2183 in

138 2208 217 2270 Nutu
245 2208 275 2268 l.
303 2203 424 2280 Unitas,
439 2209 530 2286 'quae
553 2215 695 2288 tanquam
723 2208 877 2277 omuibus
895 2207 998 2268 eadem
1017 2206 1086 2268 fidei
1106 2205 1251 2286 professio
1272 2205 1335 2267 oti·

94 2300 169 2354 uota
196 2303 283 2352 verae
305 2291 457 2352 Ecclesiae
478 2291 638 2368 asseritur,
662 2312 697 2354 ea
737 2299 798 2367 tur,
818 2291 1012 2373 principium,
1039 2291 1175 2372 inquam,
1195 2289 1336 2351 diuinitus

95 2374 269 2450 concernit,
288 2391 366 2454 queo
388 2392 405 2434 a
428 2372 544 2436 Christe
564 2375 645 2437 circa
660 2377 697 2436 fr-
737 2374 921 2450 institutum,
937 2375 1057 2436 visihife·
1073 2385 1103 2436 et
1117 2376 1231 2451 efficax,
1254 2374 1337 2455 quod

96 2459 167 2522 dem
188 2467 217 2519 et
235 2476 346 2532 mores,
358 2457 433 2518 ritus
450 2467 480 2518 et
499 2457 695 2520 hierarchiam
737 2461 768 2520 in
804 2460 967 2521 Ecclesiam
1004 2459 1171 2520 universam
1205 2459 1334 2534 influat,

94 2541 229 2604 stabilita
243 2551 324 2602 sunt.
341 2540 373 2602 ld
388 2559 457 2602 tero
480 2559 540 2603 non
559 2543 695 2622 impedit,
738 2543 879 2624 illamque
906 2551 989 2620 regat
1015 2561 1050 2604 ao
1079 2543 1274 2617 moderetur,
1304 2551 1337 2603 ut

97 2626 261 2707 quominus
282 2626 361 2690 circu
380 2625 455 2700 alia,
482 2626 697 2705 quaeaClrri-
738 2637 860 2705 exurgat
887 2645 955 2688 vera
988 2644 1023 2691 ac
1054 2626 1159 2688 intima
1188 2626 1336 2687 connexio

97 2718 146 2772 sto
162 2718 272 2770 statute
293 2723 354 2772 uon
368 2717 456 2784 sunt,
486 2709 516 2772 in
544 2728 614 2771 vera
639 2711 699 2773 Ec·
738 2711 816 2772 inter
833 2723 922 2792 eaput
946 2719 976 2772 et
1001 2711 1153 2786 rnernbra,
1173 2727 1226 2790 per
1245 2727 1335 2790 quarn

96 2793 191 2856 clesia
209 2794 337 2854 varietas
360 2800 391 2853 et
417 2793 620 2873 multiplicitas
643 2795 697 2856 de·
739 2813 817 2855 unus
836 2795 960 2875 spiritus
977 2803 1006 2856 et
1024 2813 1116 2860 unum
1143 2811 1250 2874 eorpus
1267 2811 1337 2855 con-

97 2886 159 2939 tur.
173 2877 351 2954 »egregie
366 2876 485 2938 disserit
500 2878 575 2938 lianc
592 2878 623 2939 in
635 2897 696 2940 rem
739 2878 911 2940 stituautur.
941 2878 1011 2940 ldeo
1037 2896 1108 2940 sane
1126 2877 1278 2953 Christus,
1304 2885 1338 2940 ut

95 2962 132 3026 S.
152 2960 341 3041 Auquttinua
365 2960 413 3041 (l)
431 2960 583 3022 scribens:
604 2981 619 3023 r
642 2960 698 3023 Sa·
739 2980 774 3023 ex
807 2962 939 3042 probatis
969 2971 1104 3039 constat,
1135 2962 1337 3039 magisterium

97 3055 254 3108 eramenta
269 3044 462 3106 doetrinaein
477 3044 587 3122 linquis
604 3047 699 3106 omni·
741 3046 911 3120 infallibile,
927 3055 957 3106 et
977 3045 1134 3126 imperium
1153 3064 1283 3121 sacrum,
1304 3065 1338 3108 ac

98 3129 157 3192 bus
173 3129 272 3190 variis.
290 3128 357 3189 hlia
375 3127 475 3206 lingua
493 3131 568 3205 afra,
585 3130 700 3211 aliacy·
739 3129 886 3210 imprimis
905 3129 1063 3191 Primatum
1088 3131 1227 3205 instituit,
1247 3139 1337 3210 atquo

98 3231 148 3288 re,
167 3213 225 3274 alia
246 3230 364 3290 graeca,
391 3212 449 3273 alia
478 3213 621 3290 hebraea,
641 3215 699 3275 alia
739 3213 952 3276 subiectionem
986 3214 1126 3276 omnibus
1159 3223 1239 3276 tanto
1269 3231 1337 3276 curn
1408 3230 1411 3239 ⁴

98 3297 165 3370 illa,
190 3305 221 3358 et
247 3297 317 3370 illa,
340 3295 455 3358 faciunt
483 3298 557 3359 istae
582 3299 700 3377 linguae
738 3299 838 3376 rigore
859 3297 1027 3378 praecepit,
1047 3306 1080 3357 ut
1098 3299 1145 3378 (3)
1163 3299 1286 3360 diceret:
1306 3299 1339 3362 Si

56 3397 58 3402 ’
98 3383 275 3442 varietatem
310 3379 400 3442 restis
431 3381 551 3457 reginae
586 3383 698 3459 huius3
740 3383 901 3446 Ecclesium
918 3381 1142 3458 uouuttdicrit,
1160 3381 1338 3446 efttihiet'r-

91 3463 251 3546 quomodo
269 3472 368 3526 autern
388 3464 485 3532 omnis
505 3466 632 3530 uarietas
647 3486 700 3530 re·
740 3475 773 3530 ut
796 3467 944 3532 Ethaicut
966 3473 993 3526 et
1015 3465 1207 3529 Publicanos.
1235 3465 1339 3528 hirritu

99 3549 159 3612 stis
176 3547 344 3610 inanitate
365 3548 537 3625 concordat,
557 3550 601 3612 sic
617 3560 648 3614 et
665 3571 701 3612 o·
741 3552 831 3630 igitur
847 3547 899 3612 illa
925 3557 1037 3609 tanturn
1062 3565 1117 3627 pru
1139 3568 1207 3611 rara
1229 3550 1338 3614 Christi

100 3649 188 3695 mnes
211 3634 332 3710 liuguae
361 3633 399 3692 ad
425 3649 514 3694 uuam
544 3634 644 3698 fidem.
668 3635 711 3697 lu'
742 3635 876 3699 Ecclesia
894 3633 1076 3712 agnoscitur,
1100 3631 1131 3692 in
1147 3651 1206 3713 qua
1225 3635 1339 3718 prinoi-

99 3725 192 3778 reste.
206 3718 332 3780 varietas
345 3716 397 3790 sit,
418 3716 550 3778 scissura
570 3737 629 3780 non
649 3720 698 3782 sit.
743 3721 824 3800 pium
842 3713 1229 3796 auctoritatisconspicitur,
1249 3719 1284 3780 erl
1300 3739 1339 3780 u·

99 3800 180 3866 Eece
201 3801 372 3862 varietatem
391 3799 591 3863 intelleximus
610 3803 702 3864 dedi·
744 3806 867 3868 nitatem
893 3801 1065 3864 serrunrlarn
1081 3819 1099 3861 a
1116 3799 1233 3862 Christo
1250 3802 1339 3863 insti-

103 3884 246 3948 versitate
265 3885 448 3962 linguarum,
469 3892 498 3946 et
520 3893 629 3948 restem
652 3885 702 3946 in·
743 3886 961 3950 tutum-»llis
979 3884 1160 3965 praenotatis
1178 3883 1263 3945 facile
1281 3894 1337 3964 est,

101 3969 571 4048 tettenmospropterunttaten.
586 3969 619 4032 In
638 3969 702 4050 ipsa
742 3971 926 4034 obiectiones
953 3969 1100 4044 refellere,
1128 3985 1205 4048 quae
1226 3968 1339 4030 doctri·

101 4060 203 4114 autern
229 4055 377 4114 uarietate
404 4071 511 4115 aurum
541 4054 620 4135 quod
643 4054 703 4115 est‘f
743 4072 799 4116 nae
817 4067 935 4118 nostrae
954 4055 990 4116 de
1014 4051 1137 4116 unitatis
1155 4060 1225 4114 notu
1246 4069 1341 4133 oppo-

102 4136 170 4216 ipse
187 4135 346 4216 sapientia.
367 4133 523 4206 Quaelibet
547 4140 585 4200 sit
603 4138 701 4200 rorie-
744 4146 866 4200 nuntur.

99 4227 151 4282 tus
166 4220 348 4298 linguarum,
368 4239 461 4282 unum
487 4241 595 4284 aarum
613 4239 702 4304 prae·
774 4265 805 4323 (2,
821 4263 854 4311 ct.
870 4265 891 4311 s·
905 4263 1014 4314 „mm
1027 4263 1098 4328 m
1113 4263 1164 4325 ,29’
1177 4275 1201 4311 n·
1216 4263 1239 4311 ι

133 4326 301 4386 (trecarum
316 4329 351 4376 tu.
367 4330 404 4390 tt,
420 4339 444 4374 n.
459 4330 497 4376 aa.
773 4325 995 4392 tarnatensem.
