2918 4734
218 144 279 230 llll
617 183 802 234 cneoaoame
822 181 984 230 arsamum

176 269 238 324 stes
256 281 315 324 non
327 262 779 345 luisseutlipsosmareruhmm
821 263 893 344 cipit
906 263 943 326 ah
955 256 1424 352 auctore,quotnautdeceptum,

176 345 255 408 sicco
274 347 348 427 pede
378 348 546 426 traiecisse,
569 348 595 410 si
621 366 674 429 per
700 347 779 410 istud
821 354 872 410 aut
889 345 1086 427 decipientem
1102 343 1193 406 novit.
1209 341 1360 407 lsraelxtas
1375 357 1426 401 ve·

177 439 232 490 aut
246 430 367 491 omniuo
384 449 455 506 non,
475 441 603 494 autnon
622 431 778 509 indigitato
818 451 852 494 ro
877 430 1096 492 narrationibus
1115 425 1221 508 llapsis
1239 427 1357 506 plenam
1385 423 1424 484 li·

177 512 264 574 modo
294 515 501 578 transiissent?
518 515 701 578 illuminatos
726 535 778 577 eos
818 517 885 578 dem
905 514 1087 589 exhibuisse,
1101 520 1183 592 patet
1199 509 1288 571 etiam
1305 524 1425 572 ancon

176 596 268 658 luisse
287 615 339 678 per
356 606 472 660 noctem
496 618 513 660 a
531 600 669 660 columna
686 599 774 676 ignis,
816 619 903 662 sensu
919 597 1127 662 historicorum
1140 611 1304 670 sacrorum,
1320 591 1422 669 losue,

176 681 309 761 quamvis
329 689 387 743 tatu
407 682 579 744 benevolam
599 684 697 744 lucem
715 701 775 745 non
817 684 966 759 lodicum,
986 680 1144 756 Samuelis,
1156 677 1287 754 bacidis,
1305 676 1423 739 Esdrae

176 763 331 827 vidissent?
343 785 396 846 per
409 767 450 828 40
462 785 556 828 annos
573 766 640 828 illos
655 767 776 828 coelesti
817 779 874 831 ato.
890 768 941 850 qui
956 769 1015 828 uuo
1032 773 1177 826 concentu
1196 761 1285 823 iuriis
1300 769 1421 842 tempo-

176 849 777 930 mannaluisscnulritos,quamvisman·
815 853 898 915 ribus
926 853 1004 913 lacta
1027 850 1056 910 in
1079 846 1279 910 Pentateucho
1298 855 1422 906 narrata

175 950 213 992 na
235 950 290 994 nec
317 933 457 994 vidissent
481 952 536 996 nec
561 933 774 995 comedissent?
817 945 1004 1010 memorant,
1024 952 1119 1014 eaque
1141 941 1173 991 ut
1192 929 1371 1007 certissima,
1392 940 1422 993 et

175 1025 231 1076 etc.
246 1015 329 1078 Certe
345 1017 418 1078 haec
429 1016 548 1078 nonnisi
562 1018 692 1080 delirans
704 1027 773 1080 teu·
816 1022 925 1103 populo
939 1018 1093 1082 notissima
1109 1022 1289 1097 proponunt.

175 1107 238 1160 tare
259 1109 366 1180 potest.
398 1099 499 1181 Neque
519 1102 647 1181 supponi
664 1111 772 1183 potest,
857 1108 887 1168 5.
908 1106 1004 1168 Etiam
1029 1119 1183 1166 consensus
1209 1099 1419 1162 historicorum
1450 1101 1451 1116 ³

173 1191 290 1261 gentem
310 1184 582 1246 numerosissimam
601 1185 631 1245 in
652 1187 774 1248 menda-
812 1193 1021 1272 prophnornm,
1038 1195 1064 1249 cl
1080 1187 1235 1266 pentilium
1252 1184 1418 1246 anctorita-

173 1267 227 1327 ciis
245 1267 303 1328 sihi
319 1267 481 1330 notissimis
498 1287 565 1330 cum
588 1268 684 1350 Moyse
702 1290 774 1332 con·
813 1284 870 1338 lam
881 1275 991 1354 Mopsis
1005 1273 1171 1351 confirmat.
1184 1265 1418 1330 Ostenduntboc

172 1349 310 1431 spirasse.
340 1349 412 1422 Quis
428 1352 506 1413 enim
529 1353 641 1429 credat,
661 1363 704 1415 tot
720 1354 773 1415 ho·
813 1359 870 1421 los.
891 1359 1010 1428 Flauius
1029 1356 1087 1435 (l),
1112 1355 1252 1416 Tucianus
1270 1349 1331 1430 (2),
1350 1353 1419 1414 Eu·
1450 1355 1451 1358 ’

173 1435 286 1495 minum
306 1434 400 1495 millia
422 1439 645 1502 connaturalem
670 1439 771 1499 omni·
812 1445 906 1507 achias
923 1443 971 1524 (3)
989 1450 1019 1503 et
1034 1441 1084 1501 alii
1102 1438 1204 1500 Patres
1221 1455 1256 1497 ex
1274 1435 1347 1515 ipsis
1362 1454 1419 1496 an·
1450 1501 1451 1504 ,

172 1518 229 1579 bus
247 1517 380 1580 veritatis
403 1537 535 1582 amorem
560 1521 649 1582 simul
676 1523 771 1583 exuis·
813 1529 903 1609 liquis
926 1525 1153 1606 Aegyptiorum,
1177 1519 1416 1597 Chaldaeorum,
1450 1573 1451 1590 ς

172 1619 213 1677 se,
234 1618 268 1662 ac
291 1600 479 1665 fraudulento
505 1605 628 1667 consilio
650 1607 771 1687 conspi·
813 1612 1005 1685 Phoenicum,
1026 1617 1056 1670 at
1073 1607 1199 1669 aliarum
1214 1605 1348 1684 gentium
1366 1602 1419 1666 Iu-

172 1693 319 1757 rasse,ut
336 1686 528 1766 impostorem
545 1689 695 1764 adiuvent,
719 1690 770 1770 qui
811 1697 894 1758 dacis
917 1692 1167 1756 conterminarum
1198 1687 1416 1767 scriptoribus,
1450 1709 1451 1712 ¹

171 1769 297 1849 plurima
312 1770 343 1832 iu
359 1771 487 1834 nationis
498 1773 628 1835 dedecus
638 1782 768 1849 enarrat,
812 1798 937 1862 quorum
955 1777 1024 1840 libri
1036 1776 1087 1838 illo
1107 1785 1239 1854 tempore
1253 1771 1350 1833 adhuc
1365 1790 1418 1833 ex·

170 1861 200 1914 et
218 1853 326 1934 populo
338 1854 525 1932 grauissimas
540 1858 617 1935 leges
630 1857 771 1938 imponit?
812 1865 925 1940 tabant,
942 1871 972 1924 st
989 1863 1020 1922 ln
1038 1860 1172 1922 omnium
1194 1856 1332 1918 manibus
1345 1875 1416 1918 vcr-

171 1938 236 2016 quis
255 1937 366 2014 credet,
386 1938 557 2001 huiusmodi
572 1941 693 2017 librum,
710 1961 771 2002 ma·
810 1949 963 2024 sahantur.
986 1944 1034 2007 Sic
1049 1963 1085 2006 ex
1100 1941 1222 2004 historia
1240 1938 1415 2016 creationis,
1450 1947 1451 1950 ’

171 2020 284 2082 uilestis
304 2022 465 2086 mendaciis
488 2025 685 2105 repletumin
704 2021 770 2086 ma·
808 2051 885 2112 quiin
916 2031 1025 2110 legitur
1056 2029 1086 2090 in
1119 2025 1238 2098 Genesi,
1263 2025 1415 2084 famosum

171 2105 249 2166 xima
267 2107 456 2168 veneratione
477 2128 494 2170 a
519 2107 636 2170 ludaeis
654 2128 771 2190 semper
808 2115 902 2178 Chaos
917 2116 1079 2176 hauserunt
1100 2109 1332 2184 Succhanialoa,
1349 2109 1415 2170 Hc-

170 2187 316 2264 habitum‚
332 2198 421 2270 atque
440 2190 520 2252 illius
537 2193 617 2270 leges
635 2194 771 2255 observa·
806 2202 905 2264 sinuas
921 2209 950 2260 et
971 2199 1022 2260 alii
1047 2205 1171 2258 veteres.
1203 2192 1412 2272 Epicharmo,

171 2279 218 2332 tas
230 2272 472 2336 loiseel-Haec
490 2278 590 2338 omnia
602 2296 619 2337 a
629 2286 710 2339 recta
724 2297 770 2339 ra·
810 2286 905 2360 Plano,
923 2292 954 2345 et
967 2283 1078 2343 Auctor
1090 2277 1254 2341 carminum
1270 2275 1414 2356 orphica-

169 2355 250 2417 tioue
262 2356 377 2417 admitti
397 2369 560 2438 nequeunt3
573 2369 603 2422 ct
620 2361 687 2423 ideo
702 2380 768 2423 cer·
808 2387 873 2429 rum
889 2367 988 2427 ornxria
1003 2365 1056 2428 Dei
1070 2363 1159 2425 verbo
1172 2362 1325 2423 laclaesse
1336 2362 1415 2421 scri-

101 2467 102 2472 *
170 2445 230 2501 tum
250 2448 306 2516 est,
326 2439 453 2521 Moysem
475 2442 611 2526 decipere
630 2463 690 2506 nau
713 2465 767 2527 po·
809 2460 942 2533 pserunt.
955 2451 1055 2514 Thales
1073 2456 1182 2510 terram
1197 2445 1327 2506 tenebris
1341 2454 1414 2505 ante

170 2523 273 2599 tuisse,
293 2523 381 2585 etiam
400 2527 425 2588 si
442 2529 593 2590 valuisset.
809 2538 903 2598 lucam
922 2535 1081 2596 obductam
1099 2528 1190 2593 luisse
1208 2529 1291 2605 dicit,
1303 2529 1413 2590 Hesio-

209 2606 240 2668 l.
263 2607 469 2673 israelitarum
486 2613 575 2692 fidas,
598 2620 625 2675 el
649 2613 769 2676 traditio
808 2621 873 2694 dus,
893 2618 1089 2704 Callimachus
1108 2627 1137 2677 et
1153 2615 1298 2676 Homerus
1315 2611 1413 2674 aDeo

169 2691 276 2771 Moysis
290 2695 493 2758 auctoritatam
508 2697 673 2776 conspumat.
694 2697 768 2760 Con·
808 2703 958 2766 hominem
975 2721 1010 2763 ex
1024 2703 1084 2762 luto
1096 2700 1232 2762 ellectum
1248 2697 1419 2758 allirmaot.¹

167 2783 223 2836 stat
242 2775 334 2850 enim,
353 2778 432 2857 quod
450 2798 505 2842 uec
527 2781 670 2844 increduli
688 2782 767 2843 dilli·
808 2787 921 2850 Creatio
940 2805 990 2848 sex
1008 2785 1113 2846 diebus
1127 2790 1260 2864 peracta,
1276 2788 1306 2842 at
1322 2780 1413 2860 quies

167 2866 276 2935 tantur,
297 2857 421 2924 ludaeos
443 2863 768 2937 historiamPentateu·
806 2872 855 2936 die
874 2872 1000 2952 septima
1021 2868 1121 2930 habita
1147 2867 1264 2926 videtur
1286 2883 1418 2931 oausam:

166 2943 225 3019 chi,
245 2951 274 3004 et
291 2944 368 3006 lacta
387 2947 417 3008 in
441 2947 545 3009 eodem
566 2958 693 3024 narrata,
714 2969 765 3029 pro
807 2956 935 3031 dedisse,
949 2973 984 3015 ex
997 2972 1056 3034 qua
1069 2951 1147 3027 Itali,
1160 2949 1275 3025 Graeci,
1294 2937 1419 3032 Celtae!

167 3027 242 3090 seris
256 3027 407 3092 babuisse.
424 3028 563 3103 Quarnvis
577 3035 656 3094 enim
672 3033 766 3095 lsrae-
806 3039 882 3116 Iudi,
903 3048 932 3101 et
946 3039 1008 3100 lere
1024 3053 1127 3098 omnes
1144 3033 1245 3114 populi
1264 3040 1420 3112 constan-j

166 3109 235 3172 litae
253 3113 373 3192 saepius
387 3125 489 3176 contra
502 3112 618 3197 Moysen
636 3118 766 3178 insurre·
807 3135 852 3185 tar
869 3141 979 3185 annum
994 3122 1026 3182 iu
1045 3119 1226 3200 septimanas
1244 3112 1418 3177 distribue-·

165 3194 275 3256 sissent
296 3205 326 3256 et
348 3210 592 3276 murmurassent,
613 3220 764 3282 nunquam
806 3209 875 3270 rint.
896 3206 1089 3271 Malmonldes
1102 3210 1234 3277 testatur,
1252 3199 1412 3262 historiam

165 3286 264 3338 tamen
286 3281 412 3343 eundem
439 3284 476 3344 de
502 3285 636 3346 mendaci
660 3303 765 3346 ttarra·
805 3291 921 3367 Adauti,
942 3291 1019 3352 Evae
1035 3298 1064 3350 et
1078 3286 1223 3366 serpentis
1241 3283 1413 3346 seductoris

165 3359 258 3435 lione,
273 3380 325 3423 seu
338 3366 412 3426 salso
424 3368 593 3429 testimonio
610 3388 764 3432 accusasse
779 3407 781 3442 μ
806 3395 858 3438 suo
871 3386 1001 3454 tempore
1013 3372 1091 3452 apud
1108 3370 1196 3432 ludos
1210 3368 1344 3448 aliosque
1357 3367 1418 3447 po-'

164 3444 312 3520 leguntur.
338 3447 417 3512 llaec
442 3461 541 3513 autem
559 3462 716 3530 constans,
736 3463 765 3515 at
806 3461 976 3540 putassetis
992 3465 1091 3518 notam
1106 3454 1209 3516 luisse.
1232 3455 1361 3515 Berosus
1379 3445 1419 3513 iu‘

165 3528 340 3592 universalis
359 3532 536 3595 ludaeorum
553 3537 638 3610 sides,
660 3555 764 3598 narra·
805 3544 977 3618 chaldaicis,
990 3540 1149 3607 Maitalhcn
1165 3537 1195 3598 iu
1215 3535 1420 3616 aegyptiacisp

165 3609 296 3674 tionibus
313 3614 417 3697 Moysis
429 3618 571 3694 exhibita,
588 3620 706 3682 uroximi
719 3631 764 3682 est
779 3679 780 3684 ,
805 3627 1013 3692 Hierosmasio
1024 3621 1419 3706 phoenicibusllcsliaeusp

166 3698 320 3775 momenti,
342 3703 482 3781 quoniam
502 3702 558 3781 ipsi
577 3701 692 3783 Moysen
711 3724 763 3767 co·
804 3713 985 3786 Hecataeus,
1004 3719 1034 3770 et
1060 3707 1228 3771 Hellanicus
1247 3705 1278 3764 in
1293 3713 1419 3781 graecis

164 3797 328 3859 gnoscere,
358 3785 490 3865 eiusque¹
507 3787 709 3849 dexteritatem
736 3789 780 3852 et
807 3797 935 3857 lristoriis
951 3793 1086 3855 homines
1102 3789 1265 3871 primitivos
1280 3807 1333 3869 per
1346 3790 1420 3864 milff

165 3863 365 3929 sinceritatem
378 3869 545 3929 examinare
557 3881 702 3950 poterant:
714 3893 765 3936 ne·
806 3881 832 3940 le
845 3880 961 3940 circiter
971 3896 1064 3939 atritas
1082 3876 1187 3936 vixisse
1206 3872 1352 3934 scribunt.
1366 3870 1420 3935 De'

167 3965 223 4026 que
239 3968 310 4027 gaus
327 3951 439 4028 integra
457 3951 613 4016 admittere
635 3957 710 4018 solet
728 3978 782 4032 ιι·1
805 3964 914 4024 diluvio
934 3961 1112 4023 mentionem
1133 3958 1267 4019 lecerunt
1282 3959 1414 4021 Berosus

166 4034 277 4094 nanimi
298 4052 348 4095 ora
371 4035 446 4103 lacta
466 4036 522 4096 sihi
539 4037 688 4116 indecora,
709 4041 764 4102 uisi
808 4049 883 4108 inter
900 4045 1074 4114 Chaldaeos,
1093 4043 1245 4106 Adidauus
1264 4043 1342 4103 inter
1357 4042 1414 4103 hs·
1450 4081 1451 4088 κ

165 4117 329 4178 certissima
344 4118 414 4192 sint;
436 4127 465 4180 et
485 4121 577 4182 inulto
600 4123 698 4184 miuus
716 4143 782 4198 atr-2
807 4132 911 4212 syrios,
930 4129 1108 4197 Plutarchus
1122 4128 1200 4189 inter
1217 4125 1360 4207 Graec-053
1381 4134 1415 4189 et

166 4194 254 4258 duam
278 4202 493 4279 legislationem
513 4213 545 4266 ut
571 4206 698 4270 divinam
716 4211 782 4270 re,-¹
839 4260 925 4312 Mb
947 4258 1088 4306 emmo,
1176 4213 1177 4218 ’
1350 4212 1396 4218 ”

170 4300 230 4379 Ἦ)
246 4309 271 4355 ¹⁶·
287 4310 297 4356 ⁴
315 4322 337 4359 θ·
352 4313 474 4373 lumcu.,·
507 4389 511 4394 ι
837 4321 868 4378 (3)
884 4321 909 4366 b.
924 4321 1029 4378 tlt‘racp.
1046 4319 1237 4380 ecana.,oap.s.
