<?xml version="1.0" encoding="UTF-8"?>
<!DOCTYPE html PUBLIC "-//W3C//DTD XHTML 1.0 Transitional//EN"
    "http://www.w3.org/TR/xhtml1/DTD/xhtml1-transitional.dtd">
<html xmlns="http://www.w3.org/1999/xhtml" xml:lang="en" lang="en">
 <head>
  <title>
</title>
<meta http-equiv="Content-Type" content="text/html;charset=utf-8" />
  <meta name='ocr-system' content='tesseract 3.04.00' />
  <meta name='ocr-capabilities' content='ocr_page ocr_carea ocr_par ocr_line ocrx_word'/>
</head>
<body>
  <div class='ocr_page' id='page_1' title='image "./institutionesth00knolgoog_0098.png"; bbox 0 0 2918 4734; ppageno 0'>
   <div class='ocr_carea' id='block_1_1' title="bbox 198 139 958 210">
    <p class='ocr_par' dir='ltr' id='par_1_1' title="bbox 198 139 958 210">
     <span class='ocr_line' id='line_1_1' title="bbox 198 139 958 210; baseline -0.014 1"><span class='ocrx_word' id='word_1_1' title='bbox 198 142 238 206; x_wconf 85' lang='lat'>88</span> <span class='ocrx_word' id='word_1_2' title='bbox 253 139 262 150; x_wconf 73' lang='grc'><strong>’</strong></span> <span class='ocrx_word' id='word_1_3' title='bbox 592 157 780 210; x_wconf 72' lang='lat' dir='ltr'>runouoems</span> <span class='ocrx_word' id='word_1_4' title='bbox 796 157 958 206; x_wconf 71' lang='lat' dir='ltr'>ommis</span> 
     </span>
    </p>
   </div>
   <div class='ocr_carea' id='block_1_2' title="bbox 100 222 1454 2585">
    <p class='ocr_par' dir='ltr' id='par_1_2' title="bbox 100 222 1454 2585">
     <span class='ocr_line' id='line_1_2' title="bbox 157 222 1407 321; baseline -0.015 -17"><span class='ocrx_word' id='word_1_5' title='bbox 157 240 221 304; x_wconf 83' lang='lat' dir='ltr'>aim</span> <span class='ocrx_word' id='word_1_6' title='bbox 245 241 276 304; x_wconf 94' lang='lat' dir='ltr'>in</span> <span class='ocrx_word' id='word_1_7' title='bbox 306 240 458 306; x_wconf 74' lang='lat' dir='ltr'>miraculis</span> <span class='ocrx_word' id='word_1_8' title='bbox 490 249 520 304; x_wconf 87' lang='lat' dir='ltr'>et</span> <span class='ocrx_word' id='word_1_9' title='bbox 542 241 710 321; x_wconf 89' lang='lat' dir='ltr'>vaticiniis,</span> <span class='ocrx_word' id='word_1_10' title='bbox 729 251 762 305; x_wconf 93' lang='lat' dir='ltr'>ut</span> <span class='ocrx_word' id='word_1_11' title='bbox 802 247 857 316; x_wconf 88' lang='lat' dir='ltr'>est,</span> <span class='ocrx_word' id='word_1_12' title='bbox 874 232 1158 302; x_wconf 84' lang='lat' dir='ltr'>etsiinlalsitatem</span> <span class='ocrx_word' id='word_1_13' title='bbox 1172 223 1335 307; x_wconf 82' lang='lat' dir='ltr'>aliquando</span> <span class='ocrx_word' id='word_1_14' title='bbox 1358 222 1407 286; x_wconf 88' lang='lat' dir='ltr'>ab</span> 
     </span>
     <span class='ocr_line' id='line_1_3' title="bbox 159 306 1420 405; baseline -0.014 -19"><span class='ocrx_word' id='word_1_15' title='bbox 159 325 315 405; x_wconf 88' lang='lat' dir='ltr'>probatum</span> <span class='ocrx_word' id='word_1_16' title='bbox 329 335 385 402; x_wconf 87' lang='lat' dir='ltr'>est,</span> <span class='ocrx_word' id='word_1_17' title='bbox 399 327 603 388; x_wconf 89' lang='lat' dir='ltr'>immediatum</span> <span class='ocrx_word' id='word_1_18' title='bbox 613 345 701 388; x_wconf 51' lang='lat' dir='ltr'>¹suum</span> <span class='ocrx_word' id='word_1_19' title='bbox 715 328 762 390; x_wconf 91' lang='lat' dir='ltr'>in·</span> <span class='ocrx_word' id='word_1_20' title='bbox 801 323 844 385; x_wconf 89' lang='lat' dir='ltr'>ire</span> <span class='ocrx_word' id='word_1_21' title='bbox 862 326 973 402; x_wconf 90' lang='lat' dir='ltr'>posset,</span> <span class='ocrx_word' id='word_1_22' title='bbox 997 317 1056 380; x_wconf 87' lang='lat' dir='ltr'>iarn</span> <span class='ocrx_word' id='word_1_23' title='bbox 1079 313 1150 396; x_wconf 87' lang='lat' dir='ltr'>quid</span> <span class='ocrx_word' id='word_1_24' title='bbox 1179 328 1299 386; x_wconf 88' lang='lat' dir='ltr'>verum,</span> <span class='ocrx_word' id='word_1_25' title='bbox 1331 306 1420 388; x_wconf 75' lang='lat' dir='ltr'>quill</span> 
     </span>
     <span class='ocr_line' id='line_1_4' title="bbox 100 392 1420 484; baseline -0.011 -19"><span class='ocrx_word' id='word_1_26' title='bbox 100 461 102 465; x_wconf 87' lang='lat'>.</span> <span class='ocrx_word' id='word_1_27' title='bbox 159 409 282 484; x_wconf 87' lang='lat' dir='ltr'>fluxum,</span> <span class='ocrx_word' id='word_1_28' title='bbox 303 417 333 472; x_wconf 90' lang='lat' dir='ltr'>et</span> <span class='ocrx_word' id='word_1_29' title='bbox 349 409 612 472; x_wconf 76' lang='lat' dir='ltr'><strong>extraordinariam</strong></span> <span class='ocrx_word' id='word_1_30' title='bbox 627 429 711 472; x_wconf 89' lang='lat' dir='ltr'>suam</span> <span class='ocrx_word' id='word_1_31' title='bbox 723 431 759 484; x_wconf 67' lang='lat' dir='ltr'>p»</span> <span class='ocrx_word' id='word_1_32' title='bbox 779 461 780 464; x_wconf 63' lang='grc'>,</span> <span class='ocrx_word' id='word_1_33' title='bbox 800 407 906 470; x_wconf 88' lang='lat' dir='ltr'>laisum</span> <span class='ocrx_word' id='word_1_34' title='bbox 924 404 974 480; x_wconf 92' lang='lat' dir='ltr'>sit,</span> <span class='ocrx_word' id='word_1_35' title='bbox 991 419 1049 462; x_wconf 93' lang='lat' dir='ltr'>non</span> <span class='ocrx_word' id='word_1_36' title='bbox 1063 397 1191 478; x_wconf 81' lang='lat' dir='ltr'>amplius</span> <span class='ocrx_word' id='word_1_37' title='bbox 1205 392 1280 456; x_wconf 89' lang='lat' dir='ltr'>scire</span> <span class='ocrx_word' id='word_1_38' title='bbox 1299 409 1420 474; x_wconf 87' lang='lat' dir='ltr'>posse·</span> 
     </span>
     <span class='ocr_line' id='line_1_5' title="bbox 157 475 1418 572; baseline -0.016 -18"><span class='ocrx_word' id='word_1_39' title='bbox 157 492 341 572; x_wconf 87' lang='lat' dir='ltr'>perationem</span> <span class='ocrx_word' id='word_1_40' title='bbox 354 492 584 556; x_wconf 79' lang='lat' dir='ltr'>ostenditzlleus</span> <span class='ocrx_word' id='word_1_41' title='bbox 597 502 759 558; x_wconf 90' lang='lat' dir='ltr'>autemnec</span> <span class='ocrx_word' id='word_1_42' title='bbox 799 509 877 565; x_wconf 87' lang='lat' dir='ltr'>mus,</span> <span class='ocrx_word' id='word_1_43' title='bbox 898 487 975 570; x_wconf 78' lang='lat' dir='ltr'>quod</span> <span class='ocrx_word' id='word_1_44' title='bbox 996 482 1157 547; x_wconf 87' lang='lat' dir='ltr'>absurdum</span> <span class='ocrx_word' id='word_1_45' title='bbox 1180 485 1235 540; x_wconf 89' lang='lat' dir='ltr'>ast.</span> <span class='ocrx_word' id='word_1_46' title='bbox 1256 475 1309 537; x_wconf 92' lang='lat' dir='ltr'>Vis</span> <span class='ocrx_word' id='word_1_47' title='bbox 1330 493 1418 556; x_wconf 89' lang='lat' dir='ltr'>pro-</span> 
     </span>
     <span class='ocr_line' id='line_1_6' title="bbox 157 558 1418 658; baseline -0.014 -22"><span class='ocrx_word' id='word_1_48' title='bbox 157 593 210 656; x_wconf 91' lang='lat' dir='ltr'>per</span> <span class='ocrx_word' id='word_1_49' title='bbox 219 595 263 652; x_wconf 85' lang='lat' dir='ltr'>se,</span> <span class='ocrx_word' id='word_1_50' title='bbox 279 595 334 639; x_wconf 91' lang='lat' dir='ltr'>nec</span> <span class='ocrx_word' id='word_1_51' title='bbox 353 596 406 658; x_wconf 89' lang='lat' dir='ltr'>per</span> <span class='ocrx_word' id='word_1_52' title='bbox 420 578 494 638; x_wconf 89' lang='lat' dir='ltr'>alios</span> <span class='ocrx_word' id='word_1_53' title='bbox 509 577 539 639; x_wconf 95' lang='lat' dir='ltr'>in</span> <span class='ocrx_word' id='word_1_54' title='bbox 556 579 756 640; x_wconf 88' lang='lat' dir='ltr'>necessarium</span> <span class='ocrx_word' id='word_1_55' title='bbox 777 643 778 646; x_wconf 51' lang='lat'>,</span> <span class='ocrx_word' id='word_1_56' title='bbox 799 573 901 647; x_wconf 88' lang='lat' dir='ltr'>bandi,</span> <span class='ocrx_word' id='word_1_57' title='bbox 925 572 1022 636; x_wconf 80' lang='lat' dir='ltr'>elatam</span> <span class='ocrx_word' id='word_1_58' title='bbox 1042 584 1108 628; x_wconf 89' lang='lat' dir='ltr'>esse</span> <span class='ocrx_word' id='word_1_59' title='bbox 1130 581 1198 626; x_wconf 89' lang='lat' dir='ltr'>vere</span> <span class='ocrx_word' id='word_1_60' title='bbox 1226 558 1418 638; x_wconf 82' lang='lat' dir='ltr'>religionem</span> 
     </span>
     <span class='ocr_line' id='line_1_7' title="bbox 156 643 1406 812; baseline -0.014 -92"><span class='ocrx_word' id='word_1_61' title='bbox 156 677 286 722; x_wconf 88' lang='lat' dir='ltr'>errorem</span> <span class='ocrx_word' id='word_1_62' title='bbox 310 661 453 725; x_wconf 80' lang='lat' dir='ltr'><strong>inducere</strong></span> <span class='ocrx_word' id='word_1_63' title='bbox 478 669 574 742; x_wconf 91' lang='lat' dir='ltr'>potest</span> <span class='ocrx_word' id='word_1_64' title='bbox 606 659 755 740; x_wconf 88' lang='lat' dir='ltr'>homines,</span> <span class='ocrx_word' id='word_1_65' title='bbox 775 647 780 812; x_wconf 61' lang='lat' dir='ltr'>p</span> <span class='ocrx_word' id='word_1_66' title='bbox 798 658 969 730; x_wconf 79' lang='lat' dir='ltr'>revelatam,</span> <span class='ocrx_word' id='word_1_67' title='bbox 983 670 1058 734; x_wconf 89' lang='lat' dir='ltr'>qnae</span> <span class='ocrx_word' id='word_1_68' title='bbox 1071 644 1294 711; x_wconf 78' lang='lat' dir='ltr'>characteribus</span> <span class='ocrx_word' id='word_1_69' title='bbox 1310 643 1406 704; x_wconf 89' lang='lat' dir='ltr'>inter</span> 
     </span>
     <span class='ocr_line' id='line_1_8' title="bbox 156 726 1418 823; baseline -0.013 -19"><span class='ocrx_word' id='word_1_70' title='bbox 156 745 350 823; x_wconf 85' lang='lat' dir='ltr'>quosvultad</span> <span class='ocrx_word' id='word_1_71' title='bbox 364 746 531 821; x_wconf 88' lang='lat' dir='ltr'>veritatem,</span> <span class='ocrx_word' id='word_1_72' title='bbox 546 742 755 823; x_wconf 86' lang='lat' dir='ltr'>moralitatem,</span> <span class='ocrx_word' id='word_1_73' title='bbox 797 743 855 816; x_wconf 90' lang='lat' dir='ltr'>nis,</span> <span class='ocrx_word' id='word_1_74' title='bbox 877 749 907 802; x_wconf 93' lang='lat' dir='ltr'>et</span> <span class='ocrx_word' id='word_1_75' title='bbox 928 735 1057 802; x_wconf 83' lang='lat' dir='ltr'>externis</span> <span class='ocrx_word' id='word_1_76' title='bbox 1085 735 1179 807; x_wconf 87' lang='lat' dir='ltr'>inest,</span> <span class='ocrx_word' id='word_1_77' title='bbox 1200 747 1258 790; x_wconf 89' lang='lat' dir='ltr'>non</span> <span class='ocrx_word' id='word_1_78' title='bbox 1277 726 1418 789; x_wconf 88' lang='lat' dir='ltr'>aliunne</span> 
     </span>
     <span class='ocr_line' id='line_1_9' title="bbox 155 810 1415 906; baseline -0.015 -17"><span class='ocrx_word' id='word_1_79' title='bbox 155 837 184 889; x_wconf 88' lang='lat' dir='ltr'>et</span> <span class='ocrx_word' id='word_1_80' title='bbox 200 827 371 890; x_wconf 72' lang='lat' dir='ltr'>felicitatem</span> <span class='ocrx_word' id='word_1_81' title='bbox 392 830 524 894; x_wconf 88' lang='lat' dir='ltr'>tendere:</span> <span class='ocrx_word' id='word_1_82' title='bbox 544 825 574 891; x_wconf 88' lang='lat' dir='ltr'>Si</span> <span class='ocrx_word' id='word_1_83' title='bbox 592 847 660 906; x_wconf 90' lang='lat' dir='ltr'>ergo</span> <span class='ocrx_word' id='word_1_84' title='bbox 679 829 756 892; x_wconf 84' lang='lat' dir='ltr'>bens</span> <span class='ocrx_word' id='word_1_85' title='bbox 797 834 853 900; x_wconf 91' lang='lat' dir='ltr'>est,</span> <span class='ocrx_word' id='word_1_86' title='bbox 873 842 961 906; x_wconf 85' lang='lat' dir='ltr'>quarn</span> <span class='ocrx_word' id='word_1_87' title='bbox 981 819 1063 902; x_wconf 81' lang='lat' dir='ltr'>quoti</span> <span class='ocrx_word' id='word_1_88' title='bbox 1075 818 1134 879; x_wconf 89' lang='lat' dir='ltr'>sint</span> <span class='ocrx_word' id='word_1_89' title='bbox 1148 811 1319 879; x_wconf 88' lang='lat' dir='ltr'>testimonia</span> <span class='ocrx_word' id='word_1_90' title='bbox 1333 810 1415 888; x_wconf 83' lang='lat' dir='ltr'>Dei,</span> 
     </span>
     <span class='ocr_line' id='line_1_10' title="bbox 155 899 1416 987; baseline -0.014 -15"><span class='ocrx_word' id='word_1_91' title='bbox 155 910 185 972; x_wconf 86' lang='lat' dir='ltr'>in</span> <span class='ocrx_word' id='word_1_92' title='bbox 197 913 452 976; x_wconf 82' lang='lat' dir='ltr'>confirmationem</span> <span class='ocrx_word' id='word_1_93' title='bbox 472 912 637 987; x_wconf 89' lang='lat' dir='ltr'>doctrinae,</span> <span class='ocrx_word' id='word_1_94' title='bbox 659 913 755 976; x_wconf 90' lang='lat' dir='ltr'>unde·</span> <span class='ocrx_word' id='word_1_95' title='bbox 796 945 835 956; x_wconf 91' lang='lat'>-</span> <span class='ocrx_word' id='word_1_96' title='bbox 851 908 902 970; x_wconf 89' lang='lat' dir='ltr'>sed</span> <span class='ocrx_word' id='word_1_97' title='bbox 922 902 1092 968; x_wconf 88' lang='lat' dir='ltr'>testimonia</span> <span class='ocrx_word' id='word_1_98' title='bbox 1106 899 1159 963; x_wconf 83' lang='lat' dir='ltr'>uei</span> <span class='ocrx_word' id='word_1_99' title='bbox 1177 913 1307 976; x_wconf 86' lang='lat' dir='ltr'>semper,</span> <span class='ocrx_word' id='word_1_100' title='bbox 1323 902 1360 955; x_wconf 88' lang='lat' dir='ltr'>et</span> <span class='ocrx_word' id='word_1_101' title='bbox 1378 914 1416 956; x_wconf 92' lang='lat' dir='ltr'>o·</span> 
     </span>
     <span class='ocr_line' id='line_1_11' title="bbox 157 981 1412 1078; baseline -0.013 -22"><span class='ocrx_word' id='word_1_102' title='bbox 157 1013 275 1076; x_wconf 87' lang='lat' dir='ltr'>quaque</span> <span class='ocrx_word' id='word_1_103' title='bbox 290 1015 393 1077; x_wconf 86' lang='lat' dir='ltr'>purae,</span> <span class='ocrx_word' id='word_1_104' title='bbox 410 1004 439 1058; x_wconf 90' lang='lat' dir='ltr'>et</span> <span class='ocrx_word' id='word_1_105' title='bbox 457 1005 576 1058; x_wconf 87' lang='lat' dir='ltr'>sanctae</span> <span class='ocrx_word' id='word_1_106' title='bbox 590 997 636 1057; x_wconf 94' lang='lat' dir='ltr'>vel</span> <span class='ocrx_word' id='word_1_107' title='bbox 647 1009 754 1078; x_wconf 86' lang='lat' dir='ltr'>perse,</span> <span class='ocrx_word' id='word_1_108' title='bbox 796 993 860 1056; x_wconf 86' lang='lat' dir='ltr'>mni</span> <span class='ocrx_word' id='word_1_109' title='bbox 878 1001 1011 1073; x_wconf 85' lang='lat' dir='ltr'>tempore</span> <span class='ocrx_word' id='word_1_110' title='bbox 1036 1005 1116 1061; x_wconf 90' lang='lat' dir='ltr'>vera,</span> <span class='ocrx_word' id='word_1_111' title='bbox 1144 991 1174 1045; x_wconf 90' lang='lat' dir='ltr'>et</span> <span class='ocrx_word' id='word_1_112' title='bbox 1192 981 1295 1044; x_wconf 86' lang='lat' dir='ltr'>eadem</span> <span class='ocrx_word' id='word_1_113' title='bbox 1315 988 1412 1053; x_wconf 87' lang='lat' dir='ltr'>sunt,</span> 
     </span>
     <span class='ocr_line' id='line_1_12' title="bbox 153 1061 1412 1160; baseline -0.012 -21"><span class='ocrx_word' id='word_1_114' title='bbox 153 1079 198 1140; x_wconf 92' lang='lat' dir='ltr'>vel</span> <span class='ocrx_word' id='word_1_115' title='bbox 217 1098 270 1159; x_wconf 89' lang='lat' dir='ltr'>per</span> <span class='ocrx_word' id='word_1_116' title='bbox 298 1080 386 1142; x_wconf 88' lang='lat' dir='ltr'>huius</span> <span class='ocrx_word' id='word_1_117' title='bbox 414 1097 589 1160; x_wconf 80' lang='lat' dir='ltr'>praeconem</span> <span class='ocrx_word' id='word_1_118' title='bbox 614 1079 756 1143; x_wconf 89' lang='lat' dir='ltr'>miracula</span> <span class='ocrx_word' id='word_1_119' title='bbox 795 1095 877 1155; x_wconf 84' lang='lat' dir='ltr'>ergo,</span> <span class='ocrx_word' id='word_1_120' title='bbox 899 1084 931 1136; x_wconf 87' lang='lat' dir='ltr'>ut</span> <span class='ocrx_word' id='word_1_121' title='bbox 946 1093 998 1155; x_wconf 89' lang='lat' dir='ltr'>pro</span> <span class='ocrx_word' id='word_1_122' title='bbox 1017 1069 1099 1152; x_wconf 87' lang='lat' dir='ltr'>omni</span> <span class='ocrx_word' id='word_1_123' title='bbox 1118 1075 1250 1147; x_wconf 82' lang='lat' dir='ltr'>temporo</span> <span class='ocrx_word' id='word_1_124' title='bbox 1268 1061 1412 1124; x_wconf 87' lang='lat' dir='ltr'>babeant</span> 
     </span>
     <span class='ocr_line' id='line_1_13' title="bbox 153 1147 1311 1244; baseline -0.013 -21"><span class='ocrx_word' id='word_1_125' title='bbox 153 1171 262 1242; x_wconf 88' lang='lat' dir='ltr'>patrat,</span> <span class='ocrx_word' id='word_1_126' title='bbox 280 1173 310 1226; x_wconf 89' lang='lat' dir='ltr'>et</span> <span class='ocrx_word' id='word_1_127' title='bbox 329 1163 466 1225; x_wconf 89' lang='lat' dir='ltr'>vaticinia</span> <span class='ocrx_word' id='word_1_128' title='bbox 477 1163 549 1238; x_wconf 89' lang='lat' dir='ltr'>edit,</span> <span class='ocrx_word' id='word_1_129' title='bbox 569 1171 639 1226; x_wconf 91' lang='lat' dir='ltr'>tnnc</span> <span class='ocrx_word' id='word_1_130' title='bbox 653 1183 705 1244; x_wconf 93' lang='lat' dir='ltr'>pro</span> <span class='ocrx_word' id='word_1_131' title='bbox 719 1165 756 1228; x_wconf 90' lang='lat' dir='ltr'>il·</span> <span class='ocrx_word' id='word_1_132' title='bbox 794 1160 852 1221; x_wconf 91' lang='lat' dir='ltr'>vim</span> <span class='ocrx_word' id='word_1_133' title='bbox 872 1156 1030 1240; x_wconf 89' lang='lat' dir='ltr'>probandi,</span> <span class='ocrx_word' id='word_1_134' title='bbox 1050 1161 1094 1216; x_wconf 90' lang='lat' dir='ltr'>est</span> <span class='ocrx_word' id='word_1_135' title='bbox 1111 1167 1232 1214; x_wconf 88' lang='lat' dir='ltr'>neccsse</span> <span class='ocrx_word' id='word_1_136' title='bbox 1252 1147 1311 1228; x_wconf 76' lang='lat' dir='ltr'>ll).</span> 
     </span>
     <span class='ocr_line' id='line_1_14' title="bbox 154 1233 1410 1312; baseline -0.014 -6"><span class='ocrx_word' id='word_1_137' title='bbox 154 1245 212 1308; x_wconf 88' lang='lat' dir='ltr'>lius</span> <span class='ocrx_word' id='word_1_138' title='bbox 228 1247 352 1310; x_wconf 88' lang='lat' dir='ltr'>veritate</span> <span class='ocrx_word' id='word_1_139' title='bbox 381 1247 529 1312; x_wconf 88' lang='lat' dir='ltr'>habentur</span> <span class='ocrx_word' id='word_1_140' title='bbox 545 1247 598 1310; x_wconf 89' lang='lat' dir='ltr'>Dei</span> <span class='ocrx_word' id='word_1_141' title='bbox 619 1249 754 1312; x_wconf 89' lang='lat' dir='ltr'>testimo·</span> <span class='ocrx_word' id='word_1_142' title='bbox 836 1244 867 1305; x_wconf 81' lang='lat' dir='ltr'>l.</span> <span class='ocrx_word' id='word_1_143' title='bbox 888 1241 970 1306; x_wconf 89' lang='lat' dir='ltr'>Sicut</span> <span class='ocrx_word' id='word_1_144' title='bbox 998 1239 1077 1302; x_wconf 88' lang='lat' dir='ltr'>Deus</span> <span class='ocrx_word' id='word_1_145' title='bbox 1098 1233 1199 1298; x_wconf 90' lang='lat' dir='ltr'>omnia</span> <span class='ocrx_word' id='word_1_146' title='bbox 1227 1247 1318 1312; x_wconf 92' lang='lat' dir='ltr'>opera</span> <span class='ocrx_word' id='word_1_147' title='bbox 1347 1247 1410 1290; x_wconf 85' lang='lat' dir='ltr'>sna</span> 
     </span>
     <span class='ocr_line' id='line_1_15' title="bbox 153 1315 1410 1412; baseline -0.014 -21"><span class='ocrx_word' id='word_1_148' title='bbox 153 1329 215 1406; x_wconf 90' lang='lat' dir='ltr'>nia,</span> <span class='ocrx_word' id='word_1_149' title='bbox 236 1339 265 1392; x_wconf 91' lang='lat' dir='ltr'>et</span> <span class='ocrx_word' id='word_1_150' title='bbox 283 1332 401 1394; x_wconf 89' lang='lat' dir='ltr'>divinae</span> <span class='ocrx_word' id='word_1_151' title='bbox 424 1331 611 1394; x_wconf 89' lang='lat' dir='ltr'>revelationis</span> <span class='ocrx_word' id='word_1_152' title='bbox 629 1334 752 1412; x_wconf 86' lang='lat' dir='ltr'>complo—</span> <span class='ocrx_word' id='word_1_153' title='bbox 794 1325 1013 1411; x_wconf 84' lang='lat' dir='ltr'>sapientissime</span> <span class='ocrx_word' id='word_1_154' title='bbox 1038 1338 1098 1384; x_wconf 91' lang='lat' dir='ltr'>non</span> <span class='ocrx_word' id='word_1_155' title='bbox 1116 1318 1212 1382; x_wconf 90' lang='lat' dir='ltr'>solum</span> <span class='ocrx_word' id='word_1_156' title='bbox 1231 1322 1324 1391; x_wconf 90' lang='lat' dir='ltr'>creat,</span> <span class='ocrx_word' id='word_1_157' title='bbox 1349 1315 1410 1375; x_wconf 80' lang='lat' dir='ltr'>sevi</span> 
     </span>
     <span class='ocr_line' id='line_1_16' title="bbox 153 1397 1409 1497; baseline -0.014 -21"><span class='ocrx_word' id='word_1_158' title='bbox 153 1420 183 1476; x_wconf 86' lang='lat' dir='ltr'>to</span> <span class='ocrx_word' id='word_1_159' title='bbox 201 1414 332 1489; x_wconf 89' lang='lat' dir='ltr'>criteria,</span> <span class='ocrx_word' id='word_1_160' title='bbox 345 1414 440 1497; x_wconf 85' lang='lat' dir='ltr'>iisque</span> <span class='ocrx_word' id='word_1_161' title='bbox 456 1433 560 1496; x_wconf 88' lang='lat' dir='ltr'>parare</span> <span class='ocrx_word' id='word_1_162' title='bbox 578 1415 670 1492; x_wconf 92' lang='lat' dir='ltr'>nolle,</span> <span class='ocrx_word' id='word_1_163' title='bbox 685 1424 752 1479; x_wconf 90' lang='lat' dir='ltr'>tan·</span> <span class='ocrx_word' id='word_1_164' title='bbox 795 1420 825 1474; x_wconf 92' lang='lat' dir='ltr'>et</span> <span class='ocrx_word' id='word_1_165' title='bbox 844 1410 1002 1490; x_wconf 81' lang='lat' dir='ltr'>gubernat,</span> <span class='ocrx_word' id='word_1_166' title='bbox 1022 1405 1065 1469; x_wconf 89' lang='lat' dir='ltr'>sic</span> <span class='ocrx_word' id='word_1_167' title='bbox 1087 1403 1200 1482; x_wconf 85' lang='lat' dir='ltr'>absque</span> <span class='ocrx_word' id='word_1_168' title='bbox 1222 1399 1314 1460; x_wconf 88' lang='lat' dir='ltr'>dubio</span> <span class='ocrx_word' id='word_1_169' title='bbox 1337 1397 1409 1460; x_wconf 87' lang='lat' dir='ltr'>Re-</span> 
     </span>
     <span class='ocr_line' id='line_1_17' title="bbox 153 1481 1409 1579; baseline -0.007 -21"><span class='ocrx_word' id='word_1_170' title='bbox 153 1497 273 1560; x_wconf 87' lang='lat' dir='ltr'>tundenr</span> <span class='ocrx_word' id='word_1_171' title='bbox 293 1499 382 1574; x_wconf 81' lang='lat' dir='ltr'>soret,</span> <span class='ocrx_word' id='word_1_172' title='bbox 398 1518 433 1560; x_wconf 90' lang='lat' dir='ltr'>ac</span> <span class='ocrx_word' id='word_1_173' title='bbox 451 1499 570 1579; x_wconf 91' lang='lat' dir='ltr'>ipsimet</span> <span class='ocrx_word' id='word_1_174' title='bbox 581 1499 690 1562; x_wconf 89' lang='lat' dir='ltr'>rationi</span> <span class='ocrx_word' id='word_1_175' title='bbox 702 1519 752 1564; x_wconf 92' lang='lat' dir='ltr'>sa·</span> <span class='ocrx_word' id='word_1_176' title='bbox 793 1496 970 1558; x_wconf 83' lang='lat' dir='ltr'>relationem</span> <span class='ocrx_word' id='word_1_177' title='bbox 982 1506 1113 1574; x_wconf 87' lang='lat' dir='ltr'>quoqne,</span> <span class='ocrx_word' id='word_1_178' title='bbox 1127 1481 1409 1568; x_wconf 80' lang='lat' dir='ltr'>quambominibus</span> 
     </span>
     <span class='ocr_line' id='line_1_18' title="bbox 152 1570 1396 1664; baseline -0.011 -22"><span class='ocrx_word' id='word_1_179' title='bbox 152 1599 208 1642; x_wconf 85' lang='lat' dir='ltr'>nae</span> <span class='ocrx_word' id='word_1_180' title='bbox 225 1581 380 1659; x_wconf 88' lang='lat' dir='ltr'>insultare,</span> <span class='ocrx_word' id='word_1_181' title='bbox 403 1585 580 1664; x_wconf 86' lang='lat' dir='ltr'>regulasque</span> <span class='ocrx_word' id='word_1_182' title='bbox 602 1593 682 1646; x_wconf 91' lang='lat' dir='ltr'>recte</span> <span class='ocrx_word' id='word_1_183' title='bbox 700 1603 753 1647; x_wconf 89' lang='lat' dir='ltr'>co·</span> <span class='ocrx_word' id='word_1_184' title='bbox 794 1580 926 1643; x_wconf 89' lang='lat' dir='ltr'>onmium</span> <span class='ocrx_word' id='word_1_185' title='bbox 942 1588 1121 1657; x_wconf 88' lang='lat' dir='ltr'>temporum,</span> <span class='ocrx_word' id='word_1_186' title='bbox 1138 1578 1168 1632; x_wconf 85' lang='lat' dir='ltr'>et</span> <span class='ocrx_word' id='word_1_187' title='bbox 1180 1570 1313 1630; x_wconf 89' lang='lat' dir='ltr'>locorum</span> <span class='ocrx_word' id='word_1_188' title='bbox 1327 1585 1396 1628; x_wconf 90' lang='lat' dir='ltr'>con</span> 
     </span>
     <span class='ocr_line' id='line_1_19' title="bbox 129 1651 1408 1742; baseline -0.009 -21"><span class='ocrx_word' id='word_1_189' title='bbox 129 1716 132 1721; x_wconf 91' lang='lat'>.</span> <span class='ocrx_word' id='word_1_190' title='bbox 151 1665 263 1742; x_wconf 87' lang='lat' dir='ltr'>gitandi</span> <span class='ocrx_word' id='word_1_191' title='bbox 278 1667 452 1730; x_wconf 75' lang='lat' dir='ltr'>murculoare</span> <span class='ocrx_word' id='word_1_192' title='bbox 470 1668 556 1730; x_wconf 90' lang='lat' dir='ltr'>velle.</span> <span class='ocrx_word' id='word_1_193' title='bbox 794 1663 898 1726; x_wconf 85' lang='lat' dir='ltr'>cedere</span> <span class='ocrx_word' id='word_1_194' title='bbox 914 1663 1063 1740; x_wconf 78' lang='lat' dir='ltr'>dignatur,</span> <span class='ocrx_word' id='word_1_195' title='bbox 1084 1651 1302 1736; x_wconf 84' lang='lat' dir='ltr'>sapientissime</span> <span class='ocrx_word' id='word_1_196' title='bbox 1321 1668 1408 1712; x_wconf 92' lang='lat' dir='ltr'>con-</span> 
     </span>
     <span class='ocr_line' id='line_1_20' title="bbox 196 1735 1407 1838; baseline -0.007 -26"><span class='ocrx_word' id='word_1_197' title='bbox 196 1751 226 1812; x_wconf 86' lang='lat'>3.</span> <span class='ocrx_word' id='word_1_198' title='bbox 243 1749 440 1838; x_wconf 65' lang='lat' dir='ltr'>characteres,</span> <span class='ocrx_word' id='word_1_199' title='bbox 451 1751 562 1814; x_wconf 91' lang='lat' dir='ltr'>interni</span> <span class='ocrx_word' id='word_1_200' title='bbox 577 1759 607 1812; x_wconf 94' lang='lat' dir='ltr'>et</span> <span class='ocrx_word' id='word_1_201' title='bbox 623 1751 765 1828; x_wconf 84' lang='lat' dir='ltr'>externi,</span> <span class='ocrx_word' id='word_1_202' title='bbox 793 1766 922 1824; x_wconf 85' lang='lat' dir='ltr'>servare,</span> <span class='ocrx_word' id='word_1_203' title='bbox 935 1760 1114 1827; x_wconf 87' lang='lat' dir='ltr'>propagare,</span> <span class='ocrx_word' id='word_1_204' title='bbox 1124 1747 1153 1800; x_wconf 85' lang='lat' dir='ltr'>el</span> <span class='ocrx_word' id='word_1_205' title='bbox 1162 1736 1198 1798; x_wconf 82' lang='lat' dir='ltr'>ad</span> <span class='ocrx_word' id='word_1_206' title='bbox 1212 1735 1299 1800; x_wconf 80' lang='lat' dir='ltr'>finem</span> <span class='ocrx_word' id='word_1_207' title='bbox 1308 1753 1407 1795; x_wconf 80' lang='lat' dir='ltr'>suum</span> 
     </span>
     <span class='ocr_line' id='line_1_21' title="bbox 152 1816 1409 1917; baseline -0.018 -19"><span class='ocrx_word' id='word_1_208' title='bbox 152 1836 295 1898; x_wconf 87' lang='lat' dir='ltr'>miracula</span> <span class='ocrx_word' id='word_1_209' title='bbox 312 1835 499 1917; x_wconf 88' lang='lat' dir='ltr'>praesertim,</span> <span class='ocrx_word' id='word_1_210' title='bbox 519 1845 549 1897; x_wconf 91' lang='lat' dir='ltr'>et</span> <span class='ocrx_word' id='word_1_211' title='bbox 566 1835 751 1916; x_wconf 82' lang='lat' dir='ltr'>prophetiae,</span> <span class='ocrx_word' id='word_1_212' title='bbox 793 1831 959 1911; x_wconf 88' lang='lat' dir='ltr'>gubernare</span> <span class='ocrx_word' id='word_1_213' title='bbox 977 1847 1038 1890; x_wconf 93' lang='lat' dir='ltr'>non</span> <span class='ocrx_word' id='word_1_214' title='bbox 1053 1822 1172 1888; x_wconf 85' lang='lat' dir='ltr'>desinit.</span> <span class='ocrx_word' id='word_1_215' title='bbox 1190 1819 1260 1881; x_wconf 82' lang='lat' dir='ltr'>ldeo</span> <span class='ocrx_word' id='word_1_216' title='bbox 1280 1817 1312 1878; x_wconf 92' lang='lat' dir='ltr'>in</span> <span class='ocrx_word' id='word_1_217' title='bbox 1331 1816 1409 1898; x_wconf 84' lang='lat' dir='ltr'>ipsa</span> 
     </span>
     <span class='ocr_line' id='line_1_22' title="bbox 151 1901 1409 2001; baseline -0.016 -18"><span class='ocrx_word' id='word_1_218' title='bbox 151 1922 177 1983; x_wconf 92' lang='lat' dir='ltr'>si</span> <span class='ocrx_word' id='word_1_219' title='bbox 195 1918 296 1996; x_wconf 87' lang='lat' dir='ltr'>simul,</span> <span class='ocrx_word' id='word_1_220' title='bbox 313 1928 346 1981; x_wconf 91' lang='lat' dir='ltr'>ut</span> <span class='ocrx_word' id='word_1_221' title='bbox 357 1928 488 2001; x_wconf 90' lang='lat' dir='ltr'>oportet,</span> <span class='ocrx_word' id='word_1_222' title='bbox 505 1928 671 1994; x_wconf 90' lang='lat' dir='ltr'>sumantur,</span> <span class='ocrx_word' id='word_1_223' title='bbox 684 1926 753 1982; x_wconf 87' lang='lat' dir='ltr'>sunt</span> <span class='ocrx_word' id='word_1_224' title='bbox 793 1915 945 1979; x_wconf 83' lang='lat' dir='ltr'>doctrinae</span> <span class='ocrx_word' id='word_1_225' title='bbox 962 1912 1109 1976; x_wconf 84' lang='lat' dir='ltr'>revelatae</span> <span class='ocrx_word' id='word_1_226' title='bbox 1127 1901 1357 1968; x_wconf 86' lang='lat' dir='ltr'>conservatione</span> <span class='ocrx_word' id='word_1_227' title='bbox 1375 1913 1409 1962; x_wconf 88' lang='lat' dir='ltr'>et</span> 
     </span>
     <span class='ocr_line' id='line_1_23' title="bbox 151 1985 1408 2083; baseline -0.015 -17"><span class='ocrx_word' id='word_1_228' title='bbox 151 2003 752 2083; x_wconf 85' lang='lat' dir='ltr'>certissimaargumentareligionisaIleo</span> <span class='ocrx_word' id='word_1_229' title='bbox 793 1999 1018 2082; x_wconf 84' lang='lat' dir='ltr'>propagatione,</span> <span class='ocrx_word' id='word_1_230' title='bbox 1032 2004 1121 2075; x_wconf 89' lang='lat' dir='ltr'>atque</span> <span class='ocrx_word' id='word_1_231' title='bbox 1138 1989 1168 2051; x_wconf 93' lang='lat' dir='ltr'>in</span> <span class='ocrx_word' id='word_1_232' title='bbox 1184 1985 1266 2049; x_wconf 89' lang='lat' dir='ltr'>miris</span> <span class='ocrx_word' id='word_1_233' title='bbox 1283 1985 1408 2047; x_wconf 88' lang='lat' dir='ltr'>doctri-</span> 
     </span>
     <span class='ocr_line' id='line_1_24' title="bbox 150 2070 1406 2168; baseline -0.018 -17"><span class='ocrx_word' id='word_1_234' title='bbox 150 2108 218 2151; x_wconf 90' lang='lat' dir='ltr'>vere</span> <span class='ocrx_word' id='word_1_235' title='bbox 235 2087 381 2150; x_wconf 84' lang='lat' dir='ltr'>revelatae</span> <span class='ocrx_word' id='word_1_236' title='bbox 406 2107 465 2149; x_wconf 90' lang='lat' dir='ltr'>non</span> <span class='ocrx_word' id='word_1_237' title='bbox 484 2095 598 2149; x_wconf 87' lang='lat' dir='ltr'>tantum</span> <span class='ocrx_word' id='word_1_238' title='bbox 616 2097 751 2168; x_wconf 88' lang='lat' dir='ltr'>respectu</span> <span class='ocrx_word' id='word_1_239' title='bbox 793 2103 851 2146; x_wconf 89' lang='lat' dir='ltr'>nac</span> <span class='ocrx_word' id='word_1_240' title='bbox 871 2084 908 2145; x_wconf 91' lang='lat' dir='ltr'>ab</span> <span class='ocrx_word' id='word_1_241' title='bbox 931 2079 1103 2142; x_wconf 89' lang='lat' dir='ltr'>hominibus</span> <span class='ocrx_word' id='word_1_242' title='bbox 1125 2081 1279 2154; x_wconf 87' lang='lat' dir='ltr'>acceptae,</span> <span class='ocrx_word' id='word_1_243' title='bbox 1309 2077 1340 2130; x_wconf 89' lang='lat' dir='ltr'>et</span> <span class='ocrx_word' id='word_1_244' title='bbox 1370 2070 1406 2130; x_wconf 89' lang='lat' dir='ltr'>in</span> 
     </span>
     <span class='ocr_line' id='line_1_25' title="bbox 151 2153 1406 2252; baseline -0.018 -16"><span class='ocrx_word' id='word_1_245' title='bbox 151 2190 268 2246; x_wconf 86' lang='lat' dir='ltr'>eorum,</span> <span class='ocrx_word' id='word_1_246' title='bbox 285 2190 411 2252; x_wconf 87' lang='lat' dir='ltr'>qnorum</span> <span class='ocrx_word' id='word_1_247' title='bbox 432 2180 585 2252; x_wconf 87' lang='lat' dir='ltr'>ternpore,</span> <span class='ocrx_word' id='word_1_248' title='bbox 605 2179 635 2233; x_wconf 85' lang='lat' dir='ltr'>et</span> <span class='ocrx_word' id='word_1_249' title='bbox 652 2189 750 2234; x_wconf 88' lang='lat' dir='ltr'>coram</span> <span class='ocrx_word' id='word_1_250' title='bbox 794 2167 895 2250; x_wconf 86' lang='lat' dir='ltr'>praxin</span> <span class='ocrx_word' id='word_1_251' title='bbox 914 2165 1050 2228; x_wconf 87' lang='lat' dir='ltr'>redactae</span> <span class='ocrx_word' id='word_1_252' title='bbox 1065 2157 1218 2222; x_wconf 82' lang='lat' dir='ltr'>effectibus</span> <span class='ocrx_word' id='word_1_253' title='bbox 1235 2153 1406 2232; x_wconf 85' lang='lat' dir='ltr'>singularis</span> 
     </span>
     <span class='ocr_line' id='line_1_26' title="bbox 150 2237 1454 2338; baseline -0.017 -20"><span class='ocrx_word' id='word_1_254' title='bbox 150 2256 259 2338; x_wconf 87' lang='lat' dir='ltr'>quibus</span> <span class='ocrx_word' id='word_1_255' title='bbox 277 2263 497 2336; x_wconf 86' lang='lat' dir='ltr'>apparuerunt,</span> <span class='ocrx_word' id='word_1_256' title='bbox 524 2255 579 2321; x_wconf 80' lang='lat' dir='ltr'>sed</span> <span class='ocrx_word' id='word_1_257' title='bbox 597 2256 686 2318; x_wconf 90' lang='lat' dir='ltr'>etiam</span> <span class='ocrx_word' id='word_1_258' title='bbox 702 2273 751 2317; x_wconf 87' lang='lat' dir='ltr'>re·</span> <span class='ocrx_word' id='word_1_259' title='bbox 791 2251 844 2315; x_wconf 88' lang='lat' dir='ltr'>Dei</span> <span class='ocrx_word' id='word_1_260' title='bbox 859 2251 988 2312; x_wconf 86' lang='lat' dir='ltr'>inlluxus</span> <span class='ocrx_word' id='word_1_261' title='bbox 1006 2244 1184 2325; x_wconf 88' lang='lat' dir='ltr'>conspicuus</span> <span class='ocrx_word' id='word_1_262' title='bbox 1200 2237 1263 2300; x_wconf 79' lang='lat' dir='ltr'>sieri</span> <span class='ocrx_word' id='word_1_263' title='bbox 1282 2244 1405 2316; x_wconf 84' lang='lat' dir='ltr'>potest,</span> <span class='ocrx_word' id='word_1_264' title='bbox 1453 2309 1454 2318; x_wconf 8' lang='grc' dir='ltr'>ἵ</span> 
     </span>
     <span class='ocr_line' id='line_1_27' title="bbox 150 2320 1406 2421; baseline -0.021 -16"><span class='ocrx_word' id='word_1_265' title='bbox 150 2349 247 2420; x_wconf 79' lang='lat' dir='ltr'>epacta</span> <span class='ocrx_word' id='word_1_266' title='bbox 271 2349 467 2421; x_wconf 81' lang='lat' dir='ltr'>posterorum,</span> <span class='ocrx_word' id='word_1_267' title='bbox 489 2339 540 2421; x_wconf 92' lang='lat' dir='ltr'>qui</span> <span class='ocrx_word' id='word_1_268' title='bbox 563 2357 615 2414; x_wconf 89' lang='lat' dir='ltr'>ea,</span> <span class='ocrx_word' id='word_1_269' title='bbox 643 2348 676 2400; x_wconf 92' lang='lat' dir='ltr'>ut</span> <span class='ocrx_word' id='word_1_270' title='bbox 694 2339 753 2400; x_wconf 91' lang='lat' dir='ltr'>alia</span> <span class='ocrx_word' id='word_1_271' title='bbox 792 2345 823 2398; x_wconf 93' lang='lat' dir='ltr'>et</span> <span class='ocrx_word' id='word_1_272' title='bbox 840 2334 945 2396; x_wconf 87' lang='lat' dir='ltr'>exinde</span> <span class='ocrx_word' id='word_1_273' title='bbox 961 2350 1036 2394; x_wconf 92' lang='lat' dir='ltr'>nova</span> <span class='ocrx_word' id='word_1_274' title='bbox 1051 2347 1104 2411; x_wconf 91' lang='lat' dir='ltr'>pro</span> <span class='ocrx_word' id='word_1_275' title='bbox 1123 2323 1276 2386; x_wconf 88' lang='lat' dir='ltr'>divinitate</span> <span class='ocrx_word' id='word_1_276' title='bbox 1288 2320 1406 2415; x_wconf 82' lang='lat' dir='ltr'>doctri·</span> 
     </span>
     <span class='ocr_line' id='line_1_28' title="bbox 151 2403 1405 2501; baseline -0.018 -15"><span class='ocrx_word' id='word_1_277' title='bbox 151 2423 237 2501; x_wconf 87' lang='lat' dir='ltr'>iacta,</span> <span class='ocrx_word' id='word_1_278' title='bbox 268 2442 303 2486; x_wconf 82' lang='lat' dir='ltr'>en</span> <span class='ocrx_word' id='word_1_279' title='bbox 339 2423 541 2486; x_wconf 87' lang='lat' dir='ltr'>monumentis</span> <span class='ocrx_word' id='word_1_280' title='bbox 574 2422 752 2490; x_wconf 89' lang='lat' dir='ltr'>authenticis</span> <span class='ocrx_word' id='word_1_281' title='bbox 792 2439 860 2496; x_wconf 90' lang='lat' dir='ltr'>nae,</span> <span class='ocrx_word' id='word_1_282' title='bbox 880 2437 933 2480; x_wconf 91' lang='lat' dir='ltr'>seu</span> <span class='ocrx_word' id='word_1_283' title='bbox 957 2433 1008 2498; x_wconf 91' lang='lat' dir='ltr'>pro</span> <span class='ocrx_word' id='word_1_284' title='bbox 1027 2413 1149 2476; x_wconf 89' lang='lat' dir='ltr'>veritate</span> <span class='ocrx_word' id='word_1_285' title='bbox 1168 2408 1263 2468; x_wconf 86' lang='lat' dir='ltr'>laetae</span> <span class='ocrx_word' id='word_1_286' title='bbox 1282 2403 1405 2465; x_wconf 75' lang='lat' dir='ltr'>divini-</span> 
     </span>
     <span class='ocr_line' id='line_1_29' title="bbox 149 2496 1402 2585; baseline -0.019 -16"><span class='ocrx_word' id='word_1_287' title='bbox 149 2508 259 2582; x_wconf 84' lang='lat' dir='ltr'>aoinnt,</span> <span class='ocrx_word' id='word_1_288' title='bbox 278 2518 307 2570; x_wconf 90' lang='lat' dir='ltr'>ct</span> <span class='ocrx_word' id='word_1_289' title='bbox 326 2517 520 2585; x_wconf 88' lang='lat' dir='ltr'>cognoscunt.</span> <span class='ocrx_word' id='word_1_290' title='bbox 538 2505 655 2570; x_wconf 81' lang='lat' dir='ltr'>Veritas</span> <span class='ocrx_word' id='word_1_291' title='bbox 670 2506 750 2568; x_wconf 83' lang='lat' dir='ltr'>eninr</span> <span class='ocrx_word' id='word_1_292' title='bbox 793 2512 839 2566; x_wconf 90' lang='lat' dir='ltr'>tus</span> <span class='ocrx_word' id='word_1_293' title='bbox 851 2499 1039 2565; x_wconf 90' lang='lat' dir='ltr'>revelationis</span> <span class='ocrx_word' id='word_1_294' title='bbox 1047 2499 1222 2574; x_wconf 88' lang='lat' dir='ltr'>argumenta</span> <span class='ocrx_word' id='word_1_295' title='bbox 1232 2496 1402 2551; x_wconf 88' lang='lat' dir='ltr'>eruuntur.</span> 
     </span>
    </p>
   </div>
   <div class='ocr_carea' id='block_1_3' title="bbox 149 2590 1094 2669">
    <p class='ocr_par' dir='ltr' id='par_1_3' title="bbox 149 2590 1094 2669">
     <span class='ocr_line' id='line_1_30' title="bbox 149 2590 1094 2669; baseline -0.002 -14"><span class='ocrx_word' id='word_1_296' title='bbox 149 2591 294 2667; x_wconf 84' lang='lat' dir='ltr'>absoluta,</span> <span class='ocrx_word' id='word_1_297' title='bbox 325 2603 486 2665; x_wconf 88' lang='lat' dir='ltr'>constans,</span> <span class='ocrx_word' id='word_1_298' title='bbox 510 2600 540 2652; x_wconf 93' lang='lat' dir='ltr'>et</span> <span class='ocrx_word' id='word_1_299' title='bbox 567 2590 750 2652; x_wconf 88' lang='lat' dir='ltr'>invariabilis</span> <span class='ocrx_word' id='word_1_300' title='bbox 820 2611 853 2657; x_wconf 84' lang='lat' dir='ltr'>nv</span> <span class='ocrx_word' id='word_1_301' title='bbox 867 2611 940 2669; x_wconf 73' lang='lat' dir='ltr'>rerer,</span> <span class='ocrx_word' id='word_1_302' title='bbox 954 2609 970 2654; x_wconf 86' lang='lat' dir='ltr'>r.</span> <span class='ocrx_word' id='word_1_303' title='bbox 985 2619 1007 2654; x_wconf 69' lang='lat' dir='ltr'>a</span> <span class='ocrx_word' id='word_1_304' title='bbox 1022 2605 1044 2668; x_wconf 69' lang='lat' dir='ltr'>a.</span> <span class='ocrx_word' id='word_1_305' title='bbox 1059 2603 1094 2654; x_wconf 76' lang='lat' dir='ltr'>tt.</span> 
     </span>
    </p>
   </div>
   <div class='ocr_carea' id='block_1_4' title="bbox 163 2779 914 2820">
    <p class='ocr_par' dir='ltr' id='par_1_4' title="bbox 163 2779 914 2834">
     <span class='ocr_line' id='line_1_31' title="bbox 163 2779 914 2820; baseline -0.017 0"><span class='ocrx_word' id='word_1_306' title='bbox 163 2791 171 2820; x_wconf 71' lang='lat'>0</span> <span class='ocrx_word' id='word_1_307' title='bbox 313 2803 317 2814; x_wconf 76' lang='grc' dir='ltr'><strong>ι</strong></span> <span class='ocrx_word' id='word_1_308' title='bbox 623 2779 914 2810; x_wconf 49' lang='lat' dir='ltr'>aaa</span> 
     </span>
    </p>
   </div>
   <div class='ocr_carea' id='block_1_5' title="bbox 418 2981 1231 3323">
    <p class='ocr_par' dir='ltr' id='par_1_5' title="bbox 418 2981 1231 3323">
     <span class='ocr_line' id='line_1_32' title="bbox 418 2981 1231 3106; baseline -0.02 0"><span class='ocrx_word' id='word_1_309' title='bbox 418 2981 1130 3106; x_wconf 72' lang='lat' dir='ltr'>Tlttttttrtsttlctt-ttts</span> <span class='ocrx_word' id='word_1_310' title='bbox 1224 3045 1231 3054; x_wconf 76' lang='lat'><em>‚</em></span> 
     </span>
     <span class='ocr_line' id='line_1_33' title="bbox 596 3203 993 3323; baseline -0.045 -29"><span class='ocrx_word' id='word_1_311' title='bbox 596 3204 799 3323; x_wconf 9' lang='lat' dir='ltr'>,prins</span> <span class='ocrx_word' id='word_1_312' title='bbox 845 3203 907 3284; x_wconf 85' lang='lat'>11.</span> <span class='ocrx_word' id='word_1_313' title='bbox 991 3304 993 3308; x_wconf 6' lang='lat' dir='ltr'>v</span> 
     </span>
    </p>
   </div>
   <div class='ocr_carea' id='block_1_6' title="bbox 327 3386 1206 3464">
    <p class='ocr_par' dir='ltr' id='par_1_6' title="bbox 327 3386 1206 3464">
     <span class='ocr_line' id='line_1_34' title="bbox 327 3386 1206 3464; baseline -0.014 -6"><span class='ocrx_word' id='word_1_314' title='bbox 327 3394 643 3464; x_wconf 75' lang='lat' dir='ltr'>&#39;onnonsrunrto</span> <span class='ocrx_word' id='word_1_315' title='bbox 675 3394 908 3454; x_wconf 77' lang='lat' dir='ltr'>nnnlotonts</span> <span class='ocrx_word' id='word_1_316' title='bbox 939 3386 1206 3452; x_wconf 78' lang='lat' dir='ltr'>essnlsrlhttnn</span> 
     </span>
    </p>
   </div>
   <div class='ocr_carea' id='block_1_7' title="bbox 740 3585 1400 3753">
    <p class='ocr_par' dir='ltr' id='par_1_7' title="bbox 740 3585 1400 3753">
     <span class='ocr_line' id='line_1_35' title="bbox 788 3585 1400 3673; baseline -0.013 -16"><span class='ocrx_word' id='word_1_317' title='bbox 788 3601 881 3658; x_wconf 91' lang='lat' dir='ltr'>strum</span> <span class='ocrx_word' id='word_1_318' title='bbox 896 3593 986 3654; x_wconf 88' lang='lat' dir='ltr'>finem</span> <span class='ocrx_word' id='word_1_319' title='bbox 999 3589 1152 3673; x_wconf 86' lang='lat' dir='ltr'>pervenire</span> <span class='ocrx_word' id='word_1_320' title='bbox 1163 3585 1400 3650; x_wconf 82' lang='lat' dir='ltr'>valeamus.Ve·</span> 
     </span>
     <span class='ocr_line' id='line_1_36' title="bbox 740 3671 1396 3753; baseline -0.017 -11"><span class='ocrx_word' id='word_1_321' title='bbox 740 3705 754 3732; x_wconf 69' lang='lat' dir='ltr'>a</span> <span class='ocrx_word' id='word_1_322' title='bbox 788 3699 853 3742; x_wconf 91' lang='lat' dir='ltr'>rum</span> <span class='ocrx_word' id='word_1_323' title='bbox 870 3678 925 3740; x_wconf 92' lang='lat' dir='ltr'>bac</span> <span class='ocrx_word' id='word_1_324' title='bbox 942 3677 978 3739; x_wconf 90' lang='lat' dir='ltr'>de</span> <span class='ocrx_word' id='word_1_325' title='bbox 996 3694 1032 3738; x_wconf 89' lang='lat' dir='ltr'>re·</span> <span class='ocrx_word' id='word_1_326' title='bbox 1047 3676 1135 3752; x_wconf 89' lang='lat' dir='ltr'>longa</span> <span class='ocrx_word' id='word_1_327' title='bbox 1153 3681 1182 3734; x_wconf 92' lang='lat' dir='ltr'>et</span> <span class='ocrx_word' id='word_1_328' title='bbox 1202 3671 1396 3753; x_wconf 88' lang='lat' dir='ltr'>operosain-</span> 
     </span>
    </p>
   </div>
   <div class='ocr_carea' id='block_1_8' title="bbox 142 3755 1396 4342">
    <p class='ocr_par' dir='ltr' id='par_1_8' title="bbox 142 3755 1396 4342">
     <span class='ocr_line' id='line_1_37' title="bbox 142 3755 1396 3858; baseline -0.018 -19"><span class='ocrx_word' id='word_1_329' title='bbox 142 3807 155 3824; x_wconf 59' lang='lat' dir='ltr'>r</span> <span class='ocrx_word' id='word_1_330' title='bbox 191 3777 220 3840; x_wconf 90' lang='lat' dir='ltr'>l.</span> <span class='ocrx_word' id='word_1_331' title='bbox 240 3775 396 3858; x_wconf 84' lang='lat' dir='ltr'>Proposita</span> <span class='ocrx_word' id='word_1_332' title='bbox 410 3775 471 3837; x_wconf 86' lang='lat' dir='ltr'>iam</span> <span class='ocrx_word' id='word_1_333' title='bbox 490 3782 552 3836; x_wconf 85' lang='lat' dir='ltr'>turn</span> <span class='ocrx_word' id='word_1_334' title='bbox 571 3771 745 3851; x_wconf 62' lang='lat' dir='ltr'>Religionis,</span> <span class='ocrx_word' id='word_1_335' title='bbox 788 3762 949 3846; x_wconf 90' lang='lat' dir='ltr'>quisitione</span> <span class='ocrx_word' id='word_1_336' title='bbox 975 3778 1049 3842; x_wconf 89' lang='lat' dir='ltr'>opus</span> <span class='ocrx_word' id='word_1_337' title='bbox 1069 3777 1130 3820; x_wconf 91' lang='lat' dir='ltr'>non</span> <span class='ocrx_word' id='word_1_338' title='bbox 1153 3764 1208 3820; x_wconf 88' lang='lat' dir='ltr'>est.</span> <span class='ocrx_word' id='word_1_339' title='bbox 1228 3755 1396 3816; x_wconf 87' lang='lat' dir='ltr'>Notissima</span> 
     </span>
     <span class='ocr_line' id='line_1_38' title="bbox 147 3839 1396 3933; baseline -0.017 -8"><span class='ocrx_word' id='word_1_340' title='bbox 147 3869 209 3925; x_wconf 87' lang='lat' dir='ltr'>tum</span> <span class='ocrx_word' id='word_1_341' title='bbox 227 3860 426 3924; x_wconf 87' lang='lat' dir='ltr'>Revelationis</span> <span class='ocrx_word' id='word_1_342' title='bbox 449 3858 564 3920; x_wconf 88' lang='lat' dir='ltr'>theoria</span> <span class='ocrx_word' id='word_1_343' title='bbox 587 3857 744 3933; x_wconf 90' lang='lat' dir='ltr'>rationali,</span> <span class='ocrx_word' id='word_1_344' title='bbox 787 3848 866 3912; x_wconf 79' lang='lat' dir='ltr'>enirn</span> <span class='ocrx_word' id='word_1_345' title='bbox 890 3863 937 3909; x_wconf 77' lang='lat' dir='ltr'>res</span> <span class='ocrx_word' id='word_1_346' title='bbox 960 3854 1025 3922; x_wconf 79' lang='lat' dir='ltr'>est,</span> <span class='ocrx_word' id='word_1_347' title='bbox 1046 3850 1135 3922; x_wconf 73' lang='lat' dir='ltr'>alque</span> <span class='ocrx_word' id='word_1_348' title='bbox 1153 3839 1292 3902; x_wconf 81' lang='lat' dir='ltr'>omnibus</span> <span class='ocrx_word' id='word_1_349' title='bbox 1319 3847 1396 3899; x_wconf 73' lang='lat' dir='ltr'>ante</span> 
     </span>
     <span class='ocr_line' id='line_1_39' title="bbox 147 3883 1393 4025; baseline -0.023 -16"><span class='ocrx_word' id='word_1_350' title='bbox 147 3946 323 4025; x_wconf 87' lang='lat' dir='ltr'>cognitaque</span> <span class='ocrx_word' id='word_1_351' title='bbox 336 3944 490 4024; x_wconf 89' lang='lat' dir='ltr'>utriusque</span> <span class='ocrx_word' id='word_1_352' title='bbox 506 3941 692 4017; x_wconf 89' lang='lat' dir='ltr'>necessitate,</span> <span class='ocrx_word' id='word_1_353' title='bbox 703 3941 748 4001; x_wconf 87' lang='lat' dir='ltr'>ni·</span> <span class='ocrx_word' id='word_1_354' title='bbox 787 3933 889 3996; x_wconf 89' lang='lat' dir='ltr'>oculos</span> <span class='ocrx_word' id='word_1_355' title='bbox 908 3883 1024 4010; x_wconf 62' lang='lat' dir='ltr'>phile,</span> <span class='ocrx_word' id='word_1_356' title='bbox 1042 3928 1166 3989; x_wconf 88' lang='lat' dir='ltr'>existere</span> <span class='ocrx_word' id='word_1_357' title='bbox 1181 3923 1393 4002; x_wconf 89' lang='lat' dir='ltr'>Religionem,</span> 
     </span>
     <span class='ocr_line' id='line_1_40' title="bbox 148 4004 1392 4105; baseline -0.02 -15"><span class='ocrx_word' id='word_1_358' title='bbox 148 4030 189 4092; x_wconf 90' lang='lat' dir='ltr'>hil</span> <span class='ocrx_word' id='word_1_359' title='bbox 205 4029 291 4090; x_wconf 91' lang='lat' dir='ltr'>nobis</span> <span class='ocrx_word' id='word_1_360' title='bbox 310 4027 493 4105; x_wconf 86' lang='lat' dir='ltr'>magiscordi</span> <span class='ocrx_word' id='word_1_361' title='bbox 505 4044 570 4087; x_wconf 92' lang='lat' dir='ltr'>esse</span> <span class='ocrx_word' id='word_1_362' title='bbox 584 4025 684 4099; x_wconf 87' lang='lat' dir='ltr'>debet,</span> <span class='ocrx_word' id='word_1_363' title='bbox 701 4024 748 4084; x_wconf 90' lang='lat' dir='ltr'>ni·</span> <span class='ocrx_word' id='word_1_364' title='bbox 788 4033 864 4098; x_wconf 90' lang='lat' dir='ltr'>quae</span> <span class='ocrx_word' id='word_1_365' title='bbox 879 4033 897 4075; x_wconf 89' lang='lat' dir='ltr'>a</span> <span class='ocrx_word' id='word_1_366' title='bbox 915 4013 982 4076; x_wconf 88' lang='lat' dir='ltr'>lesu</span> <span class='ocrx_word' id='word_1_367' title='bbox 1009 4011 1125 4074; x_wconf 88' lang='lat' dir='ltr'>Christo</span> <span class='ocrx_word' id='word_1_368' title='bbox 1150 4027 1259 4070; x_wconf 91' lang='lat' dir='ltr'>nomen</span> <span class='ocrx_word' id='word_1_369' title='bbox 1285 4004 1392 4080; x_wconf 86' lang='lat' dir='ltr'>habet,</span> 
     </span>
     <span class='ocr_line' id='line_1_41' title="bbox 147 4096 1390 4189; baseline -0.022 -15"><span class='ocrx_word' id='word_1_370' title='bbox 147 4113 224 4174; x_wconf 92' lang='lat' dir='ltr'>siut</span> <span class='ocrx_word' id='word_1_371' title='bbox 250 4112 478 4189; x_wconf 89' lang='lat' dir='ltr'>investigemus,</span> <span class='ocrx_word' id='word_1_372' title='bbox 498 4128 569 4170; x_wconf 89' lang='lat' dir='ltr'>num</span> <span class='ocrx_word' id='word_1_373' title='bbox 595 4106 745 4172; x_wconf 88' lang='lat' dir='ltr'>Revelatio</span> <span class='ocrx_word' id='word_1_374' title='bbox 788 4117 914 4180; x_wconf 90' lang='lat' dir='ltr'>eamque</span> <span class='ocrx_word' id='word_1_375' title='bbox 930 4116 989 4158; x_wconf 94' lang='lat' dir='ltr'>non</span> <span class='ocrx_word' id='word_1_376' title='bbox 1004 4096 1036 4156; x_wconf 93' lang='lat' dir='ltr'>iu</span> <span class='ocrx_word' id='word_1_377' title='bbox 1054 4096 1157 4172; x_wconf 82' lang='lat' dir='ltr'>exiguo</span> <span class='ocrx_word' id='word_1_378' title='bbox 1176 4101 1272 4154; x_wconf 89' lang='lat' dir='ltr'>terrae</span> <span class='ocrx_word' id='word_1_379' title='bbox 1289 4107 1390 4166; x_wconf 86' lang='lat' dir='ltr'>angu-</span> 
     </span>
     <span class='ocr_line' id='line_1_42' title="bbox 147 4173 1393 4276; baseline -0.02 -19"><span class='ocrx_word' id='word_1_380' title='bbox 147 4195 247 4257; x_wconf 89' lang='lat' dir='ltr'>divina</span> <span class='ocrx_word' id='word_1_381' title='bbox 266 4197 392 4272; x_wconf 81' lang='lat' dir='ltr'>existat,</span> <span class='ocrx_word' id='word_1_382' title='bbox 412 4213 470 4276; x_wconf 88' lang='lat' dir='ltr'>qua</span> <span class='ocrx_word' id='word_1_383' title='bbox 489 4193 690 4275; x_wconf 88' lang='lat' dir='ltr'>praelucente,</span> <span class='ocrx_word' id='word_1_384' title='bbox 710 4189 746 4250; x_wconf 91' lang='lat' dir='ltr'>ad</span> <span class='ocrx_word' id='word_1_385' title='bbox 787 4184 817 4246; x_wconf 94' lang='lat' dir='ltr'>lo</span> <span class='ocrx_word' id='word_1_386' title='bbox 835 4182 994 4257; x_wconf 88' lang='lat' dir='ltr'>contineri,</span> <span class='ocrx_word' id='word_1_387' title='bbox 1014 4179 1063 4240; x_wconf 89' lang='lat' dir='ltr'>sed</span> <span class='ocrx_word' id='word_1_388' title='bbox 1080 4196 1132 4259; x_wconf 89' lang='lat' dir='ltr'>per</span> <span class='ocrx_word' id='word_1_389' title='bbox 1151 4177 1252 4239; x_wconf 90' lang='lat' dir='ltr'>orbem</span> <span class='ocrx_word' id='word_1_390' title='bbox 1268 4173 1393 4235; x_wconf 87' lang='lat' dir='ltr'>univer·</span> 
     </span>
     <span class='ocr_line' id='line_1_43' title="bbox 148 4235 1391 4342; baseline -0.019 -2"><span class='ocrx_word' id='word_1_391' title='bbox 148 4277 366 4341; x_wconf 88' lang='lat' dir='ltr'>nobilissimum</span> <span class='ocrx_word' id='word_1_392' title='bbox 397 4288 427 4340; x_wconf 90' lang='lat' dir='ltr'>et</span> <span class='ocrx_word' id='word_1_393' title='bbox 451 4276 656 4340; x_wconf 79' lang='lat' dir='ltr'>felicissimum</span> <span class='ocrx_word' id='word_1_394' title='bbox 689 4291 746 4334; x_wconf 92' lang='lat' dir='ltr'>no·</span> <span class='ocrx_word' id='word_1_395' title='bbox 765 4235 770 4342; x_wconf 65' lang='lat' dir='ltr'>l</span> <span class='ocrx_word' id='word_1_396' title='bbox 789 4287 853 4331; x_wconf 89' lang='lat' dir='ltr'>sum</span> <span class='ocrx_word' id='word_1_397' title='bbox 877 4267 1013 4328; x_wconf 87' lang='lat' dir='ltr'>diliusam</span> <span class='ocrx_word' id='word_1_398' title='bbox 1033 4262 1161 4337; x_wconf 83' lang='lat' dir='ltr'>integras</span> <span class='ocrx_word' id='word_1_399' title='bbox 1181 4259 1335 4332; x_wconf 78' lang='lat' dir='ltr'>nationeS,</span> <span class='ocrx_word' id='word_1_400' title='bbox 1359 4264 1391 4318; x_wconf 87' lang='lat' dir='ltr'>et</span> 
     </span>
    </p>
   </div>
   <div class='ocr_carea' id='block_1_9' title="bbox 352 3621 497 3704">
    <p class='ocr_par' dir='ltr' id='par_1_9' title="bbox 352 3621 497 3704">
     <span class='ocr_line' id='line_1_44' title="bbox 352 3621 497 3704; baseline -0.014 -17"><span class='ocrx_word' id='word_1_401' title='bbox 352 3621 354 3625; x_wconf 78' lang='grc'><strong>’</strong></span> <span class='ocrx_word' id='word_1_402' title='bbox 397 3633 427 3704; x_wconf 85' lang='grc' dir='ltr'>ς.</span> <span class='ocrx_word' id='word_1_403' title='bbox 445 3639 497 3686; x_wconf 75' lang='lat' dir='ltr'>ra.</span> 
     </span>
    </p>
   </div>
   <div class='ocr_carea' id='block_1_10' title="bbox 0 0 1464 4734">
    <p class='ocr_par' dir='ltr' id='par_1_10' title="bbox 0 0 1464 4734">
     <span class='ocr_line' id='line_1_45' title="bbox 0 0 1464 4734; baseline 0 3"><span class='ocrx_word' id='word_1_404' title='bbox 0 0 1464 4734; x_wconf 95' lang='lat' dir='ltr'> </span> 
     </span>
    </p>
   </div>
  </div>
 </body>
</html>
