2910 4732
219 175 261 248 at
614 184 977 240 amamusomamus

168 279 234 362 ipsa
249 274 428 342 coniunctus
446 269 711 338 noxiusdieeorlus
726 287 772 332 es·
807 265 877 346 36).
901 263 988 328 Actio
1010 258 1221 358 ergo-moralis
1237 254 1290 322 Dei
1305 255 1336 320 in
1352 255 1418 320 ho·

168 373 226 426 set.
245 361 277 426 st
291 370 391 423 numm
410 362 452 422 ita
469 355 620 420 moralitas
637 353 704 416 linis
716 353 772 416 lte·
805 349 922 412 minem
941 347 1199 427 estamplissima,
1219 352 1320 425 utpote
1336 360 1418 424 quaa

166 447 256 510 minis
271 452 368 516 est,ut
379 442 479 506 omnis
491 440 528 503 acl
541 439 712 504 felicitatem
722 454 771 498 re·
809 450 915 496 omnes
929 430 1058 494 hominis
1068 430 1224 492 facultates
1239 426 1417 509 spirituales

165 538 284 612 spectus
307 523 559 602 interdicatur‚ad
574 523 643 605 quid
655 518 769 582 homiui
805 515 938 579 inomni
956 523 1102 596 tempore,
1121 521 1151 575 et
1169 513 1234 574 loco
1253 511 1354 574 allicit.
1383 591 1391 606 .

165 614 305 676 mimulos
316 609 467 674 felicitatis
485 607 592 670 insitus
607 613 668 680 est,
687 603 711 665 si
731 603 768 666 ad
786 605 790 643 ¹
852 599 883 662 2.
901 599 995 662 flecto
1006 617 1065 660 noa
1080 597 1202 678 quidem
1221 613 1364 690 essessa
1378 614 1417 659 m

166 696 337 761 felicitatem
349 694 471 758 tendere
482 691 619 753 illicitum
632 687 694 750 sit?
709 685 770 750 sn-
808 682 902 745 Deum
927 701 1015 762 egere
1034 689 1143 762 potest,
1163 699 1197 740 ac
1218 681 1243 741 si
1261 698 1318 760 ipsi
1336 680 1416 740 aare

167 781 266 842 mulus
276 779 327 840 liic
337 775 496 839 moralitati
514 771 704 836 subordinari
718 772 769 832 de·
786 847 789 854 1
806 767 973 848 quidpiam,
988 769 1033 828 uel
1053 765 1223 827 felicitatem
1235 766 1300 826 eius
1313 783 1416 845 auge-

166 864 227 940 bet,
239 863 493 942 eruinonpotest.
505 857 769 938 -lpsasanooxpe-
782 865 789 936 1
804 869 838 913 rc
858 851 964 932 possit,
987 850 1037 912 sel
1055 850 1145 910 ttomo
1167 849 1322 914 facultates
1335 872 1415 916 suas

165 947 273 1010 mentia
291 945 437 1018 ostendit,
459 941 594 1003 homines
623 941 766 1016 ignavos,
805 935 974 1015 spirituales
991 934 1028 996 ad
1049 933 1141 996 Deum
1160 935 1272 996 referre
1290 938 1320 1015 a)
1340 957 1412 1002 casa

165 1040 195 1094 et
210 1030 328 1092 desides
342 1027 420 1103 fieri,
437 1025 494 1088 nisi
506 1043 558 1106 spe
569 1023 767 1086 felicitatisad
806 1019 883 1080 liber
901 1019 957 1095 sit,
973 1027 1077 1098 potest,
1100 1027 1132 1078 et
1149 1017 1183 1098 b)
1206 1019 1275 1098 quia
1291 1020 1413 1101 depen-

165 1123 241 1176 recte
254 1111 399 1191 agendum
416 1110 587 1173 incitentur.
601 1105 683 1170 Sicut
694 1126 766 1186 ergo
806 1102 880 1166 dens
897 1111 954 1180 est,
981 1104 1073 1178 dele,
1093 1111 1182 1182 strue
1198 1103 1265 1166 ideo
1291 1104 1412 1185 Religio

166 1199 294 1279 prudens
318 1203 401 1278 pater
420 1194 496 1256 filios
517 1211 588 1254 suos
607 1191 765 1272 propositis
805 1206 866 1248 non
885 1188 980 1249 solum
999 1186 1161 1267 possibilis,
1174 1189 1225 1248 sert
1237 1192 1409 1256 uereeusm

165 1281 302 1364 praemiis
319 1280 358 1340 ad
377 1278 488 1340 bortum
507 1277 612 1352 allicit;
630 1276 671 1336 ita
690 1275 766 1338 Deus
805 1271 972 1334 necessaria
990 1271 1055 1334 iure
1073 1271 1222 1337 statuitur.

165 1365 298 1427 homines
316 1361 495 1424 obtinendae
518 1359 667 1454 felicitatis
684 1359 765 1421 desi·
1053 1396 1083 1469 ς,
1104 1403 1157 1450 4⁸·

117 1516 122 1528 ,
164 1450 246 1512 lario
265 1447 302 1510 erl
319 1454 397 1508 recte
412 1444 571 1506 uisendum
585 1443 700 1532 incitat.
718 1443 765 1505 ld-

164 1552 200 1596 eo
219 1532 292 1611 ipsis
310 1531 461 1592 stimulum
477 1529 627 1590 felicitatis
643 1528 763 1604 indidit,

164 1625 194 1678 et
212 1615 347 1697 quirillo
365 1633 420 1676 ceu
437 1612 535 1675 medio
553 1612 590 1674 ad
610 1611 764 1674 moralita-
845 1611 1029 1678 Relationem
1049 1615 1191 1676 moralem
1209 1618 1340 1680 hominis
1368 1621 1408 1682 ad

166 1696 766 1776 tomuli,illicitumdicet‘f-Erratpro-
803 1696 915 1772 Dauni,
946 1716 1000 1760 seu
1032 1699 1206 1777 religionem
1232 1703 1408 1781 possibilem

164 1784 239 1846 Rom
258 1782 398 1858 Kantius,
424 1783 493 1842 dum
514 1780 710 1842 moralitatem
729 1799 764 1842 ex
803 1800 880 1856 esse,
899 1800 935 1842 es
953 1781 1018 1861 ipsa
1037 1791 1117 1846 recte
1143 1785 1330 1848 considerata
1347 1808 1408 1848 na*

162 1868 299 1930 absoluta
314 1867 388 1946 legis
414 1865 533 1926 moratis
556 1863 763 1925 aestimatione
803 1875 869 1928 tura
896 1865 1025 1928 hominis
1043 1870 1177 1948 patescit
1201 1869 1297 1932 Romo
1322 1873 1407 1934 enim

162 1951 354 2016 camoenalem
369 1949 522 2031 praeripia
540 1948 605 2027 ipsa
622 1947 701 2009 enim
718 1947 764 2008 lex
802 1959 898 2031 potest
914 1950 951 2010 att
967 1948 1059 2012 marn
1076 1951 1186 2014 referre

164 2035 283 2098 moratis
297 2035 414 2096 nonnisi
427 2041 546 2113 propter
559 2031 666 2108 ileum,
683 2031 764 2092 iltius
844 2037 876 2114 a)
891 2036 1058 2115 [aretatem
1076 2039 1279 2115 rogrrosremli,
1310 2039 1408 2103 licum

163 2129 335 2194 auctorem,
356 2117 604 2190 aestimationem,
631 2123 660 2176 et
688 2114 764 2176 obe-
803 2119 925 2180 infmitis
950 2119 1185 2200 perfectionibus
1212 2124 1405 2201 praeditum,

162 2203 303 2266 dientiam
323 2211 464 2274 meretur,
481 2209 568 2280 atque
583 2199 649 2261 ideo
667 2199 763 2260 ecfic—
802 2212 986 2264 caeterorum
1007 2205 1120 2266 eutium
1139 2204 1319 2283 Creatorem,
1340 2207 1407 2271 Gu-

163 2305 215 2348 nes
234 2286 360 2348 morales
379 2294 500 2365 propter
519 2283 610 2344 Deum
630 2291 692 2344 tum
710 2301 762 2344 sa·
802 2287 989 2349 bernatorem
1012 2298 1068 2351 etc.
1090 2289 1318 2367 considerando,

163 2371 347 2451 pientissimo
362 2368 606 2450 praecipientem,
626 2376 687 2461 tum
702 2367 763 2462 'be-
844 2371 877 2450 b)
888 2371 1056 2450 [omittotem
1068 2376 1233 2452 emerendi,
1245 2375 1339 2438 Mum
1350 2393 1409 2438 ceu

162 2455 335 2531 uiguissime
346 2461 583 2516 resonueruntem
599 2469 764 2532 suscipten·
802 2474 973 2535 supremum
991 2455 1203 2535 legislatorem
1221 2461 1408 2537 venerando,

163 2537 219 2600 dae
238 2545 319 2599 sunt.
647 2595 651 2608 ,
802 2540 955 2620 ipsiusque
973 2541 1029 2618 legi
1044 2540 1291 2622 obtemperarem

843 2627 872 2703 c)
890 2624 1061 2703 [ooattutsm
1072 2627 1230 2703 sentiendi,
1240 2627 1332 2690 Deum
1346 2647 1409 2690 ceu

370 2710 494 2758 meua·
511 2709 560 2757 W·
802 2727 950 2770 summum
970 2709 1081 2770 bonum
1098 2709 1306 2788 desiderando,
1324 2722 1355 2774 et
1369 2714 1410 2774 do

182 2827 214 2863 ῃι
226 2827 356 2866 mmm
370 2827 537 2864 mmmm
552 2827 581 2863 n
596 2823 744 2864 amum
801 2793 881 2855 lilius
899 2793 1079 2872 pefseCiiOlie
1096 2796 1266 2872 gaudendo}

486 2931 504 2980 ε
843 2877 1042 2956 utsuscitares
1059 2878 1217 2958 iaeseriorss
1227 2889 1254 2942 ct
1272 2882 1409 2943 caterio-

413 2927 516 3000 μ’
801 2963 965 3024 reasattem
979 2962 1121 3037 mediate,
1141 2964 1250 3043 quibus
1268 2967 1409 3027 internae

203 3045 372 3110 Relationes
401 3044 479 3108 inter
501 3044 582 3107 entia
609 3044 714 3121 activa,
733 3053 764 3108 ct
802 3044 997 3124 cognitiones,
1017 3046 1224 3126 appetitiones,
1241 3058 1270 3109 et
1288 3048 1410 3116 seussio-⁵

164 3129 259 3192 libera
286 3140 387 3192 mutua
412 3129 529 3192 actione
556 3129 760 3210 perficiuntur.
802 3148 855 3192 nes
873 3148 932 3190 non
948 3131 1043 3192 solum
1061 3131 1200 3210 exprimi,
1214 3133 1267 3193 sert
1282 3140 1312 3193 et
1328 3134 1409 3194 eari-

165 3211 201 3276 Ut
219 3231 292 3290 ergo
309 3213 469 3276 relationes
487 3213 564 3276 inter
580 3210 686 3288 Deum,
706 3213 762 3274 lio·
803 3213 870 3287 tari,
890 3225 979 3294 atque
996 3215 1161 3295 promoveri
1178 3225 1311 3295 possunt.

163 3296 334 3376 minemque
348 3295 761 3374 innotescant,actionesl]ei,
844 3295 937 3358 Homo
955 3316 1025 3377 ergo
1043 3317 1147 3360 onrncs
1165 3300 1320 3361 facultates
1333 3319 1407 3362 sues

163 3389 193 3444 et
211 3379 365 3442 facultates
383 3381 494 3443 activae
514 3380 644 3443 hernicis
661 3382 762 3442 consi·
803 3380 953 3442 moraliter
981 3383 1018 3443 ad
1040 3382 1132 3444 Reum
1153 3383 1264 3445 referre
1286 3392 1406 3464 potest,

162 3463 310 3528 oenandae
327 3472 407 3524 sunt.
597 3466 600 3472 '
803 3473 890 3545 atque
903 3465 970 3528 ideo
985 3465 1100 3547 Religio
1109 3485 1162 3547 pro
1175 3468 1240 3548 ipso
1255 3486 1322 3530 rere
1337 3486 1407 3548 pos-

205 3547 448 3625 l.Deesagitin
470 3546 763 3610 hominemnoaso·
802 3548 971 3612 sibilisest.
1414 3597 1418 3605 .

163 3629 226 3690 lum
241 3631 371 3709 plepsicc,
382 3631 451 3711 quia
461 3629 588 3693 eundern
601 3629 676 3692 sicot
694 3651 763 3694 cae·
844 3634 931 3697 Noto.
944 3633 1018 3696 [lom
1030 3635 1185 3696 facultates
1197 3644 1408 3716 nostrasprae-

164 3722 243 3776 teras
262 3723 412 3776 creaturas
429 3721 460 3773 et
479 3720 570 3785 creat,
593 3722 623 3772 et
640 3733 763 3776 conser—
803 3717 863 3778 fato
880 3717 967 3779 modo
985 3718 1023 3780 ad
1040 3717 1135 3780 ileum
1153 3719 1320 3794 referimus,
1335 3737 1407 3780 orn·

163 3805 223 3891 vat,
242 3804 273 3856 et
290 3795 437 3873 gubernat
456 3795 501 3874 (5.
522 3794 562 3856 28
584 3804 613 3854 et
634 3796 688 3876 29)
713 3799 762 3860 sed
804 3799 909 3862 niiure
923 3800 1125 3866 lleumcolere
1139 3803 1279 3880 dietmare
1293 3821 1407 3882 quam·

151 3889 252 3943 etiarn
272 3879 447 3952 nsoroliter,
469 3895 524 3940 seu
554 3877 763 3956 spiritualiter,
803 3883 905 3944 obrem
925 3884 1038 3963 Religio
1055 3895 1134 3948 recte
1151 3888 1248 3949 crtum
1272 3888 1326 3948 Dei
1347 3905 1408 3948 uu-

164 3963 234 4044 quia
252 3961 366 4022 homini
384 3979 439 4022 ceu
457 3969 609 4022 creaturae
625 3964 765 4028 rationali
805 3967 936 4028 minatur
950 3970 1009 4048 (t).
1026 3969 1209 4033 llaleautem
1226 3971 1409 4032 ratiocinan-

164 4065 197 4108 se
215 4051 416 4124 repraesentat
440 4061 494 4106 ceu
520 4043 615 4122 prima
639 4047 763 4125 veritas,
805 4059 864 4126 tur,
887 4052 937 4132 qui
958 4053 1073 4128 dicunt,
1092 4054 1202 4115 offendi
1214 4055 1308 4116 Reum
1323 4073 1340 4114 a
1354 4071 1410 4116 no·

945 1499 968 1545 tt.
984 1499 1072 1556 Religio
1087 1505 1121 1546 est
1143 1501 1264 1560 possibilis.

167 4127 225 4209 ipsi
251 4138 401 4209 tamqnam
431 4125 582 4203 legislator
611 4146 767 4208 supremus
806 4133 852 4194 bis
867 4153 926 4196 non
942 4151 1039 4215 posse,
1060 4138 1149 4215 igitur
1170 4153 1267 4218 neque
1282 4138 1354 4199 ooli.
1367 4172 1411 4186 -

165 4215 259 4288 legem
275 4212 377 4287 dictat,
399 4217 471 4272 etut
490 4225 638 4271 summunt
655 4212 765 4275 bonum
806 4215 915 4280 Verum
941 4220 1021 4282 enirn
1040 4221 1162 4283 omuino
1185 4222 1410 4298 musculoso·

165 4295 349 4360 desiderium
362 4293 409 4358 soi
428 4293 534 4356 excitat
549 4293 589 4375 (ᾗ.
610 4295 662 4373 31,
680 4297 720 4359 35
738 4307 768 4360 el
837 4323 868 4382 pp
884 4325 908 4372 v,
919 4318 1010 4386 stuprat
1025 4327 1079 4374 rma.
1095 4327 1168 4373 tneor.
1185 4327 1262 4383 popa
1277 4323 1298 4384 a.
1311 4327 1336 4374 a.
