2918 4734
191 181 252 245 tab
587 203 774 256 oeconomiis
795 202 957 254 numnius

149 286 214 340 tuin
231 277 312 340 euim
341 289 405 355 est,
430 289 533 358 gentes
555 283 697 362 plurimas
722 287 754 349 iii
794 275 1301 347 characteriaucloriseuiusnomeu
1315 291 1414 358 prae·

152 359 300 426 Christum
323 364 482 426 credidisse
508 367 573 428 sine
594 367 679 431 libris
702 390 753 433 se·
793 368 896 443 solent,
916 377 946 428 et
962 361 1192 428 circumstantiis
1210 360 1363 441 temporis
1380 371 1412 422 ct

134 447 220 508 ‘crist
237 455 267 508 et
284 445 308 508 si
328 465 480 528 nunqnam
499 451 658 533 conscripti
675 454 752 516 luis·
793 451 863 528 loci,
882 449 1038 532 inquibus
1056 447 1182 527 scriptus
1197 443 1320 519 dicitur,
1340 463 1411 506 non

148 541 215 593 sent
232 530 275 592 illi
293 531 372 607 libri,
388 551 422 592 eii
441 533 567 613 publicis
583 535 750 616 eventibus,
771 521 775 560 '
793 535 936 614 congruit.
962 567 1004 580 -
1024 531 1076 594 Ast
1094 530 1181 608 longa
1199 537 1229 592 et
1248 526 1353 606 rigida
1370 547 1391 590 o

148 633 184 676 eii
199 614 322 676 historia
337 615 501 696 primorum
522 627 704 700 temporum,
717 641 751 684 ex
791 619 935 682 cronicini
954 615 1140 680 saeculorum
1156 613 1225 674 crisi
1243 611 1322 674 nihil
1338 613 1411 675 sive

147 699 340 779 persuasione
367 701 514 762 constanti
544 710 574 764 et
591 701 750 768 universali
791 703 978 778 inmaten'a,
999 699 1108 762 sivein
1132 697 1227 760 lorina
1249 695 1408 758 libroruin

147 783 324 864 populorum
347 792 462 846 certum
489 794 577 860 esset,
602 786 750 851 Christum
789 786 824 849 N.
845 787 880 849 T.
897 786 953 848 luit
973 785 1135 857 detectum,
1156 780 1236 861 quod
1254 781 1301 842 iel
1320 781 1409 843 alios

148 884 196 942 eo,
216 884 276 947 quo
294 885 311 927 a
336 866 425 929 nobis
443 869 597 946 asseritur,
617 869 750 953 tempore
789 880 937 946 auctores,
950 887 1038 950 quarn
1055 865 1211 948 Apostolos
1228 881 1409 946 eorumque

146 950 265 1026 uixisse,
278 948 475 1028 Religionem,
492 971 568 1032 quae
585 953 750 1019 Christiana
789 955 968 1036 discipulos,
991 952 1037 1014 rel
1063 951 1205 1012 seriorem
1231 946 1405 1027 originem,

147 1031 269 1109 dicitur,
285 1033 323 1094 ab
343 1052 378 1096 eo
397 1033 534 1096 traditam
550 1036 651 1115 luisse,
663 1041 749 1103 etali
789 1057 877 1120 quain
903 1033 1051 1100 saeculol
1072 1031 1232 1112 Religionis
1251 1031 1405 1095 christia-

146 1117 220 1179 orbe
238 1124 386 1197 receptam
406 1127 528 1199 propter
550 1121 637 1183 bilem
656 1124 749 1187 mira·
789 1141 846 1184 nae
863 1131 893 1183 et
917 1117 1106 1183 monarchiae
1129 1134 1269 1178 romanae
1289 1124 1405 1178 osten-

146 1202 282 1265 culorum
301 1201 378 1276 eius,
401 1209 432 1263 et
451 1203 673 1283 Apostolorum.
693 1207 750 1270 lle·
790 1206 851 1268 dat.
872 1205 914 1268 ln'
927 1203 1012 1266 libris
1029 1202 1109 1266 enim
1131 1199 1167 1262 N.
1187 1199 1221 1262 Τ.
1243 1198 1320 1260 nihil
1343 1220 1407 1263 oc-

145 1301 212 1346 rum
227 1303 294 1348 cuin
309 1283 504 1348 nihilominus
518 1307 553 1349 er
567 1288 651 1352 libris
664 1290 698 1353 Ν.
712 1291 746 1354 Τ.
789 1291 893 1366 currit,
907 1288 986 1370 quod
999 1285 1208 1367 Apostolorum
1227 1283 1318 1345 aetati
1335 1303 1404 1346 non

145 1366 750 1464 firmissimaReligionisargumeniahau·
789 1373 956 1448 conueniat3
977 1370 1066 1446 nihil,
1085 1368 1247 1449 quodcum
1266 1367 1407 1430 histori-

144 1461 280 1548 riantur‚
302 1461 331 1514 et
350 1453 379 1514 iii
403 1453 442 1516 iis
473 1453 659 1535 potissimum
686 1468 747 1521 lum
789 1457 832 1520 cis
851 1467 913 1518 tum
931 1455 1065 1532 iudaeis,
1091 1462 1153 1514 tum
1181 1450 1312 1513 ethnicis
1332 1454 1405 1516 ullo

144 1553 210 1616 ipsa
218 1535 378 1614 Religionis
387 1537 533 1616 doctrina,
551 1549 612 1602 tum
625 1551 654 1604 et
671 1543 748 1606 sacta
788 1541 875 1603 inodo
893 1539 1058 1614 dissentiam
1081 1536 1167 1612 nibil,
1191 1536 1268 1616 qnoil
1289 1539 1405 1615 postea

145 1619 274 1702 plurima
291 1627 320 1682 et
347 1621 475 1698 insignia
501 1621 610 1687 Christi
628 1635 659 1688 et
672 1628 749 1707 Apo-
787 1625 922 1688 euenisse
947 1621 1092 1704 suspicari
1118 1621 1217 1682 liccat:
1241 1619 1347 1681 nullus
1369 1622 1404 1682 iii

146 1704 289 1799 stolorum
319 1704 550 1783 contineantur,
573 1726 608 1770 ex
638 1710 748 1790 quibus
787 1708 966 1789 geographia
982 1716 1012 1769 et
1029 1704 1220 1787 chronologia
1241 1721 1326 1766 error
1347 1703 1404 1766 de·

144 1805 324 1850 immensum
358 1789 472 1867 exurgit
504 1801 746 1869 argumentorum
787 1793 993 1874 prehenditur,
1005 1790 1083 1871 quod
1097 1787 1218 1851 herinii
1231 1786 1401 1866 potuisset,

145 1871 275 1951 ponilus3
288 1879 318 1933 et
332 1890 398 1933 curii
413 1872 535 1937 hancob
546 1893 666 1938 cansam
681 1877 748 1940 llei-
787 1877 812 1938 si
830 1885 965 1938 auctores
980 1883 1046 1956 post
1063 1873 1144 1936 illam
1164 1880 1292 1933 aetatem
1308 1879 1341 1932 et
1361 1891 1402 1934 e-

145 1962 209 2016 stae
227 1955 264 2016 ad
283 1953 426 2017 libroruin
445 1955 568 2021 istorum
585 1961 747 2024 auctorita·
786 1978 900 2022 versam
921 1959 1054 2022 funditus
1079 1954 1292 2036 rempublicam
1312 1957 1402 2016 scri-

145 2045 205 2100 tem
235 2038 457 2106 convellendam
481 2061 569 2105 omno
593 2045 745 2123 studium,
777 2034 925 2124 'psissent
944 2043 1007 2105 lnio
1025 2060 1085 2105 non
1104 2049 1217 2102 lantum
1239 2036 1314 2099 nibil
1332 2048 1399 2117 est,

146 2139 326 2204 omnemque
348 2142 467 2204 operam
485 2125 669 2208 impenilanh
689 2148 746 2191 no·
785 2127 865 2208 quod
883 2126 1077 2190 recentiorem
1092 2132 1230 2198 aetatem,
1243 2130 1295 2183 aut
1313 2123 1401 2186 alios

145 2213 239 2268 strum
252 2216 308 2282 est,
327 2207 482 2272 incelebri
498 2210 744 2294 haagnnmcnm
785 2211 930 2274 libiorum
949 2218 1086 2272 auctores
1104 2207 1223 2289 prodat,
1246 2206 1297 2266 sed
1318 2224 1399 2267 oiri-

138 2289 306 2352 ·incrodulis
323 2291 450 2369 agimus,
471 2312 572 2368 causa,
586 2297 745 2377 praecipua
785 2296 834 2358 nia
847 2296 1032 2356 manifestam
1040 2288 1396 2370 iaciuntnntiquitatein,

138 2373 355 2451 instrumenta,
371 2376 480 2456 quibus
498 2378 606 2440 lactum
620 2378 744 2443 Revela·
785 2379 885 2442 omnia
899 2387 1037 2440 auctores
1045 2376 1123 2451 illos,
1135 2373 1244 2457 quibus
1256 2372 1324 2434 libri
1340 2376 1399 2437 ad·

137 2457 234 2520 tionis
255 2460 508 2540 comprobandum
527 2471 583 2537 est,
602 2463 640 2525 ab
664 2465 745 2528 omni
784 2463 965 2540 scribuntur,
977 2463 1130 2535 denotant,
1144 2475 1308 2552 eorumque
1322 2458 1397 2520 sor-

785 2566 876 2624 mam,
892 2557 921 2609 et
935 2545 1021 2628 qnasi
1041 2545 1136 2606 uiuam
1156 2542 1317 2620 imaginem
1342 2561 1398 2606 re-

782 2631 893 2693 lerunt.
913 2629 987 2692 Num

825 2713 859 2776 1.
870 2711 1163 2776 Auctoreslibroruiii
1180 2706 1216 2770 Ν.
1228 2706 1263 2769 Τ.
1280 2707 1396 2772 dicun·

782 2804 831 2862 tur
841 2798 977 2877 discipuli
989 2795 1112 2870 Christi,
1128 2793 1178 2874 qui
1191 2810 1299 2872 nempe
1313 2801 1396 2854 tein-

782 2901 854 2962 pore
866 2881 973 2946 Christi
992 2881 1137 2956 uiierunt,
1154 2876 1212 2957 ipsi
1227 2876 1314 2938 huma
1329 2878 1395 2941 nde

781 2965 991 3040 adhaeserunt,
1002 2973 1032 3027 et
1042 2964 1211 3024 maximneii
1221 2967 1304 3041 parte
1317 2979 1392 3024 cuin

780 3048 845 3129 ipso
865 3049 1028 3112 conversati
1058 3055 1138 3108 sunt.
1168 3043 1255 3104 Tales
1283 3051 1392 3108 autern

137 2541 279 2608 {tustinus
292 2542 462 2625 suspicione
479 2544 641 2609 uindicare.

343 2707 513 2754 duciculus
524 2708 544 2757 1.

271 2811 337 2860 bibit
355 2813 382 2858 Ν.
396 2812 423 2858 Τ.
438 2813 493 2858 eunt
507 2811 614 2868 genuliit.

411 2947 421 2967 .
439 2921 492 2968 si.

118 3077 123 3090 .
181 3025 287 3090 Libros
304 3021 339 3086 Ν.
357 2915 553 3103 Τςςεηυίηοε
570 3032 600 3087 et
616 3025 742 3088 authen·

143 3116 216 3174 ticos
231 3127 308 3184 essa,
327 3127 380 3170 seu
394 3125 462 3170 iere
487 3108 524 3169 ab
545 3107 594 3184 iis,
613 3127 738 3188 quorum

140 3193 523 3273 nominapracselerunt,et
540 3191 659 3272 quidem
675 3193 737 3273 pri·

140 3297 190 3340 mo
214 3279 279 3338 nevi
300 3275 451 3338 christiani
470 3277 588 3338 saeculo
606 3276 740 3338 conscri-

141 3371 206 3443 ptos
223 3360 327 3436 luisse,
355 3359 532 3422 solidissime
551 3359 692 3440 probatur
708 3362 739 3441 l)

140 3464 179 3509 aa
196 3443 412 3507 characteribus
426 3444 565 3518 internis,
581 3464 614 3506 ao
630 3445 662 3522 Τ)
683 3462 739 3506 eo«

139 3530 243 3605 ternis,
263 3537 292 3590 et
310 3529 342 3610 3)
362 3545 399 3590 ea
415 3527 644 3607 impossibilitate
667 3546 739 3608 cup·

134 3612 302 3696 positionis.

206 3867 224 3914 1.
238 3868 321 3916 Libros
336 3869 362 3915 Ν.
378 3868 405 3914 Τ.
421 3869 536 3925 genuinos
551 3871 676 3919 ostendunt
710 3902 712 3911 ,

308 3937 455 3982 cliaractoioe
475 3939 570 3984 interiit.

181 4057 222 4120 Ex
240 4057 356 4120 deiectu
381 4056 584 4121 characterum
604 4059 739 4121 interno·

138 4159 205 4202 runi
225 4143 509 4239 libriinigeuuinuin
530 4163 588 4205 non
609 4162 673 4204 csse
691 4144 739 4204 di·

140 4235 303 4302 giioscilur,
320 4245 346 4286 si
371 4237 495 4288 materia
527 4245 603 4305 quae
625 4235 740 4305 pertra-

142 4315 258 4384 ctatur,
286 4317 316 4370 et
336 4310 432 4372 lorina
456 4329 514 4390 qua
532 4318 763 4389 pertractatur,¹

781 3134 879 3213 prodit
903 3139 1131 3212 nigromontem,
1161 3127 1241 3209 quod
1265 3137 1392 3207 pertra-

780 3225 878 3294 ctant3
902 3218 1035 3280 referunt
1061 3216 1140 3277 enirn
1165 3211 1332 3274 doctrinam
1360 3223 1394 3276 et

781 3301 932 3362 historiam
945 3300 1103 3375 Christi‚et
1117 3297 1311 3379 quidemcum
1330 3297 1392 3359 cir-

780 3385 966 3448 cumstantiis
990 3383 1152 3445 individuis
1179 3389 1267 3460 atque
1286 3379 1393 3444 minu·

781 3471 831 3546 tis,
857 3489 932 3551 quae
954 3469 993 3530 ita
1012 3474 1149 3529 accurate
1167 3466 1244 3526 scire
1265 3472 1390 3527 tniitum

780 3563 915 3633 poterant
932 3552 998 3626 riri,
1018 3551 1068 3632 qui
1087 3568 1134 3611 res
1152 3567 1213 3610 non
1228 3566 1244 3610 e
1262 3547 1389 3624 longin-

780 3656 851 3716 quo,
869 3638 918 3698 scd
935 3653 1026 3717 prope
1041 3640 1227 3715 aspexerunt.
1241 3630 1388 3694 huetium

778 3716 1388 3796 enarrantecclesiaechiistianneprimor-

779 3806 845 3875 dia,
865 3813 895 3866 et
918 3821 1089 3884 progressus
1107 3820 1160 3883 per
1182 3801 1387 3880 praedicatio·

779 3905 846 3950 neni
866 3887 1091 3968 Apostolorum,
1119 3883 1343 3966 persecutiones
1368 3905 1387 3946 a

779 3972 896 4034 ludaeis
918 3983 1024 4045 inciae,
1047 3978 1076 4032 et
1093 3987 1210 4030 errores
1228 3967 1387 4032 iloctriiiae

779 4055 884 4119 Christi
905 4061 1114 4136 repugnantes,
1134 4071 1209 4133 qnos
1223 4052 1308 4131 iinpii
1323 4053 1384 4112 ho-

781 4142 875 4202 mines
892 4139 951 4201 iam
970 4139 1047 4199 inter
1065 4137 1175 4217 priinos
1199 4137 1300 4196 holeles
1317 4137 1385 4198 nis-

779 4225 976 4297 seminarunt,
995 4221 1104 4302 quilius
1129 4229 1227 4280 autem
1246 4218 1385 4297 Apostoli

779 4312 962 4392 restiterant.
982 4303 1031 4370 Sin
1048 4313 1077 4367 et
1096 4312 1156 4367 toto
1183 4311 1382 4384 argumento,
