<?xml version="1.0" encoding="UTF-8"?>
<!DOCTYPE html PUBLIC "-//W3C//DTD XHTML 1.0 Transitional//EN"
    "http://www.w3.org/TR/xhtml1/DTD/xhtml1-transitional.dtd">
<html xmlns="http://www.w3.org/1999/xhtml" xml:lang="en" lang="en">
 <head>
  <title>
</title>
<meta http-equiv="Content-Type" content="text/html;charset=utf-8" />
  <meta name='ocr-system' content='tesseract 3.04.00' />
  <meta name='ocr-capabilities' content='ocr_page ocr_carea ocr_par ocr_line ocrx_word'/>
</head>
<body>
  <div class='ocr_page' id='page_1' title='image "./institutionesth00knolgoog_0096.png"; bbox 0 0 2918 4734; ppageno 0'>
   <div class='ocr_carea' id='block_1_1' title="bbox 206 149 968 217">
    <p class='ocr_par' dir='ltr' id='par_1_1' title="bbox 206 149 968 217">
     <span class='ocr_line' id='line_1_1' title="bbox 206 149 968 217; baseline -0.012 -3"><span class='ocrx_word' id='word_1_1' title='bbox 206 149 246 217; x_wconf 74' lang='lat'><strong>80</strong></span> <span class='ocrx_word' id='word_1_2' title='bbox 601 163 785 214; x_wconf 75' lang='lat' dir='ltr'><strong>mroroernr</strong></span> <span class='ocrx_word' id='word_1_3' title='bbox 806 159 968 214; x_wconf 76' lang='lat' dir='ltr'><strong>cruentus</strong></span> 
     </span>
    </p>
   </div>
   <div class='ocr_carea' id='block_1_2' title="bbox 63 239 1409 4107">
    <p class='ocr_par' dir='ltr' id='par_1_2' title="bbox 63 239 1409 4107">
     <span class='ocr_line' id='line_1_2' title="bbox 157 239 1409 327; baseline -0.005 -17"><span class='ocrx_word' id='word_1_4' title='bbox 157 254 215 312; x_wconf 84' lang='lat' dir='ltr'><strong>est:</strong></span> <span class='ocrx_word' id='word_1_5' title='bbox 234 265 337 318; x_wconf 81' lang='lat' dir='ltr'><strong>omnes</strong></span> <span class='ocrx_word' id='word_1_6' title='bbox 353 243 587 327; x_wconf 82' lang='lat' dir='ltr'><strong>aulemspirittts</strong></span> <span class='ocrx_word' id='word_1_7' title='bbox 599 243 675 314; x_wconf 83' lang='lat' dir='ltr'><strong>oniti</strong></span> <span class='ocrx_word' id='word_1_8' title='bbox 691 251 761 308; x_wconf 87' lang='lat' dir='ltr'><strong>sunt</strong></span> <span class='ocrx_word' id='word_1_9' title='bbox 801 241 948 305; x_wconf 79' lang='lat' dir='ltr'><strong>dinarium</strong></span> <span class='ocrx_word' id='word_1_10' title='bbox 967 239 1099 304; x_wconf 89' lang='lat' dir='ltr'><strong>eiusdem</strong></span> <span class='ocrx_word' id='word_1_11' title='bbox 1119 239 1321 304; x_wconf 75' lang='lat' dir='ltr'><strong>causalitatem</strong></span> <span class='ocrx_word' id='word_1_12' title='bbox 1334 259 1409 322; x_wconf 89' lang='lat' dir='ltr'><strong>pro-</strong></span> 
     </span>
     <span class='ocr_line' id='line_1_3' title="bbox 158 323 1408 412; baseline -0.004 -19"><span class='ocrx_word' id='word_1_13' title='bbox 158 331 286 412; x_wconf 86' lang='lat' dir='ltr'><strong>tempori</strong></span> <span class='ocrx_word' id='word_1_14' title='bbox 305 330 448 408; x_wconf 82' lang='lat' dir='ltr'><strong>subiecti,</strong></span> <span class='ocrx_word' id='word_1_15' title='bbox 474 338 564 412; x_wconf 79' lang='lat' dir='ltr'><strong>atque</strong></span> <span class='ocrx_word' id='word_1_16' title='bbox 587 327 654 396; x_wconf 85' lang='lat' dir='ltr'><strong>ideo</strong></span> <span class='ocrx_word' id='word_1_17' title='bbox 683 346 759 412; x_wconf 86' lang='lat' dir='ltr'><strong>quaa</strong></span> <span class='ocrx_word' id='word_1_18' title='bbox 800 327 971 402; x_wconf 87' lang='lat' dir='ltr'><strong>ducuntur,</strong></span> <span class='ocrx_word' id='word_1_19' title='bbox 991 323 1035 386; x_wconf 91' lang='lat' dir='ltr'><strong>uti</strong></span> <span class='ocrx_word' id='word_1_20' title='bbox 1057 334 1128 387; x_wconf 83' lang='lat' dir='ltr'><strong>sunt</strong></span> <span class='ocrx_word' id='word_1_21' title='bbox 1149 325 1250 386; x_wconf 90' lang='lat' dir='ltr'><strong>missio</strong></span> <span class='ocrx_word' id='word_1_22' title='bbox 1268 323 1408 404; x_wconf 88' lang='lat' dir='ltr'><strong>Prophe·</strong></span> 
     </span>
     <span class='ocr_line' id='line_1_4' title="bbox 158 407 1403 505; baseline -0.003 -29"><span class='ocrx_word' id='word_1_23' title='bbox 158 415 245 480; x_wconf 89' lang='lat' dir='ltr'><strong>nohis</strong></span> <span class='ocrx_word' id='word_1_24' title='bbox 270 415 369 480; x_wconf 85' lang='lat' dir='ltr'><strong>sutura</strong></span> <span class='ocrx_word' id='word_1_25' title='bbox 394 422 474 492; x_wconf 87' lang='lat' dir='ltr'><strong>suut,</strong></span> <span class='ocrx_word' id='word_1_26' title='bbox 495 412 583 482; x_wconf 83' lang='lat' dir='ltr'><strong>etiam</strong></span> <span class='ocrx_word' id='word_1_27' title='bbox 603 430 656 493; x_wconf 90' lang='lat' dir='ltr'><strong>pro</strong></span> <span class='ocrx_word' id='word_1_28' title='bbox 686 411 759 493; x_wconf 87' lang='lat' dir='ltr'><strong>ipsis</strong></span> <span class='ocrx_word' id='word_1_29' title='bbox 800 418 858 486; x_wconf 85' lang='lat' dir='ltr'><strong>tae,</strong></span> <span class='ocrx_word' id='word_1_30' title='bbox 879 409 1022 471; x_wconf 76' lang='lat' dir='ltr'><strong>aduentus</strong></span> <span class='ocrx_word' id='word_1_31' title='bbox 1036 407 1171 484; x_wconf 65' lang='lat' dir='ltr'><strong>hassiae</strong></span> <span class='ocrx_word' id='word_1_32' title='bbox 1188 408 1403 505; x_wconf 75' lang='lat' dir='ltr'><strong>mimctlaetc.</strong></span> 
     </span>
     <span class='ocr_line' id='line_1_5' title="bbox 157 492 1407 578; baseline -0.002 -18"><span class='ocrx_word' id='word_1_33' title='bbox 157 495 289 566; x_wconf 87' lang='lat' dir='ltr'><strong>nondum</strong></span> <span class='ocrx_word' id='word_1_34' title='bbox 309 498 455 575; x_wconf 83' lang='lat' dir='ltr'><strong>existunt,</strong></span> <span class='ocrx_word' id='word_1_35' title='bbox 475 505 506 564; x_wconf 85' lang='lat' dir='ltr'><strong>et</strong></span> <span class='ocrx_word' id='word_1_36' title='bbox 522 495 605 572; x_wconf 87' lang='lat' dir='ltr'><strong>ideo,</strong></span> <span class='ocrx_word' id='word_1_37' title='bbox 630 507 758 578; x_wconf 84' lang='lat' dir='ltr'><strong>quarta·</strong></span> <span class='ocrx_word' id='word_1_38' title='bbox 798 492 1110 562; x_wconf 82' lang='lat' dir='ltr'><strong>Taleserentusruens</strong></span> <span class='ocrx_word' id='word_1_39' title='bbox 1123 493 1407 573; x_wconf 83' lang='lat' dir='ltr'><strong>humauasmespe-</strong></span> 
     </span>
     <span class='ocr_line' id='line_1_6' title="bbox 157 576 1403 664; baseline 0.001 -22"><span class='ocrx_word' id='word_1_40' title='bbox 157 599 274 664; x_wconf 88' lang='lat' dir='ltr'><strong>cunque</strong></span> <span class='ocrx_word' id='word_1_41' title='bbox 292 582 330 648; x_wconf 89' lang='lat' dir='ltr'><strong>sit</strong></span> <span class='ocrx_word' id='word_1_42' title='bbox 345 599 446 648; x_wconf 86' lang='lat' dir='ltr'><strong>eorum</strong></span> <span class='ocrx_word' id='word_1_43' title='bbox 466 579 661 662; x_wconf 72' lang='lat' dir='ltr'><strong>perspicacia,</strong></span> <span class='ocrx_word' id='word_1_44' title='bbox 680 580 718 648; x_wconf 88' lang='lat' dir='ltr'><strong>ab</strong></span> <span class='ocrx_word' id='word_1_45' title='bbox 733 579 758 643; x_wconf 83' lang='lat' dir='ltr'><strong>i·</strong></span> <span class='ocrx_word' id='word_1_46' title='bbox 798 577 865 645; x_wconf 82' lang='lat' dir='ltr'><strong>ciali</strong></span> <span class='ocrx_word' id='word_1_47' title='bbox 884 576 1065 644; x_wconf 84' lang='lat' dir='ltr'><strong>revelatione</strong></span> <span class='ocrx_word' id='word_1_48' title='bbox 1091 577 1191 646; x_wconf 87' lang='lat' dir='ltr'><strong>divina</strong></span> <span class='ocrx_word' id='word_1_49' title='bbox 1211 577 1294 646; x_wconf 85' lang='lat' dir='ltr'><strong>nullo</strong></span> <span class='ocrx_word' id='word_1_50' title='bbox 1313 578 1403 646; x_wconf 59' lang='lat' dir='ltr'><strong>arom</strong></span> 
     </span>
     <span class='ocr_line' id='line_1_7' title="bbox 157 661 1405 757; baseline 0 -29"><span class='ocrx_word' id='word_1_51' title='bbox 157 666 217 746; x_wconf 91' lang='lat' dir='ltr'><strong>psis</strong></span> <span class='ocrx_word' id='word_1_52' title='bbox 232 665 408 747; x_wconf 83' lang='lat' dir='ltr'>praevideri,</span> <span class='ocrx_word' id='word_1_53' title='bbox 421 673 450 729; x_wconf 89' lang='lat' dir='ltr'><strong>et</strong></span> <span class='ocrx_word' id='word_1_54' title='bbox 461 661 662 746; x_wconf 84' lang='lat' dir='ltr'><strong>praenuntiari</strong></span> <span class='ocrx_word' id='word_1_55' title='bbox 678 662 755 730; x_wconf 90' lang='lat' dir='ltr'><strong>haud</strong></span> <span class='ocrx_word' id='word_1_56' title='bbox 796 661 981 757; x_wconf 82' lang='lat' dir='ltr'><strong>praevidere,</strong></span> <span class='ocrx_word' id='word_1_57' title='bbox 994 669 1023 722; x_wconf 89' lang='lat' dir='ltr'><strong>et</strong></span> <span class='ocrx_word' id='word_1_58' title='bbox 1035 661 1205 750; x_wconf 79' lang='lat' dir='ltr'><strong>praedicere</strong></span> <span class='ocrx_word' id='word_1_59' title='bbox 1215 663 1405 746; x_wconf 85' lang='lat' dir='ltr'><strong>potest,quia</strong></span> 
     </span>
     <span class='ocr_line' id='line_1_8' title="bbox 156 743 1404 831; baseline 0.002 -21"><span class='ocrx_word' id='word_1_60' title='bbox 156 758 290 830; x_wconf 79' lang='lat' dir='ltr'><strong>possunt.</strong></span> <span class='ocrx_word' id='word_1_61' title='bbox 317 748 417 831; x_wconf 82' lang='lat' dir='ltr'>Neque</span> <span class='ocrx_word' id='word_1_62' title='bbox 437 747 590 829; x_wconf 87' lang='lat' dir='ltr'><strong>spiritibus</strong></span> <span class='ocrx_word' id='word_1_63' title='bbox 615 747 678 814; x_wconf 88' lang='lat' dir='ltr'><strong>istis</strong></span> <span class='ocrx_word' id='word_1_64' title='bbox 697 747 756 816; x_wconf 86' lang='lat' dir='ltr'><strong>tale</strong></span> <span class='ocrx_word' id='word_1_65' title='bbox 798 745 910 816; x_wconf 73' lang='lat' dir='ltr'><strong>iudicia</strong></span> <span class='ocrx_word' id='word_1_66' title='bbox 929 743 981 811; x_wconf 82' lang='lat' dir='ltr'><strong>liei</strong></span> <span class='ocrx_word' id='word_1_67' title='bbox 1005 745 1273 830; x_wconf 82' lang='lat' dir='ltr'><strong>conprehendere,</strong></span> <span class='ocrx_word' id='word_1_68' title='bbox 1291 755 1322 812; x_wconf 89' lang='lat' dir='ltr'><strong>et</strong></span> <span class='ocrx_word' id='word_1_69' title='bbox 1339 747 1404 814; x_wconf 88' lang='lat' dir='ltr'><strong>vias</strong></span> 
     </span>
     <span class='ocr_line' id='line_1_9' title="bbox 155 828 1306 911; baseline -0.003 -16"><span class='ocrx_word' id='word_1_70' title='bbox 155 833 319 900; x_wconf 89' lang='lat' dir='ltr'><strong>dominium</strong></span> <span class='ocrx_word' id='word_1_71' title='bbox 338 833 369 896; x_wconf 88' lang='lat' dir='ltr'><strong>in</strong></span> <span class='ocrx_word' id='word_1_72' title='bbox 387 832 514 898; x_wconf 85' lang='lat' dir='ltr'><strong>liberum</strong></span> <span class='ocrx_word' id='word_1_73' title='bbox 529 830 657 896; x_wconf 78' lang='lat' dir='ltr'><strong>heminis</strong></span> <span class='ocrx_word' id='word_1_74' title='bbox 676 830 755 895; x_wconf 87' lang='lat' dir='ltr'><strong>arbi·</strong></span> <span class='ocrx_word' id='word_1_75' title='bbox 797 829 862 898; x_wconf 84' lang='lat' dir='ltr'><strong>aius</strong></span> <span class='ocrx_word' id='word_1_76' title='bbox 880 828 1059 908; x_wconf 79' lang='lat' dir='ltr'><strong>investigare</strong></span> <span class='ocrx_word' id='word_1_77' title='bbox 1077 847 1136 894; x_wconf 86' lang='lat' dir='ltr'><strong>nun</strong></span> <span class='ocrx_word' id='word_1_78' title='bbox 1155 829 1233 894; x_wconf 83' lang='lat' dir='ltr'><strong>ualet</strong></span> <span class='ocrx_word' id='word_1_79' title='bbox 1248 828 1306 911; x_wconf 88' lang='lat' dir='ltr'><strong>(l).</strong></span> 
     </span>
     <span class='ocr_line' id='line_1_10' title="bbox 156 911 1403 1001; baseline 0.004 -24"><span class='ocrx_word' id='word_1_80' title='bbox 156 916 244 979; x_wconf 88' lang='lat' dir='ltr'><strong>trium</strong></span> <span class='ocrx_word' id='word_1_81' title='bbox 265 915 386 980; x_wconf 76' lang='lat' dir='ltr'>attribui</span> <span class='ocrx_word' id='word_1_82' title='bbox 405 923 512 996; x_wconf 84' lang='lat' dir='ltr'><strong>potest,</strong></span> <span class='ocrx_word' id='word_1_83' title='bbox 534 922 568 982; x_wconf 85' lang='lat' dir='ltr'><strong>ul</strong></span> <span class='ocrx_word' id='word_1_84' title='bbox 592 931 643 995; x_wconf 88' lang='lat' dir='ltr'><strong>pro</strong></span> <span class='ocrx_word' id='word_1_85' title='bbox 668 915 755 982; x_wconf 84' lang='lat' dir='ltr'><strong>libitu</strong></span> <span class='ocrx_word' id='word_1_86' title='bbox 839 913 869 980; x_wconf 81' lang='lat'><strong>3.</strong></span> <span class='ocrx_word' id='word_1_87' title='bbox 891 913 1004 980; x_wconf 73' lang='lat' dir='ltr'><strong>tardes</strong></span> <span class='ocrx_word' id='word_1_88' title='bbox 1017 911 1143 978; x_wconf 78' lang='lat' dir='ltr'><strong>relativa</strong></span> <span class='ocrx_word' id='word_1_89' title='bbox 1157 931 1210 980; x_wconf 82' lang='lat' dir='ltr'><strong>seu</strong></span> <span class='ocrx_word' id='word_1_90' title='bbox 1228 932 1403 1001; x_wconf 77' lang='lat' dir='ltr'><strong>neruspro·</strong></span> 
     </span>
     <span class='ocr_line' id='line_1_11' title="bbox 154 994 1403 1082; baseline 0 -20"><span class='ocrx_word' id='word_1_91' title='bbox 154 999 306 1072; x_wconf 86' lang='lat' dir='ltr'><strong>hominem</strong></span> <span class='ocrx_word' id='word_1_92' title='bbox 325 1000 363 1066; x_wconf 89' lang='lat' dir='ltr'><strong>ad</strong></span> <span class='ocrx_word' id='word_1_93' title='bbox 381 998 526 1078; x_wconf 78' lang='lat' dir='ltr'><strong>agendum</strong></span> <span class='ocrx_word' id='word_1_94' title='bbox 542 997 753 1082; x_wconf 76' lang='lat' dir='ltr'><strong>determinare,</strong></span> <span class='ocrx_word' id='word_1_95' title='bbox 796 997 917 1078; x_wconf 86' lang='lat' dir='ltr'><strong>phetiae</strong></span> <span class='ocrx_word' id='word_1_96' title='bbox 929 1015 996 1060; x_wconf 90' lang='lat' dir='ltr'><strong>cum</strong></span> <span class='ocrx_word' id='word_1_97' title='bbox 1011 994 1146 1066; x_wconf 83' lang='lat' dir='ltr'><strong>doctrine</strong></span> <span class='ocrx_word' id='word_1_98' title='bbox 1158 999 1403 1080; x_wconf 79' lang='lat' dir='ltr'><strong>promulgatam-</strong></span> 
     </span>
     <span class='ocr_line' id='line_1_12' title="bbox 154 1079 1400 1165; baseline -0.001 -17"><span class='ocrx_word' id='word_1_99' title='bbox 154 1093 183 1148; x_wconf 90' lang='lat' dir='ltr'><strong>et</strong></span> <span class='ocrx_word' id='word_1_100' title='bbox 202 1085 246 1148; x_wconf 86' lang='lat' dir='ltr'><strong>sic</strong></span> <span class='ocrx_word' id='word_1_101' title='bbox 273 1083 489 1165; x_wconf 74' lang='lat' dir='ltr'><strong>praedictiones</strong></span> <span class='ocrx_word' id='word_1_102' title='bbox 514 1099 582 1148; x_wconf 90' lang='lat' dir='ltr'><strong>suas</strong></span> <span class='ocrx_word' id='word_1_103' title='bbox 604 1083 755 1150; x_wconf 75' lang='lat' dir='ltr'><strong>veridicare</strong></span> <span class='ocrx_word' id='word_1_104' title='bbox 797 1079 840 1146; x_wconf 89' lang='lat' dir='ltr'><strong>rio</strong></span> <span class='ocrx_word' id='word_1_105' title='bbox 860 1080 947 1148; x_wconf 86' lang='lat' dir='ltr'><strong>modo</strong></span> <span class='ocrx_word' id='word_1_106' title='bbox 965 1098 1108 1165; x_wconf 87' lang='lat' dir='ltr'><strong>apparere</strong></span> <span class='ocrx_word' id='word_1_107' title='bbox 1126 1087 1234 1161; x_wconf 84' lang='lat' dir='ltr'><strong>potest.</strong></span> <span class='ocrx_word' id='word_1_108' title='bbox 1250 1079 1300 1146; x_wconf 89' lang='lat' dir='ltr'><strong>Vel</strong></span> <span class='ocrx_word' id='word_1_109' title='bbox 1316 1082 1400 1152; x_wconf 88' lang='lat' dir='ltr'><strong>enim</strong></span> 
     </span>
     <span class='ocr_line' id='line_1_13' title="bbox 155 1163 1399 1254; baseline 0.002 -26"><span class='ocrx_word' id='word_1_110' title='bbox 155 1168 282 1234; x_wconf 87' lang='lat' dir='ltr'><strong>valeant:</strong></span> <span class='ocrx_word' id='word_1_111' title='bbox 306 1167 334 1234; x_wconf 90' lang='lat' dir='ltr'><strong>id</strong></span> <span class='ocrx_word' id='word_1_112' title='bbox 354 1167 433 1230; x_wconf 90' lang='lat' dir='ltr'><strong>enim</strong></span> <span class='ocrx_word' id='word_1_113' title='bbox 455 1165 518 1242; x_wconf 86' lang='lat' dir='ltr'><strong>riui,</strong></span> <span class='ocrx_word' id='word_1_114' title='bbox 532 1185 549 1226; x_wconf 89' lang='lat' dir='ltr'><strong>a</strong></span> <span class='ocrx_word' id='word_1_115' title='bbox 564 1163 624 1232; x_wconf 82' lang='lat' dir='ltr'><strong>heo</strong></span> <span class='ocrx_word' id='word_1_116' title='bbox 643 1165 756 1234; x_wconf 85' lang='lat' dir='ltr'><strong>homini</strong></span> <span class='ocrx_word' id='word_1_117' title='bbox 796 1163 949 1234; x_wconf 80' lang='lat' dir='ltr'><strong>doctrinae</strong></span> <span class='ocrx_word' id='word_1_118' title='bbox 962 1164 1137 1251; x_wconf 86' lang='lat' dir='ltr'><strong>praecoipse</strong></span> <span class='ocrx_word' id='word_1_119' title='bbox 1149 1165 1318 1252; x_wconf 75' lang='lat' dir='ltr'><strong>prophetias</strong></span> <span class='ocrx_word' id='word_1_120' title='bbox 1329 1185 1399 1254; x_wconf 90' lang='lat' dir='ltr'><strong>pro·</strong></span> 
     </span>
     <span class='ocr_line' id='line_1_14' title="bbox 153 1247 1398 1334; baseline 0.002 -22"><span class='ocrx_word' id='word_1_121' title='bbox 153 1254 339 1332; x_wconf 87' lang='lat' dir='ltr'><strong>praestituto,</strong></span> <span class='ocrx_word' id='word_1_122' title='bbox 368 1270 386 1314; x_wconf 88' lang='lat' dir='ltr'><strong>e</strong></span> <span class='ocrx_word' id='word_1_123' title='bbox 408 1250 552 1332; x_wconf 86' lang='lat' dir='ltr'><strong>diametro</strong></span> <span class='ocrx_word' id='word_1_124' title='bbox 581 1250 754 1334; x_wconf 89' lang='lat' dir='ltr'><strong>opponitur,</strong></span> <span class='ocrx_word' id='word_1_125' title='bbox 795 1249 864 1323; x_wconf 85' lang='lat' dir='ltr'><strong>lert,</strong></span> <span class='ocrx_word' id='word_1_126' title='bbox 880 1257 909 1313; x_wconf 86' lang='lat' dir='ltr'><strong>et</strong></span> <span class='ocrx_word' id='word_1_127' title='bbox 928 1249 980 1314; x_wconf 83' lang='lat' dir='ltr'><strong>tas</strong></span> <span class='ocrx_word' id='word_1_128' title='bbox 996 1247 1028 1312; x_wconf 90' lang='lat' dir='ltr'><strong>io</strong></span> <span class='ocrx_word' id='word_1_129' title='bbox 1042 1247 1245 1316; x_wconf 82' lang='lat' dir='ltr'><strong>testimonium</strong></span> <span class='ocrx_word' id='word_1_130' title='bbox 1264 1249 1398 1330; x_wconf 82' lang='lat' dir='ltr'><strong>adducit,</strong></span> 
     </span>
     <span class='ocr_line' id='line_1_15' title="bbox 153 1331 1393 1414; baseline 0.002 -17"><span class='ocrx_word' id='word_1_131' title='bbox 153 1343 182 1398; x_wconf 87' lang='lat' dir='ltr'><strong>et</strong></span> <span class='ocrx_word' id='word_1_132' title='bbox 195 1336 296 1403; x_wconf 84' lang='lat' dir='ltr'><strong>sensui</strong></span> <span class='ocrx_word' id='word_1_133' title='bbox 308 1334 413 1402; x_wconf 89' lang='lat' dir='ltr'><strong>intimo</strong></span> <span class='ocrx_word' id='word_1_134' title='bbox 426 1333 614 1412; x_wconf 79' lang='lat' dir='ltr'><strong>contradicit,</strong></span> <span class='ocrx_word' id='word_1_135' title='bbox 636 1335 687 1414; x_wconf 88' lang='lat' dir='ltr'><strong>qui</strong></span> <span class='ocrx_word' id='word_1_136' title='bbox 702 1353 756 1400; x_wconf 69' lang='lat' dir='ltr'><strong>on»</strong></span> <span class='ocrx_word' id='word_1_137' title='bbox 795 1343 831 1400; x_wconf 89' lang='lat' dir='ltr'><strong>ut</strong></span> <span class='ocrx_word' id='word_1_138' title='bbox 849 1331 985 1399; x_wconf 85' lang='lat' dir='ltr'><strong>ostendat</strong></span> <span class='ocrx_word' id='word_1_139' title='bbox 1005 1349 1037 1402; x_wconf 86' lang='lat' dir='ltr'><strong>se</strong></span> <span class='ocrx_word' id='word_1_140' title='bbox 1054 1332 1181 1414; x_wconf 70' lang='lat' dir='ltr'><strong>legatum</strong></span> <span class='ocrx_word' id='word_1_141' title='bbox 1202 1333 1393 1411; x_wconf 79' lang='lat' dir='ltr'><strong>divinum-</strong></span> 
     </span>
     <span class='ocr_line' id='line_1_16' title="bbox 153 1415 1398 1504; baseline 0.002 -23"><span class='ocrx_word' id='word_1_142' title='bbox 153 1418 200 1481; x_wconf 88' lang='lat' dir='ltr'><strong>his</strong></span> <span class='ocrx_word' id='word_1_143' title='bbox 218 1419 368 1494; x_wconf 75' lang='lat' dir='ltr'><strong>resciscet,</strong></span> <span class='ocrx_word' id='word_1_144' title='bbox 389 1436 443 1484; x_wconf 91' lang='lat' dir='ltr'><strong>nos</strong></span> <span class='ocrx_word' id='word_1_145' title='bbox 456 1417 691 1498; x_wconf 86' lang='lat' dir='ltr'><strong>semperliheros</strong></span> <span class='ocrx_word' id='word_1_146' title='bbox 704 1435 754 1484; x_wconf 87' lang='lat' dir='ltr'><strong>es·</strong></span> <span class='ocrx_word' id='word_1_147' title='bbox 795 1417 839 1484; x_wconf 87' lang='lat' dir='ltr'><strong>vel</strong></span> <span class='ocrx_word' id='word_1_148' title='bbox 851 1415 1003 1484; x_wconf 80' lang='lat' dir='ltr'><strong>doctrinae</strong></span> <span class='ocrx_word' id='word_1_149' title='bbox 1021 1434 1127 1500; x_wconf 85' lang='lat' dir='ltr'><strong>praeco</strong></span> <span class='ocrx_word' id='word_1_150' title='bbox 1148 1417 1319 1504; x_wconf 78' lang='lat' dir='ltr'><strong>prophetias</strong></span> <span class='ocrx_word' id='word_1_151' title='bbox 1336 1420 1398 1484; x_wconf 85' lang='lat' dir='ltr'><strong>iem</strong></span> 
     </span>
     <span class='ocr_line' id='line_1_17' title="bbox 153 1500 1398 1588; baseline 0.006 -25"><span class='ocrx_word' id='word_1_152' title='bbox 153 1521 196 1564; x_wconf 88' lang='lat' dir='ltr'><strong>se.</strong></span> <span class='ocrx_word' id='word_1_153' title='bbox 223 1500 307 1574; x_wconf 81' lang='lat' dir='ltr'><strong>Quod</strong></span> <span class='ocrx_word' id='word_1_154' title='bbox 336 1501 361 1565; x_wconf 88' lang='lat' dir='ltr'><strong>si</strong></span> <span class='ocrx_word' id='word_1_155' title='bbox 379 1501 493 1568; x_wconf 82' lang='lat' dir='ltr'><strong>dicatur</strong></span> <span class='ocrx_word' id='word_1_156' title='bbox 515 1500 596 1588; x_wconf 85' lang='lat' dir='ltr'><strong>ipsus</strong></span> <span class='ocrx_word' id='word_1_157' title='bbox 618 1501 754 1568; x_wconf 87' lang='lat' dir='ltr'><strong>intuitira</strong></span> <span class='ocrx_word' id='word_1_158' title='bbox 796 1501 881 1584; x_wconf 80' lang='lat' dir='ltr'><strong>longe</strong></span> <span class='ocrx_word' id='word_1_159' title='bbox 899 1509 987 1566; x_wconf 86' lang='lat' dir='ltr'><strong>autea</strong></span> <span class='ocrx_word' id='word_1_160' title='bbox 1005 1501 1147 1587; x_wconf 87' lang='lat' dir='ltr'><strong>prolatas,</strong></span> <span class='ocrx_word' id='word_1_161' title='bbox 1172 1502 1202 1566; x_wconf 90' lang='lat' dir='ltr'><strong>in</strong></span> <span class='ocrx_word' id='word_1_162' title='bbox 1223 1501 1332 1585; x_wconf 77' lang='lat' dir='ltr'><strong>quibua</strong></span> <span class='ocrx_word' id='word_1_163' title='bbox 1349 1505 1398 1570; x_wconf 88' lang='lat' dir='ltr'><strong>le·</strong></span> 
     </span>
     <span class='ocr_line' id='line_1_18' title="bbox 152 1583 1398 1676; baseline -0.001 -28"><span class='ocrx_word' id='word_1_164' title='bbox 152 1583 205 1648; x_wconf 85' lang='lat' dir='ltr'><strong>Dei</strong></span> <span class='ocrx_word' id='word_1_165' title='bbox 222 1586 336 1648; x_wconf 88' lang='lat' dir='ltr'><strong>visione</strong></span> <span class='ocrx_word' id='word_1_166' title='bbox 354 1584 500 1664; x_wconf 76' lang='lat' dir='ltr'><strong>gaudere,</strong></span> <span class='ocrx_word' id='word_1_167' title='bbox 524 1593 554 1649; x_wconf 90' lang='lat' dir='ltr'><strong>et</strong></span> <span class='ocrx_word' id='word_1_168' title='bbox 572 1583 603 1646; x_wconf 88' lang='lat' dir='ltr'><strong>iu</strong></span> <span class='ocrx_word' id='word_1_169' title='bbox 624 1583 683 1652; x_wconf 85' lang='lat' dir='ltr'><strong>Dec</strong></span> <span class='ocrx_word' id='word_1_170' title='bbox 704 1586 753 1652; x_wconf 84' lang='lat' dir='ltr'><strong>lu·</strong></span> <span class='ocrx_word' id='word_1_171' title='bbox 793 1592 878 1662; x_wconf 77' lang='lat' dir='ltr'><strong>gatus</strong></span> <span class='ocrx_word' id='word_1_172' title='bbox 889 1583 1007 1652; x_wconf 85' lang='lat' dir='ltr'><strong>divinus</strong></span> <span class='ocrx_word' id='word_1_173' title='bbox 1020 1585 1258 1670; x_wconf 86' lang='lat' dir='ltr'><strong>praenuntiatur,</strong></span> <span class='ocrx_word' id='word_1_174' title='bbox 1271 1585 1398 1676; x_wconf 80' lang='lat' dir='ltr'><strong>eiusque</strong></span> 
     </span>
     <span class='ocr_line' id='line_1_19' title="bbox 154 1667 1395 1753; baseline 0.005 -24"><span class='ocrx_word' id='word_1_175' title='bbox 154 1676 220 1731; x_wconf 90' lang='lat' dir='ltr'><strong>tura</strong></span> <span class='ocrx_word' id='word_1_176' title='bbox 238 1678 344 1734; x_wconf 90' lang='lat' dir='ltr'><strong>cuncta</strong></span> <span class='ocrx_word' id='word_1_177' title='bbox 366 1687 555 1748; x_wconf 71' lang='lat' dir='ltr'><strong>cognoscere,</strong></span> <span class='ocrx_word' id='word_1_178' title='bbox 577 1675 647 1728; x_wconf 89' lang='lat' dir='ltr'><strong>tunc</strong></span> <span class='ocrx_word' id='word_1_179' title='bbox 672 1678 753 1736; x_wconf 89' lang='lat' dir='ltr'><strong>certe</strong></span> <span class='ocrx_word' id='word_1_180' title='bbox 794 1678 901 1744; x_wconf 83' lang='lat' dir='ltr'><strong>notae,</strong></span> <span class='ocrx_word' id='word_1_181' title='bbox 920 1674 950 1735; x_wconf 89' lang='lat' dir='ltr'><strong>et</strong></span> <span class='ocrx_word' id='word_1_182' title='bbox 968 1667 1154 1735; x_wconf 85' lang='lat' dir='ltr'><strong>characteres</strong></span> <span class='ocrx_word' id='word_1_183' title='bbox 1170 1669 1395 1753; x_wconf 86' lang='lat' dir='ltr'><strong>describuntur,</strong></span> 
     </span>
     <span class='ocr_line' id='line_1_20' title="bbox 151 1749 1395 1839; baseline 0.008 -26"><span class='ocrx_word' id='word_1_184' title='bbox 151 1750 320 1830; x_wconf 85' lang='lat' dir='ltr'><strong>infinitam,</strong></span> <span class='ocrx_word' id='word_1_185' title='bbox 340 1762 370 1816; x_wconf 88' lang='lat' dir='ltr'><strong>et</strong></span> <span class='ocrx_word' id='word_1_186' title='bbox 387 1753 615 1834; x_wconf 84' lang='lat' dir='ltr'><strong>pulcherrimam</strong></span> <span class='ocrx_word' id='word_1_187' title='bbox 635 1749 752 1818; x_wconf 60' lang='lat' dir='ltr'><strong>tortu„</strong></span> <span class='ocrx_word' id='word_1_188' title='bbox 793 1753 830 1818; x_wconf 85' lang='lat' dir='ltr'><strong>ad</strong></span> <span class='ocrx_word' id='word_1_189' title='bbox 854 1749 995 1820; x_wconf 86' lang='lat' dir='ltr'><strong>amussim</strong></span> <span class='ocrx_word' id='word_1_190' title='bbox 1026 1751 1179 1835; x_wconf 87' lang='lat' dir='ltr'><strong>adimplet.</strong></span> <span class='ocrx_word' id='word_1_191' title='bbox 1203 1753 1237 1820; x_wconf 88' lang='lat' dir='ltr'><strong>In</strong></span> <span class='ocrx_word' id='word_1_192' title='bbox 1264 1764 1395 1839; x_wconf 87' lang='lat' dir='ltr'><strong>utroque</strong></span> 
     </span>
     <span class='ocr_line' id='line_1_21' title="bbox 151 1835 1395 1922; baseline 0.006 -25"><span class='ocrx_word' id='word_1_193' title='bbox 151 1836 751 1918; x_wconf 76' lang='lat' dir='ltr'><strong>ten,quarncogroscuntetiamamant,</strong></span> <span class='ocrx_word' id='word_1_194' title='bbox 793 1835 1395 1922; x_wconf 83' lang='lat' dir='ltr'><strong>casudubiumsuperessenequit,lleum</strong></span> 
     </span>
     <span class='ocr_line' id='line_1_22' title="bbox 151 1919 1394 2004; baseline 0.002 -22"><span class='ocrx_word' id='word_1_195' title='bbox 151 1919 222 1985; x_wconf 88' lang='lat' dir='ltr'><strong>boui</strong></span> <span class='ocrx_word' id='word_1_196' title='bbox 241 1929 322 1999; x_wconf 87' lang='lat' dir='ltr'><strong>sunt,</strong></span> <span class='ocrx_word' id='word_1_197' title='bbox 340 1920 753 2004; x_wconf 85' lang='lat' dir='ltr'><strong>atquenosdeoiperetteque</strong></span> <span class='ocrx_word' id='word_1_198' title='bbox 791 1938 845 2002; x_wconf 89' lang='lat' dir='ltr'><strong>per</strong></span> <span class='ocrx_word' id='word_1_199' title='bbox 872 1919 1041 2002; x_wconf 87' lang='lat' dir='ltr'><strong>prophetias</strong></span> <span class='ocrx_word' id='word_1_200' title='bbox 1070 1920 1145 1986; x_wconf 84' lang='lat' dir='ltr'><strong>velle</strong></span> <span class='ocrx_word' id='word_1_201' title='bbox 1172 1920 1394 1992; x_wconf 83' lang='lat' dir='ltr'><strong>Revelationem</strong></span> 
     </span>
     <span class='ocr_line' id='line_1_23' title="bbox 151 2002 1396 2088; baseline -0.002 -22"><span class='ocrx_word' id='word_1_202' title='bbox 151 2015 287 2086; x_wconf 83' lang='lat' dir='ltr'><strong>possunt,</strong></span> <span class='ocrx_word' id='word_1_203' title='bbox 307 2023 405 2086; x_wconf 83' lang='lat' dir='ltr'><strong>neque</strong></span> <span class='ocrx_word' id='word_1_204' title='bbox 432 2005 546 2080; x_wconf 85' lang='lat' dir='ltr'><strong>volunt,</strong></span> <span class='ocrx_word' id='word_1_205' title='bbox 566 2003 616 2069; x_wconf 85' lang='lat' dir='ltr'><strong>scd</strong></span> <span class='ocrx_word' id='word_1_206' title='bbox 636 2002 660 2063; x_wconf 90' lang='lat' dir='ltr'><strong>si</strong></span> <span class='ocrx_word' id='word_1_207' title='bbox 680 2004 752 2085; x_wconf 81' lang='lat' dir='ltr'><strong>quid</strong></span> <span class='ocrx_word' id='word_1_208' title='bbox 792 2022 875 2074; x_wconf 79' lang='lat' dir='ltr'><strong>suam</strong></span> <span class='ocrx_word' id='word_1_209' title='bbox 899 2003 1072 2072; x_wconf 83' lang='lat' dir='ltr'><strong>hominihus</strong></span> <span class='ocrx_word' id='word_1_210' title='bbox 1087 2005 1255 2088; x_wconf 81' lang='lat' dir='ltr'><strong>ostendere,</strong></span> <span class='ocrx_word' id='word_1_211' title='bbox 1276 2016 1305 2073; x_wconf 81' lang='lat' dir='ltr'><strong>et</strong></span> <span class='ocrx_word' id='word_1_212' title='bbox 1322 2026 1396 2076; x_wconf 70' lang='lat' dir='ltr'><strong>con.</strong></span> 
     </span>
     <span class='ocr_line' id='line_1_24' title="bbox 150 2086 1331 2232; baseline 0.003 -82"><span class='ocrx_word' id='word_1_213' title='bbox 150 2089 335 2169; x_wconf 88' lang='lat' dir='ltr'><strong>praedicant,</strong></span> <span class='ocrx_word' id='word_1_214' title='bbox 347 2108 401 2154; x_wconf 87' lang='lat' dir='ltr'><strong>ceu</strong></span> <span class='ocrx_word' id='word_1_215' title='bbox 412 2090 607 2158; x_wconf 85' lang='lat' dir='ltr'><strong>instrumenta</strong></span> <span class='ocrx_word' id='word_1_216' title='bbox 617 2086 668 2152; x_wconf 86' lang='lat' dir='ltr'><strong>Dei</strong></span> <span class='ocrx_word' id='word_1_217' title='bbox 682 2106 752 2156; x_wconf 61' lang='lat' dir='ltr'><strong>conv</strong></span> <span class='ocrx_word' id='word_1_218' title='bbox 790 2089 908 2156; x_wconf 76' lang='lat' dir='ltr'><strong>turnare</strong></span> <span class='ocrx_word' id='word_1_219' title='bbox 927 2087 986 2232; x_wconf 44' lang='grc' dir='ltr'><strong>(ᾗ.</strong></span> <span class='ocrx_word' id='word_1_220' title='bbox 1329 2130 1331 2133; x_wconf 92' lang='grc'><strong>-</strong></span> 
     </span>
     <span class='ocr_line' id='line_1_25' title="bbox 151 2169 1395 2252; baseline 0.005 -18"><span class='ocrx_word' id='word_1_221' title='bbox 151 2172 398 2240; x_wconf 85' lang='lat' dir='ltr'><strong>siderandasunt:</strong></span> <span class='ocrx_word' id='word_1_222' title='bbox 413 2172 482 2238; x_wconf 89' lang='lat' dir='ltr'><strong>mali</strong></span> <span class='ocrx_word' id='word_1_223' title='bbox 495 2180 593 2238; x_wconf 88' lang='lat' dir='ltr'><strong>autem</strong></span> <span class='ocrx_word' id='word_1_224' title='bbox 610 2169 750 2252; x_wconf 89' lang='lat' dir='ltr'><strong>Spiritus,</strong></span> <span class='ocrx_word' id='word_1_225' title='bbox 830 2173 918 2237; x_wconf 86' lang='lat' dir='ltr'><strong>Noto.</strong></span> <span class='ocrx_word' id='word_1_226' title='bbox 968 2169 1064 2239; x_wconf 86' lang='lat' dir='ltr'><strong>arima</strong></span> <span class='ocrx_word' id='word_1_227' title='bbox 1082 2179 1162 2238; x_wconf 84' lang='lat' dir='ltr'><strong>certe</strong></span> <span class='ocrx_word' id='word_1_228' title='bbox 1178 2173 1222 2237; x_wconf 89' lang='lat' dir='ltr'><strong>vis</strong></span> <span class='ocrx_word' id='word_1_229' title='bbox 1239 2173 1318 2240; x_wconf 82' lang='lat' dir='ltr'><strong>inest</strong></span> <span class='ocrx_word' id='word_1_230' title='bbox 1331 2179 1395 2244; x_wconf 87' lang='lat' dir='ltr'><strong>reri</strong></span> 
     </span>
     <span class='ocr_line' id='line_1_26' title="bbox 150 2255 1394 2342; baseline 0.002 -25"><span class='ocrx_word' id='word_1_231' title='bbox 150 2255 228 2324; x_wconf 85' lang='lat' dir='ltr'><strong>sicul</strong></span> <span class='ocrx_word' id='word_1_232' title='bbox 246 2255 298 2322; x_wconf 82' lang='lat' dir='ltr'><strong>liei</strong></span> <span class='ocrx_word' id='word_1_233' title='bbox 318 2255 431 2325; x_wconf 86' lang='lat' dir='ltr'><strong>risione</strong></span> <span class='ocrx_word' id='word_1_234' title='bbox 454 2275 515 2320; x_wconf 88' lang='lat' dir='ltr'><strong>non</strong></span> <span class='ocrx_word' id='word_1_235' title='bbox 535 2255 685 2334; x_wconf 79' lang='lat' dir='ltr'><strong>gaudent,</strong></span> <span class='ocrx_word' id='word_1_236' title='bbox 709 2257 751 2326; x_wconf 80' lang='lat' dir='ltr'><strong>sie</strong></span> <span class='ocrx_word' id='word_1_237' title='bbox 790 2255 920 2326; x_wconf 78' lang='lat' dir='ltr'><strong>nominis</strong></span> <span class='ocrx_word' id='word_1_238' title='bbox 939 2255 1104 2342; x_wconf 85' lang='lat' dir='ltr'><strong>prophetiis</strong></span> <span class='ocrx_word' id='word_1_239' title='bbox 1120 2255 1157 2322; x_wconf 85' lang='lat' dir='ltr'><strong>ad</strong></span> <span class='ocrx_word' id='word_1_240' title='bbox 1175 2259 1326 2324; x_wconf 88' lang='lat' dir='ltr'><strong>veritatem</strong></span> <span class='ocrx_word' id='word_1_241' title='bbox 1343 2261 1394 2322; x_wconf 93' lang='lat' dir='ltr'><strong>di-</strong></span> 
     </span>
     <span class='ocr_line' id='line_1_27' title="bbox 150 2339 1394 2422; baseline 0.008 -21"><span class='ocrx_word' id='word_1_242' title='bbox 150 2339 747 2422; x_wconf 80' lang='lat' dir='ltr'><strong>etinDeosuturacognoscereneqrtennt</strong></span> <span class='ocrx_word' id='word_1_243' title='bbox 790 2339 875 2408; x_wconf 85' lang='lat' dir='ltr'><strong>rinae</strong></span> <span class='ocrx_word' id='word_1_244' title='bbox 893 2339 1081 2408; x_wconf 81' lang='lat' dir='ltr'><strong>revelationis</strong></span> <span class='ocrx_word' id='word_1_245' title='bbox 1103 2340 1297 2422; x_wconf 85' lang='lat' dir='ltr'><strong>probandam.</strong></span> <span class='ocrx_word' id='word_1_246' title='bbox 1321 2342 1394 2412; x_wconf 82' lang='lat' dir='ltr'><strong>idac</strong></span> 
     </span>
     <span class='ocr_line' id='line_1_28' title="bbox 148 2421 1395 2507; baseline 0.001 -16"><span class='ocrx_word' id='word_1_247' title='bbox 148 2423 284 2506; x_wconf 83' lang='lat' dir='ltr'><strong>{leuique</strong></span> <span class='ocrx_word' id='word_1_248' title='bbox 307 2444 366 2506; x_wconf 88' lang='lat' dir='ltr'><strong>quo</strong></span> <span class='ocrx_word' id='word_1_249' title='bbox 390 2425 488 2492; x_wconf 89' lang='lat' dir='ltr'><strong>minus</strong></span> <span class='ocrx_word' id='word_1_250' title='bbox 515 2423 568 2488; x_wconf 87' lang='lat' dir='ltr'><strong>Ilei</strong></span> <span class='ocrx_word' id='word_1_251' title='bbox 594 2423 750 2504; x_wconf 76' lang='lat' dir='ltr'><strong>singularis</strong></span> <span class='ocrx_word' id='word_1_252' title='bbox 789 2422 821 2492; x_wconf 90' lang='lat' dir='ltr'><strong>in</strong></span> <span class='ocrx_word' id='word_1_253' title='bbox 843 2421 919 2492; x_wconf 83' lang='lat' dir='ltr'><strong>tsaia</strong></span> <span class='ocrx_word' id='word_1_254' title='bbox 938 2423 1061 2490; x_wconf 77' lang='lat' dir='ltr'><strong>facultas</strong></span> <span class='ocrx_word' id='word_1_255' title='bbox 1083 2424 1182 2492; x_wconf 83' lang='lat' dir='ltr'><strong>lutura</strong></span> <span class='ocrx_word' id='word_1_256' title='bbox 1200 2425 1395 2507; x_wconf 86' lang='lat' dir='ltr'><strong>praedicendi</strong></span> 
     </span>
     <span class='ocr_line' id='line_1_29' title="bbox 150 2505 1391 2609; baseline 0.004 -40"><span class='ocrx_word' id='word_1_257' title='bbox 150 2508 227 2570; x_wconf 89' lang='lat' dir='ltr'><strong>aetio</strong></span> <span class='ocrx_word' id='word_1_258' title='bbox 250 2517 484 2588; x_wconf 65' lang='lat' dir='ltr'><strong>statueremque</strong></span> <span class='ocrx_word' id='word_1_259' title='bbox 507 2505 667 2588; x_wconf 86' lang='lat' dir='ltr'><strong>Spiritibus</strong></span> <span class='ocrx_word' id='word_1_260' title='bbox 696 2526 749 2576; x_wconf 84' lang='lat' dir='ltr'><strong>ca·</strong></span> <span class='ocrx_word' id='word_1_261' title='bbox 790 2525 842 2588; x_wconf 91' lang='lat' dir='ltr'><strong>pro</strong></span> <span class='ocrx_word' id='word_1_262' title='bbox 861 2517 932 2574; x_wconf 86' lang='lat' dir='ltr'><strong>nota</strong></span> <span class='ocrx_word' id='word_1_263' title='bbox 957 2507 1119 2576; x_wconf 82' lang='lat' dir='ltr'><strong>divinitatis</strong></span> <span class='ocrx_word' id='word_1_264' title='bbox 1141 2509 1308 2588; x_wconf 82' lang='lat' dir='ltr'><strong>assignatur</strong></span> <span class='ocrx_word' id='word_1_265' title='bbox 1328 2512 1391 2609; x_wconf 78' lang='lat'>(3)2</span> 
     </span>
     <span class='ocr_line' id='line_1_30' title="bbox 150 2590 1394 2674; baseline 0.005 -20"><span class='ocrx_word' id='word_1_266' title='bbox 150 2591 311 2672; x_wconf 81' lang='lat' dir='ltr'><strong>gnitionem</strong></span> <span class='ocrx_word' id='word_1_267' title='bbox 325 2593 490 2660; x_wconf 78' lang='lat' dir='ltr'><strong>futurorum</strong></span> <span class='ocrx_word' id='word_1_268' title='bbox 508 2590 633 2672; x_wconf 84' lang='lat' dir='ltr'><strong>tribuat,</strong></span> <span class='ocrx_word' id='word_1_269' title='bbox 654 2599 750 2660; x_wconf 87' lang='lat' dir='ltr'><strong>etnos</strong></span> <span class='ocrx_word' id='word_1_270' title='bbox 788 2591 980 2664; x_wconf 74' lang='lat' dir='ltr'><strong>annuntiate</strong></span> <span class='ocrx_word' id='word_1_271' title='bbox 1008 2608 1080 2674; x_wconf 80' lang='lat' dir='ltr'><strong>pace</strong></span> <span class='ocrx_word' id='word_1_272' title='bbox 1106 2601 1233 2662; x_wconf 83' lang='lat' dir='ltr'><strong>venturu</strong></span> <span class='ocrx_word' id='word_1_273' title='bbox 1255 2603 1326 2664; x_wconf 80' lang='lat' dir='ltr'><strong>arent</strong></span> <span class='ocrx_word' id='word_1_274' title='bbox 1358 2617 1394 2662; x_wconf 82' lang='lat' dir='ltr'><strong>aa</strong></span> 
     </span>
     <span class='ocr_line' id='line_1_31' title="bbox 149 2675 1393 2756; baseline -0.001 -16"><span class='ocrx_word' id='word_1_275' title='bbox 149 2676 186 2740; x_wconf 88' lang='lat' dir='ltr'><strong>ah</strong></span> <span class='ocrx_word' id='word_1_276' title='bbox 199 2675 257 2742; x_wconf 90' lang='lat' dir='ltr'><strong>illis</strong></span> <span class='ocrx_word' id='word_1_277' title='bbox 268 2676 300 2740; x_wconf 90' lang='lat' dir='ltr'><strong>in</strong></span> <span class='ocrx_word' id='word_1_278' title='bbox 316 2677 515 2746; x_wconf 84' lang='lat' dir='ltr'><strong>necessarium</strong></span> <span class='ocrx_word' id='word_1_279' title='bbox 529 2693 661 2754; x_wconf 87' lang='lat' dir='ltr'><strong>errorem</strong></span> <span class='ocrx_word' id='word_1_280' title='bbox 678 2693 748 2756; x_wconf 81' lang='lat' dir='ltr'><strong>per-</strong></span> <span class='ocrx_word' id='word_1_281' title='bbox 788 2675 938 2756; x_wconf 74' lang='lat' dir='ltr'><strong>setarum,</strong></span> <span class='ocrx_word' id='word_1_282' title='bbox 960 2683 986 2756; x_wconf 80' lang='lat' dir='ltr'><strong>ct</strong></span> <span class='ocrx_word' id='word_1_283' title='bbox 1003 2677 1141 2752; x_wconf 79' lang='lat' dir='ltr'><strong>sciemus,</strong></span> <span class='ocrx_word' id='word_1_284' title='bbox 1169 2678 1239 2756; x_wconf 81' lang='lat' dir='ltr'><strong>pata</strong></span> <span class='ocrx_word' id='word_1_285' title='bbox 1256 2678 1308 2745; x_wconf 79' lang='lat' dir='ltr'><strong>ttrt</strong></span> <span class='ocrx_word' id='word_1_286' title='bbox 1324 2683 1393 2748; x_wconf 71' lang='lat' dir='ltr'><strong>mtto</strong></span> 
     </span>
     <span class='ocr_line' id='line_1_32' title="bbox 101 2757 1394 2842; baseline 0.005 -19"><span class='ocrx_word' id='word_1_287' title='bbox 101 2815 109 2832; x_wconf 50' lang='lat' dir='ltr'><em>s</em></span> <span class='ocrx_word' id='word_1_288' title='bbox 149 2760 216 2826; x_wconf 82' lang='lat' dir='ltr'><strong>duci</strong></span> <span class='ocrx_word' id='word_1_289' title='bbox 234 2761 396 2842; x_wconf 87' lang='lat' dir='ltr'><strong>permittat,</strong></span> <span class='ocrx_word' id='word_1_290' title='bbox 410 2761 529 2828; x_wconf 88' lang='lat' dir='ltr'><strong>obstant</strong></span> <span class='ocrx_word' id='word_1_291' title='bbox 551 2777 598 2834; x_wconf 90' lang='lat' dir='ltr'><strong>ea,</strong></span> <span class='ocrx_word' id='word_1_292' title='bbox 609 2777 685 2840; x_wconf 90' lang='lat' dir='ltr'><strong>quae</strong></span> <span class='ocrx_word' id='word_1_293' title='bbox 699 2777 749 2826; x_wconf 49' lang='lat' dir='ltr'><strong>sue</strong></span> <span class='ocrx_word' id='word_1_294' title='bbox 788 2777 847 2826; x_wconf 78' lang='lat' dir='ltr'><strong>one.</strong></span> <span class='ocrx_word' id='word_1_295' title='bbox 861 2795 903 2806; x_wconf 92' lang='lat'><em>-</em></span> <span class='ocrx_word' id='word_1_296' title='bbox 914 2757 971 2826; x_wconf 82' lang='lat' dir='ltr'><strong>Sed</strong></span> <span class='ocrx_word' id='word_1_297' title='bbox 987 2767 1017 2822; x_wconf 89' lang='lat' dir='ltr'><strong>et</strong></span> <span class='ocrx_word' id='word_1_298' title='bbox 1031 2760 1141 2826; x_wconf 88' lang='lat' dir='ltr'><strong>ethnici</strong></span> <span class='ocrx_word' id='word_1_299' title='bbox 1159 2759 1329 2842; x_wconf 86' lang='lat' dir='ltr'><strong>Philosophi</strong></span> <span class='ocrx_word' id='word_1_300' title='bbox 1344 2765 1394 2832; x_wconf 85' lang='lat' dir='ltr'><strong>lu-</strong></span> 
     </span>
     <span class='ocr_line' id='line_1_33' title="bbox 63 2842 1393 2926; baseline 0.001 -18"><span class='ocrx_word' id='word_1_301' title='bbox 63 2909 65 2918; x_wconf 69' lang='grc'><strong>,</strong></span> <span class='ocrx_word' id='word_1_302' title='bbox 149 2843 250 2926; x_wconf 85' lang='lat' dir='ltr'><strong>parius</strong></span> <span class='ocrx_word' id='word_1_303' title='bbox 279 2845 329 2926; x_wconf 69' lang='lat' dir='ltr'><strong>(h.</strong></span> <span class='ocrx_word' id='word_1_304' title='bbox 361 2845 401 2910; x_wconf 84' lang='grc'><strong>66</strong></span> <span class='ocrx_word' id='word_1_305' title='bbox 422 2843 457 2912; x_wconf 90' lang='lat' dir='ltr'><strong>ad</strong></span> <span class='ocrx_word' id='word_1_306' title='bbox 483 2842 680 2910; x_wconf 77' lang='lat' dir='ltr'><strong>obtectionem</strong></span> <span class='ocrx_word' id='word_1_307' title='bbox 701 2843 748 2924; x_wconf 88' lang='grc'><strong>3)</strong></span> <span class='ocrx_word' id='word_1_308' title='bbox 789 2852 922 2914; x_wconf 79' lang='lat' dir='ltr'><strong>durorum</strong></span> <span class='ocrx_word' id='word_1_309' title='bbox 943 2843 1140 2926; x_wconf 78' lang='lat' dir='ltr'><strong>cognitionem</strong></span> <span class='ocrx_word' id='word_1_310' title='bbox 1157 2845 1212 2912; x_wconf 85' lang='lat' dir='ltr'><strong>soti</strong></span> <span class='ocrx_word' id='word_1_311' title='bbox 1229 2844 1289 2912; x_wconf 83' lang='lat' dir='ltr'><strong>Dee</strong></span> <span class='ocrx_word' id='word_1_312' title='bbox 1306 2849 1393 2912; x_wconf 76' lang='lat' dir='ltr'><strong>attri-</strong></span> 
     </span>
     <span class='ocr_line' id='line_1_34' title="bbox 149 2925 1391 3014; baseline 0.003 -20"><span class='ocrx_word' id='word_1_313' title='bbox 149 2929 226 2996; x_wconf 85' lang='lat' dir='ltr'><strong>dicta</strong></span> <span class='ocrx_word' id='word_1_314' title='bbox 251 2929 344 2994; x_wconf 88' lang='lat' dir='ltr'><strong>luere.</strong></span> <span class='ocrx_word' id='word_1_315' title='bbox 377 2929 476 2995; x_wconf 79' lang='lat' dir='ltr'><strong>Tertia</strong></span> <span class='ocrx_word' id='word_1_316' title='bbox 494 2927 592 2996; x_wconf 75' lang='lat' dir='ltr'><strong>eloah</strong></span> <span class='ocrx_word' id='word_1_317' title='bbox 616 2927 749 3006; x_wconf 52' lang='lat' dir='ltr'><strong>comple*</strong></span> <span class='ocrx_word' id='word_1_318' title='bbox 789 2925 1391 3014; x_wconf 75' lang='lat' dir='ltr'><strong>bueruntlurtaorphieacarminaomnr·</strong></span> 
     </span>
     <span class='ocr_line' id='line_1_35' title="bbox 147 3013 1391 3094; baseline -0.003 -20"><span class='ocrx_word' id='word_1_319' title='bbox 147 3013 238 3080; x_wconf 88' lang='lat' dir='ltr'><strong>ctitur</strong></span> <span class='ocrx_word' id='word_1_320' title='bbox 255 3014 314 3074; x_wconf 86' lang='lat' dir='ltr'><strong>lata</strong></span> <span class='ocrx_word' id='word_1_321' title='bbox 330 3013 508 3094; x_wconf 89' lang='lat' dir='ltr'><strong>populorum</strong></span> <span class='ocrx_word' id='word_1_322' title='bbox 527 3019 557 3078; x_wconf 89' lang='lat' dir='ltr'><strong>et</strong></span> <span class='ocrx_word' id='word_1_323' title='bbox 576 3029 747 3090; x_wconf 85' lang='lat' dir='ltr'><strong>regnorum,</strong></span> <span class='ocrx_word' id='word_1_324' title='bbox 789 3013 861 3080; x_wconf 89' lang='lat' dir='ltr'><strong>tales</strong></span> <span class='ocrx_word' id='word_1_325' title='bbox 881 3013 991 3078; x_wconf 88' lang='lat' dir='ltr'><strong>malum</strong></span> <span class='ocrx_word' id='word_1_326' title='bbox 1009 3021 1165 3080; x_wconf 77' lang='lat' dir='ltr'><strong>tenturum</strong></span> <span class='ocrx_word' id='word_1_327' title='bbox 1185 3031 1307 3080; x_wconf 78' lang='lat' dir='ltr'><strong>noscere</strong></span> <span class='ocrx_word' id='word_1_328' title='bbox 1327 3035 1391 3082; x_wconf 71' lang='lat' dir='ltr'><strong>non</strong></span> 
     </span>
     <span class='ocr_line' id='line_1_36' title="bbox 147 3094 1388 3180; baseline 0.002 -22"><span class='ocrx_word' id='word_1_329' title='bbox 147 3113 323 3177; x_wconf 20' lang='lat' dir='ltr'><strong>erpquurum</strong></span> <span class='ocrx_word' id='word_1_330' title='bbox 338 3096 456 3175; x_wconf 77' lang='lat' dir='ltr'><strong>cognita</strong></span> <span class='ocrx_word' id='word_1_331' title='bbox 474 3094 587 3176; x_wconf 86' lang='lat' dir='ltr'><strong>indole,</strong></span> <span class='ocrx_word' id='word_1_332' title='bbox 599 3102 628 3158; x_wconf 87' lang='lat' dir='ltr'><strong>at</strong></span> <span class='ocrx_word' id='word_1_333' title='bbox 642 3096 749 3176; x_wconf 79' lang='lat' dir='ltr'><strong>agendi</strong></span> <span class='ocrx_word' id='word_1_334' title='bbox 788 3105 857 3164; x_wconf 85' lang='lat' dir='ltr'><strong>suot</strong></span> <span class='ocrx_word' id='word_1_335' title='bbox 868 3096 964 3177; x_wconf 87' lang='lat' dir='ltr'><strong>periti.</strong></span> <span class='ocrx_word' id='word_1_336' title='bbox 978 3116 993 3156; x_wconf 81' lang='lat' dir='ltr'><strong>r</strong></span> <span class='ocrx_word' id='word_1_337' title='bbox 1007 3095 1118 3166; x_wconf 80' lang='lat' dir='ltr'><strong>Eodem</strong></span> <span class='ocrx_word' id='word_1_338' title='bbox 1129 3096 1216 3162; x_wconf 87' lang='lat' dir='ltr'><strong>modo</strong></span> <span class='ocrx_word' id='word_1_339' title='bbox 1227 3095 1388 3180; x_wconf 88' lang='lat' dir='ltr'><strong>Hesiodus,</strong></span> 
     </span>
     <span class='ocr_line' id='line_1_37' title="bbox 146 3177 1390 3268; baseline -0.006 -28"><span class='ocrx_word' id='word_1_340' title='bbox 146 3180 261 3246; x_wconf 87' lang='lat' dir='ltr'><strong>ratione</strong></span> <span class='ocrx_word' id='word_1_341' title='bbox 272 3189 396 3260; x_wconf 87' lang='lat' dir='ltr'><strong>possunt</strong></span> <span class='ocrx_word' id='word_1_342' title='bbox 407 3177 677 3262; x_wconf 86' lang='lat' dir='ltr'><strong>quidemhirrcirde</strong></span> <span class='ocrx_word' id='word_1_343' title='bbox 692 3179 746 3241; x_wconf 70' lang='lat' dir='ltr'><strong>ho-</strong></span> <span class='ocrx_word' id='word_1_344' title='bbox 787 3177 944 3255; x_wconf 87' lang='lat' dir='ltr'><strong>Pindarus,</strong></span> <span class='ocrx_word' id='word_1_345' title='bbox 957 3179 1122 3256; x_wconf 82' lang='lat' dir='ltr'><strong>Anacreon,</strong></span> <span class='ocrx_word' id='word_1_346' title='bbox 1139 3177 1311 3268; x_wconf 80' lang='lat' dir='ltr'><strong>Sophocles,</strong></span> <span class='ocrx_word' id='word_1_347' title='bbox 1325 3181 1390 3250; x_wconf 81' lang='lat' dir='ltr'><strong>H0.</strong></span> 
     </span>
     <span class='ocr_line' id='line_1_38' title="bbox 147 3259 1391 3348; baseline 0.003 -24"><span class='ocrx_word' id='word_1_348' title='bbox 147 3263 242 3326; x_wconf 88' lang='lat' dir='ltr'><strong>mines</strong></span> <span class='ocrx_word' id='word_1_349' title='bbox 254 3282 372 3342; x_wconf 82' lang='lat' dir='ltr'><strong>sagaces</strong></span> <span class='ocrx_word' id='word_1_350' title='bbox 384 3283 499 3344; x_wconf 85' lang='lat' dir='ltr'><strong>pacem,</strong></span> <span class='ocrx_word' id='word_1_351' title='bbox 514 3270 564 3330; x_wconf 90' lang='lat' dir='ltr'><strong>aut</strong></span> <span class='ocrx_word' id='word_1_352' title='bbox 582 3263 748 3346; x_wconf 88' lang='lat' dir='ltr'><strong>bella‚pro-</strong></span> <span class='ocrx_word' id='word_1_353' title='bbox 788 3264 901 3341; x_wconf 88' lang='lat' dir='ltr'><strong>ratius,</strong></span> <span class='ocrx_word' id='word_1_354' title='bbox 930 3274 959 3324; x_wconf 92' lang='lat' dir='ltr'><strong>et</strong></span> <span class='ocrx_word' id='word_1_355' title='bbox 977 3263 1028 3324; x_wconf 91' lang='lat' dir='ltr'><strong>alii</strong></span> <span class='ocrx_word' id='word_1_356' title='bbox 1046 3259 1197 3348; x_wconf 81' lang='lat' dir='ltr'><strong>expressis</strong></span> <span class='ocrx_word' id='word_1_357' title='bbox 1212 3265 1391 3346; x_wconf 84' lang='lat' dir='ltr'><strong>profitentur</strong></span> 
     </span>
     <span class='ocr_line' id='line_1_39' title="bbox 147 3346 1391 3429; baseline 0.002 -20"><span class='ocrx_word' id='word_1_358' title='bbox 147 3347 330 3429; x_wconf 85' lang='lat' dir='ltr'><strong>speritatenr,</strong></span> <span class='ocrx_word' id='word_1_359' title='bbox 347 3357 398 3408; x_wconf 87' lang='lat' dir='ltr'><strong>aut</strong></span> <span class='ocrx_word' id='word_1_360' title='bbox 414 3346 577 3414; x_wconf 80' lang='lat' dir='ltr'><strong>infortunia</strong></span> <span class='ocrx_word' id='word_1_361' title='bbox 593 3347 747 3413; x_wconf 54' lang='lat' dir='ltr'><strong>coniectu,</strong></span> <span class='ocrx_word' id='word_1_362' title='bbox 787 3348 895 3423; x_wconf 88' lang='lat' dir='ltr'><strong>verbis,</strong></span> <span class='ocrx_word' id='word_1_363' title='bbox 916 3347 1021 3422; x_wconf 82' lang='lat' dir='ltr'><strong>litere,</strong></span> <span class='ocrx_word' id='word_1_364' title='bbox 1038 3357 1067 3414; x_wconf 84' lang='lat' dir='ltr'><strong>et</strong></span> <span class='ocrx_word' id='word_1_365' title='bbox 1086 3348 1290 3426; x_wconf 83' lang='lat' dir='ltr'><strong>contingenter</strong></span> <span class='ocrx_word' id='word_1_366' title='bbox 1307 3351 1391 3416; x_wconf 89' lang='lat' dir='ltr'><strong>sutu-</strong></span> 
     </span>
     <span class='ocr_line' id='line_1_40' title="bbox 147 3429 1389 3517; baseline -0.001 -26"><span class='ocrx_word' id='word_1_367' title='bbox 147 3449 227 3508; x_wconf 89' lang='lat' dir='ltr'><strong>raro,</strong></span> <span class='ocrx_word' id='word_1_368' title='bbox 242 3431 294 3492; x_wconf 80' lang='lat' dir='ltr'><strong>sed</strong></span> <span class='ocrx_word' id='word_1_369' title='bbox 313 3439 411 3498; x_wconf 89' lang='lat' dir='ltr'><strong>tamen</strong></span> <span class='ocrx_word' id='word_1_370' title='bbox 435 3429 605 3497; x_wconf 88' lang='lat' dir='ltr'><strong>huiusmodi</strong></span> <span class='ocrx_word' id='word_1_371' title='bbox 625 3441 747 3500; x_wconf 85' lang='lat' dir='ltr'><strong>eventus</strong></span> <span class='ocrx_word' id='word_1_372' title='bbox 786 3449 886 3495; x_wconf 89' lang='lat' dir='ltr'><strong>rorum</strong></span> <span class='ocrx_word' id='word_1_373' title='bbox 914 3431 1128 3517; x_wconf 81' lang='lat' dir='ltr'><strong>praevisionem</strong></span> <span class='ocrx_word' id='word_1_374' title='bbox 1148 3431 1205 3498; x_wconf 87' lang='lat' dir='ltr'><strong>soli</strong></span> <span class='ocrx_word' id='word_1_375' title='bbox 1222 3431 1282 3498; x_wconf 83' lang='lat' dir='ltr'><strong>Deo</strong></span> <span class='ocrx_word' id='word_1_376' title='bbox 1301 3453 1389 3502; x_wconf 79' lang='lat' dir='ltr'><strong>cem.</strong></span> 
     </span>
     <span class='ocr_line' id='line_1_41' title="bbox 146 3513 1389 3602; baseline 0.006 -27"><span class='ocrx_word' id='word_1_377' title='bbox 146 3514 278 3594; x_wconf 86' lang='lat' dir='ltr'><strong>praecise</strong></span> <span class='ocrx_word' id='word_1_378' title='bbox 297 3513 397 3595; x_wconf 81' lang='lat' dir='ltr'><strong>quoad</strong></span> <span class='ocrx_word' id='word_1_379' title='bbox 414 3524 550 3594; x_wconf 88' lang='lat' dir='ltr'><strong>tempus,</strong></span> <span class='ocrx_word' id='word_1_380' title='bbox 570 3521 599 3576; x_wconf 85' lang='lat' dir='ltr'><strong>el</strong></span> <span class='ocrx_word' id='word_1_381' title='bbox 616 3515 746 3581; x_wconf 60' lang='lat' dir='ltr'><strong>cirrum-2</strong></span> <span class='ocrx_word' id='word_1_382' title='bbox 787 3515 948 3600; x_wconf 64' lang='lat' dir='ltr'><strong>peterehl).</strong></span> <span class='ocrx_word' id='word_1_383' title='bbox 959 3514 1041 3596; x_wconf 85' lang='lat' dir='ltr'><strong>-tpsa</strong></span> <span class='ocrx_word' id='word_1_384' title='bbox 1055 3514 1389 3602; x_wconf 72' lang='lat' dir='ltr'><strong>quoqnettonsseaulsp</strong></span> 
     </span>
     <span class='ocr_line' id='line_1_42' title="bbox 147 3596 1391 3684; baseline 0.01 -26"><span class='ocrx_word' id='word_1_385' title='bbox 147 3598 271 3663; x_wconf 84' lang='lat' dir='ltr'><strong>startias</strong></span> <span class='ocrx_word' id='word_1_386' title='bbox 279 3617 314 3662; x_wconf 89' lang='lat' dir='ltr'><strong>eo</strong></span> <span class='ocrx_word' id='word_1_387' title='bbox 326 3598 424 3663; x_wconf 85' lang='lat' dir='ltr'><strong>minos</strong></span> <span class='ocrx_word' id='word_1_388' title='bbox 434 3597 471 3664; x_wconf 91' lang='lat' dir='ltr'><strong>ah</strong></span> <span class='ocrx_word' id='word_1_389' title='bbox 484 3596 746 3682; x_wconf 71' lang='lat' dir='ltr'><strong>hominihusprae</strong></span> <span class='ocrx_word' id='word_1_390' title='bbox 786 3599 906 3674; x_wconf 83' lang='lat' dir='ltr'><strong>latetur,</strong></span> <span class='ocrx_word' id='word_1_391' title='bbox 920 3599 1090 3684; x_wconf 85' lang='lat' dir='ltr'><strong>prophetias</strong></span> <span class='ocrx_word' id='word_1_392' title='bbox 1102 3599 1158 3666; x_wconf 90' lang='lat' dir='ltr'><strong>rim</strong></span> <span class='ocrx_word' id='word_1_393' title='bbox 1173 3599 1318 3681; x_wconf 83' lang='lat' dir='ltr'><strong>probandi</strong></span> <span class='ocrx_word' id='word_1_394' title='bbox 1335 3603 1391 3670; x_wconf 91' lang='lat' dir='ltr'><strong>ha·</strong></span> 
     </span>
     <span class='ocr_line' id='line_1_43' title="bbox 144 3681 1390 3766; baseline 0.008 -23"><span class='ocrx_word' id='word_1_395' title='bbox 144 3681 249 3758; x_wconf 82' lang='lat' dir='ltr'><strong>videri,</strong></span> <span class='ocrx_word' id='word_1_396' title='bbox 266 3691 294 3747; x_wconf 92' lang='lat' dir='ltr'><strong>et</strong></span> <span class='ocrx_word' id='word_1_397' title='bbox 309 3681 438 3763; x_wconf 87' lang='lat' dir='ltr'><strong>praedici</strong></span> <span class='ocrx_word' id='word_1_398' title='bbox 454 3690 587 3763; x_wconf 90' lang='lat' dir='ltr'><strong>possunt,</strong></span> <span class='ocrx_word' id='word_1_399' title='bbox 602 3700 661 3764; x_wconf 87' lang='lat' dir='ltr'><strong>quo</strong></span> <span class='ocrx_word' id='word_1_400' title='bbox 676 3683 744 3764; x_wconf 86' lang='lat' dir='ltr'><strong>plu-</strong></span> <span class='ocrx_word' id='word_1_401' title='bbox 786 3682 867 3760; x_wconf 90' lang='lat' dir='ltr'><strong>bere;</strong></span> <span class='ocrx_word' id='word_1_402' title='bbox 889 3693 933 3748; x_wconf 83' lang='lat' dir='ltr'><strong>ast</strong></span> <span class='ocrx_word' id='word_1_403' title='bbox 953 3683 983 3749; x_wconf 87' lang='lat' dir='ltr'><strong>in</strong></span> <span class='ocrx_word' id='word_1_404' title='bbox 1002 3683 1058 3750; x_wconf 87' lang='lat' dir='ltr'><strong>hoc</strong></span> <span class='ocrx_word' id='word_1_405' title='bbox 1087 3683 1187 3760; x_wconf 84' lang='lat' dir='ltr'><strong>errat,</strong></span> <span class='ocrx_word' id='word_1_406' title='bbox 1206 3683 1275 3748; x_wconf 90' lang='lat' dir='ltr'><strong>dum</strong></span> <span class='ocrx_word' id='word_1_407' title='bbox 1297 3704 1390 3766; x_wconf 88' lang='lat' dir='ltr'><strong>prae·</strong></span> 
     </span>
     <span class='ocr_line' id='line_1_44' title="bbox 143 3765 1391 3910; baseline 0 -82"><span class='ocrx_word' id='word_1_408' title='bbox 143 3783 209 3843; x_wconf 88' lang='lat' dir='ltr'><strong>res,</strong></span> <span class='ocrx_word' id='word_1_409' title='bbox 231 3766 382 3846; x_wconf 72' lang='lat' dir='ltr'><strong>marisque</strong></span> <span class='ocrx_word' id='word_1_410' title='bbox 407 3766 619 3848; x_wconf 82' lang='lat' dir='ltr'><strong>heterupcneae</strong></span> <span class='ocrx_word' id='word_1_411' title='bbox 638 3784 745 3831; x_wconf 86' lang='lat' dir='ltr'><strong>causae</strong></span> <span class='ocrx_word' id='word_1_412' title='bbox 785 3766 879 3834; x_wconf 82' lang='lat' dir='ltr'><strong>tracte</strong></span> <span class='ocrx_word' id='word_1_413' title='bbox 900 3767 1008 3849; x_wconf 81' lang='lat' dir='ltr'><strong>exigit,</strong></span> <span class='ocrx_word' id='word_1_414' title='bbox 1037 3774 1071 3834; x_wconf 90' lang='lat' dir='ltr'><strong>ut</strong></span> <span class='ocrx_word' id='word_1_415' title='bbox 1089 3765 1152 3910; x_wconf 85' lang='lat' dir='ltr'><strong>ipse</strong></span> <span class='ocrx_word' id='word_1_416' title='bbox 1175 3785 1316 3855; x_wconf 86' lang='lat' dir='ltr'><strong>praesens</strong></span> <span class='ocrx_word' id='word_1_417' title='bbox 1348 3771 1391 3835; x_wconf 82' lang='lat' dir='ltr'><strong>sir</strong></span> 
     </span>
     <span class='ocr_line' id='line_1_45' title="bbox 145 3849 1390 3938; baseline 0.002 -26"><span class='ocrx_word' id='word_1_418' title='bbox 145 3850 182 3912; x_wconf 90' lang='lat' dir='ltr'><strong>ad</strong></span> <span class='ocrx_word' id='word_1_419' title='bbox 201 3850 268 3912; x_wconf 88' lang='lat' dir='ltr'><strong>illos</strong></span> <span class='ocrx_word' id='word_1_420' title='bbox 283 3849 488 3931; x_wconf 87' lang='lat' dir='ltr'><strong>producendos</strong></span> <span class='ocrx_word' id='word_1_421' title='bbox 501 3867 678 3917; x_wconf 87' lang='lat' dir='ltr'><strong>concurrere</strong></span> <span class='ocrx_word' id='word_1_422' title='bbox 693 3869 744 3919; x_wconf 87' lang='lat' dir='ltr'><strong>so·</strong></span> <span class='ocrx_word' id='word_1_423' title='bbox 786 3858 845 3914; x_wconf 89' lang='lat' dir='ltr'><strong>tum</strong></span> <span class='ocrx_word' id='word_1_424' title='bbox 862 3851 1034 3938; x_wconf 83' lang='lat' dir='ltr'><strong>prophetiae</strong></span> <span class='ocrx_word' id='word_1_425' title='bbox 1050 3868 1102 3930; x_wconf 89' lang='lat' dir='ltr'><strong>pro</strong></span> <span class='ocrx_word' id='word_1_426' title='bbox 1116 3859 1193 3929; x_wconf 87' lang='lat' dir='ltr'><strong>alae,</strong></span> <span class='ocrx_word' id='word_1_427' title='bbox 1212 3860 1274 3916; x_wconf 88' lang='lat' dir='ltr'><strong>tum</strong></span> <span class='ocrx_word' id='word_1_428' title='bbox 1292 3871 1390 3921; x_wconf 85' lang='lat' dir='ltr'><strong>even-</strong></span> 
     </span>
     <span class='ocr_line' id='line_1_46' title="bbox 143 3931 1390 4018; baseline 0.002 -23"><span class='ocrx_word' id='word_1_429' title='bbox 143 3931 214 3996; x_wconf 84' lang='lat' dir='ltr'><strong>ient.</strong></span> <span class='ocrx_word' id='word_1_430' title='bbox 239 3935 383 4010; x_wconf 82' lang='lat' dir='ltr'><strong>Quartam</strong></span> <span class='ocrx_word' id='word_1_431' title='bbox 397 3933 525 4015; x_wconf 86' lang='lat' dir='ltr'><strong>denique</strong></span> <span class='ocrx_word' id='word_1_432' title='bbox 537 3934 657 3999; x_wconf 83' lang='lat' dir='ltr'><strong>classem</strong></span> <span class='ocrx_word' id='word_1_433' title='bbox 668 3952 744 4000; x_wconf 59' lang='lat' dir='ltr'><strong>cuna</strong></span> <span class='ocrx_word' id='word_1_434' title='bbox 785 3935 826 3995; x_wconf 92' lang='lat' dir='ltr'><strong>tui</strong></span> <span class='ocrx_word' id='word_1_435' title='bbox 840 3943 954 4012; x_wconf 86' lang='lat' dir='ltr'><strong>secuto,</strong></span> <span class='ocrx_word' id='word_1_436' title='bbox 970 3935 1055 4018; x_wconf 87' lang='lat' dir='ltr'><strong>quasi</strong></span> <span class='ocrx_word' id='word_1_437' title='bbox 1067 3935 1140 4002; x_wconf 80' lang='lat' dir='ltr'><strong>fides</strong></span> <span class='ocrx_word' id='word_1_438' title='bbox 1152 3935 1292 4000; x_wconf 87' lang='lat' dir='ltr'><strong>historica</strong></span> <span class='ocrx_word' id='word_1_439' title='bbox 1304 3938 1390 4000; x_wconf 83' lang='lat' dir='ltr'><strong>nulla</strong></span> 
     </span>
     <span class='ocr_line' id='line_1_47' title="bbox 143 4015 1392 4107; baseline 0.006 -28"><span class='ocrx_word' id='word_1_440' title='bbox 143 4018 269 4086; x_wconf 88' lang='lat' dir='ltr'><strong>stituunt</strong></span> <span class='ocrx_word' id='word_1_441' title='bbox 287 4026 420 4092; x_wconf 82' lang='lat' dir='ltr'><strong>eventus,</strong></span> <span class='ocrx_word' id='word_1_442' title='bbox 441 4018 491 4100; x_wconf 84' lang='lat' dir='ltr'><strong>qui</strong></span> <span class='ocrx_word' id='word_1_443' title='bbox 507 4036 524 4082; x_wconf 92' lang='lat' dir='ltr'><strong>a</strong></span> <span class='ocrx_word' id='word_1_444' title='bbox 542 4017 604 4080; x_wconf 88' lang='lat' dir='ltr'><strong>sola</strong></span> <span class='ocrx_word' id='word_1_445' title='bbox 622 4015 675 4079; x_wconf 80' lang='lat' dir='ltr'><strong>liei</strong></span> <span class='ocrx_word' id='word_1_446' title='bbox 688 4035 743 4080; x_wconf 69' lang='lat' dir='ltr'><strong>ro-</strong></span> <span class='ocrx_word' id='word_1_447' title='bbox 783 4018 903 4086; x_wconf 83' lang='lat' dir='ltr'><strong>valeret.</strong></span> <span class='ocrx_word' id='word_1_448' title='bbox 918 4018 956 4086; x_wconf 82' lang='lat' dir='ltr'><strong>ttt</strong></span> <span class='ocrx_word' id='word_1_449' title='bbox 968 4018 999 4085; x_wconf 91' lang='lat' dir='ltr'><strong>in</strong></span> <span class='ocrx_word' id='word_1_450' title='bbox 1018 4018 1074 4086; x_wconf 89' lang='lat' dir='ltr'><strong>hoc</strong></span> <span class='ocrx_word' id='word_1_451' title='bbox 1088 4018 1221 4107; x_wconf 88' lang='lat' dir='ltr'><strong>plerique</strong></span> <span class='ocrx_word' id='word_1_452' title='bbox 1240 4020 1392 4090; x_wconf 83' lang='lat' dir='ltr'><strong>increduli</strong></span> 
     </span>
    </p>
   </div>
   <div class='ocr_carea' id='block_1_3' title="bbox 85 4101 1370 4356">
    <p class='ocr_par' dir='ltr' id='par_1_3' title="bbox 85 4101 1370 4356">
     <span class='ocr_line' id='line_1_48' title="bbox 142 4101 743 4186; baseline -0.003 -23"><span class='ocrx_word' id='word_1_453' title='bbox 142 4101 256 4170; x_wconf 88' lang='lat' dir='ltr'><strong>luntate</strong></span> <span class='ocrx_word' id='word_1_454' title='bbox 273 4103 458 4186; x_wconf 86' lang='lat' dir='ltr'><strong>dependent,</strong></span> <span class='ocrx_word' id='word_1_455' title='bbox 486 4108 517 4168; x_wconf 88' lang='lat' dir='ltr'><strong>et</strong></span> <span class='ocrx_word' id='word_1_456' title='bbox 533 4118 588 4180; x_wconf 91' lang='lat' dir='ltr'><strong>per</strong></span> <span class='ocrx_word' id='word_1_457' title='bbox 609 4107 743 4166; x_wconf 85' lang='lat' dir='ltr'><strong>extraor-</strong></span> 
     </span>
     <span class='ocr_line' id='line_1_49' title="bbox 85 4177 1370 4306; baseline 0.009 -28"><span class='ocrx_word' id='word_1_458' title='bbox 85 4275 87 4278; x_wconf 84' lang='lat'>.</span> <span class='ocrx_word' id='word_1_459' title='bbox 172 4232 204 4285; x_wconf 75' lang='lat' dir='ltr'><strong>(rt</strong></span> <span class='ocrx_word' id='word_1_460' title='bbox 219 4233 282 4278; x_wconf 78' lang='lat' dir='ltr'><strong>non.</strong></span> <span class='ocrx_word' id='word_1_461' title='bbox 297 4234 334 4291; x_wconf 86' lang='lat' dir='ltr'><strong>rt,</strong></span> <span class='ocrx_word' id='word_1_462' title='bbox 349 4235 379 4280; x_wconf 82' lang='lat' dir='ltr'><strong>ss</strong></span> <span class='ocrx_word' id='word_1_463' title='bbox 394 4237 437 4280; x_wconf 76' lang='lat' dir='ltr'><strong>ete.</strong></span> <span class='ocrx_word' id='word_1_464' title='bbox 815 4178 847 4290; x_wconf 58' lang='lat' dir='ltr'><strong>(ft)</strong></span> <span class='ocrx_word' id='word_1_465' title='bbox 857 4180 891 4284; x_wconf 52' lang='grc' dir='ltr'><strong>ξι.</strong></span> <span class='ocrx_word' id='word_1_466' title='bbox 904 4177 1124 4286; x_wconf 37' lang='lat' dir='ltr'><strong>iitif&#39;uiiassuen.</strong></span> <span class='ocrx_word' id='word_1_467' title='bbox 1136 4253 1171 4288; x_wconf 77' lang='lat' dir='ltr'><strong>ev.</strong></span> <span class='ocrx_word' id='word_1_468' title='bbox 1185 4239 1262 4290; x_wconf 68' lang='lat' dir='ltr'><strong>meat.</strong></span> <span class='ocrx_word' id='word_1_469' title='bbox 1278 4243 1319 4294; x_wconf 66' lang='lat' dir='ltr'><strong>a».</strong></span> <span class='ocrx_word' id='word_1_470' title='bbox 1334 4243 1370 4306; x_wconf 57' lang='lat' dir='ltr'><strong>r„</strong></span> 
     </span>
     <span class='ocr_line' id='line_1_50' title="bbox 172 4289 1058 4356; baseline 0.009 -20"><span class='ocrx_word' id='word_1_471' title='bbox 172 4289 205 4350; x_wconf 70' lang='lat'><strong>(2)</strong></span> <span class='ocrx_word' id='word_1_472' title='bbox 219 4291 252 4337; x_wconf 81' lang='lat' dir='ltr'><strong>cl.</strong></span> <span class='ocrx_word' id='word_1_473' title='bbox 268 4293 338 4352; x_wconf 70' lang='lat' dir='ltr'><strong>rotet,</strong></span> <span class='ocrx_word' id='word_1_474' title='bbox 354 4295 370 4340; x_wconf 85' lang='lat' dir='ltr'><strong>l.</strong></span> <span class='ocrx_word' id='word_1_475' title='bbox 386 4294 410 4340; x_wconf 91' lang='lat' dir='ltr'><strong>ll.</strong></span> <span class='ocrx_word' id='word_1_476' title='bbox 426 4292 445 4355; x_wconf 67' lang='grc' dir='ltr'><strong>ἓ.</strong></span> <span class='ocrx_word' id='word_1_477' title='bbox 461 4294 505 4340; x_wconf 77' lang='lat' dir='ltr'><strong>tad</strong></span> <span class='ocrx_word' id='word_1_478' title='bbox 519 4293 566 4339; x_wconf 79' lang='lat' dir='ltr'><strong>ele.</strong></span> <span class='ocrx_word' id='word_1_479' title='bbox 773 4313 796 4346; x_wconf 69' lang='lat'><strong>⁴.</strong></span> <span class='ocrx_word' id='word_1_480' title='bbox 819 4296 843 4356; x_wconf 75' lang='grc'><strong>5)</strong></span> <span class='ocrx_word' id='word_1_481' title='bbox 858 4297 884 4344; x_wconf 87' lang='lat' dir='ltr'><strong>lu</strong></span> <span class='ocrx_word' id='word_1_482' title='bbox 896 4308 942 4346; x_wconf 78' lang='lat' dir='ltr'><strong>tua</strong></span> <span class='ocrx_word' id='word_1_483' title='bbox 954 4298 1058 4345; x_wconf 80' lang='lat' dir='ltr'><strong>tamthc.</strong></span> 
     </span>
    </p>
   </div>
   <div class='ocr_carea' id='block_1_4' title="bbox 0 0 1464 4734">
    <p class='ocr_par' dir='ltr' id='par_1_4' title="bbox 0 0 1464 4734">
     <span class='ocr_line' id='line_1_51' title="bbox 0 0 1464 4734; baseline 0 4"><span class='ocrx_word' id='word_1_484' title='bbox 0 0 1464 4734; x_wconf 95' lang='lat' dir='ltr'><strong> </strong></span> 
     </span>
    </p>
   </div>
  </div>
 </body>
</html>
