2910 4732
461 233 535 283 rins
550 235 574 280 r.
595 229 698 280 aromo
714 229 748 276 rr.
765 225 863 274 error
880 215 935 270 nr:
1232 192 1274 258 bt

69 319 157 390 gartio
177 309 257 376 beuti
281 317 433 379 sufficeret
455 315 492 376 ad
519 312 670 376 neminen
688 309 693 387 Ι
709 297 1318 390 eber(2)itatnqnnntnminducir‚.m0r.

69 396 297 476 impellendum,
316 410 349 460 ut
362 409 473 462 certam
491 398 581 459 buius
597 397 672 457 ritae
688 393 694 458 l
710 407 770 460 tera
798 415 858 458 rron
880 411 948 458 esse
966 387 1149 457 timendam,
1167 382 1248 466 quoti
1266 393 1318 444 ant

70 481 249 562 voluptatem
273 501 392 564 seraper
406 488 597 564 postponeret
613 479 672 557 legi
711 481 817 544 similis
828 495 947 553 somno,
964 482 1015 536 aut
1025 466 1256 554 peregrinationi
1270 467 1318 528 lu·

70 563 185 640 morali,
204 574 236 627 et
263 585 315 646 pro
334 567 440 630 virtute
459 563 673 627 omniaomina
712 574 796 628 turae
815 563 944 638 sit,aut
964 557 1082 620 tandem
1105 559 1317 636 postmortem
1416 575 1420 586 ·

69 648 222 726 Ρθῐῖθῐτθῑ.
236 685 280 696 -
295 649 381 714 Ratio
400 660 499 713 autern
524 648 581 710 sibi
599 645 672 709 reli-
711 647 1055 712 eunotadestruentur.»
1077 639 1179 704 Cicero
1194 635 1318 717 (3)lou·
1414 685 1416 690 .

69 740 112 792 ota
137 731 175 794 tle
193 733 321 796 statibus
343 735 465 797 alterius
483 733 572 807 ritae,
591 729 672 793 etde
712 734 761 795 dat
780 730 914 813 quidem,
934 743 1011 807 qaae
1028 725 1114 788 Pluto
1135 721 1171 783 de
1189 720 1317 780 immor·

70 816 185 878 animae
200 816 423 881 immortalitate
442 827 486 880 set
505 824 601 880 cottas
618 830 671 876 oe·
712 817 825 879 talitate
850 812 968 876 animae
984 807 1115 890 scripsit3
1134 806 1244 866 latetur
1269 807 1317 862 ta-

72 900 219 976 gnitiones
236 901 379 981 praebere
397 921 457 964 non
475 902 562 963 valet.
577 899 672 979 liqui·
713 919 793 976 men,
814 897 894 980 qued
907 893 1060 958 oonriotus
1079 907 1140 953 non
1164 885 1273 959 luerit,
1288 893 1316 946 et
1334 893 1336 904 ’

73 986 134 1044 iem
159 984 233 1044 lum
262 985 356 1048 iustos
377 987 407 1047 in
429 985 562 1048 haesita
581 1000 672 1062 saepe
713 986 767 1047 ait:
789 979 996 1044 «solationem
1016 975 1105 1038 bnius
1133 969 1316 1052 quaestionis

73 1067 295 1130 tribulationum
312 1070 442 1150 pondere
456 1067 597 1150 opprimi,
616 1066 674 1127 int·
712 1069 774 1130 Diis
788 1063 1015 1146 relinquendam
1025 1077 1102 1122 esse.
1118 1055 1241 1118 »Etiam
1253 1052 1317 1116 An·

75 1171 145 1231 quos
158 1170 230 1213 rero
246 1153 361 1216 deliciis
375 1154 495 1216 aliiuere
509 1152 671 1225 cernimus,
713 1154 836 1216 tentans
853 1151 1018 1229 Imperator
1036 1143 1097 1224 (l),
1121 1138 1260 1218 ambli&
1280 1137 1318 1198 (¹⁰

74 1236 133 1297 iore
148 1235 323 1314 interimus,
338 1238 426 1299 aliern
442 1238 530 1299 vitam
548 1235 625 1308 dari,
642 1234 673 1294 in
703 1235 986 1298 lutumvitaestatu
998 1227 1141 1309 loquitur.
1152 1221 1317 1300 Senem-5)

74 1339 128 1399 qua
145 1319 227 1381 lleus
249 1321 344 1383 instes
360 1331 586 1395 remuneretur,
607 1336 673 1379 ma·
714 1321 751 1383 de
763 1317 987 1381 immortalitate
999 1313 1117 1374 animae
1129 1311 1254 1387 loquens
1263 1305 1316 1366 ait:

73 1403 113 1464 los
131 1413 232 1466 autern
249 1405 364 1484 puniet.
387 1404 491 1466 Medus
512 1413 625 1478 autern,
645 1410 676 1462 et
717 1424 732 1465 r
749 1403 912 1468 Credebam
937 1398 1023 1460 laeile
1041 1392 1234 1476 opinionibus
1252 1407 1318 1450 nra·

74 1505 212 1550 mensura
225 1497 289 1548 turn
301 1489 592 1570 praemiarentur
606 1503 677 1567 poe·
714 1506 841 1568 gnarum
871 1485 998 1546 uirorum
1031 1498 1094 1541 rem
1121 1473 1318 1555 gratissimam

74 1589 178 1632 rarum
199 1571 384 1635 eliberrima
397 1573 452 1634 liei
462 1573 614 1634 uoluntate
627 1568 678 1630 de·
717 1568 952 1654 promittentium
972 1563 1064 1641 magis
1079 1579 1168 1643 quarn
1188 1558 1320 1640 proban-

74 1655 193 1734 pendet,
214 1675 302 1717 neca
321 1667 420 1718 mente
437 1657 567 1718 bumana
581 1655 677 1716 deter·
717 1657 803 1718 tium.
821 1652 932 1724 »Quae
950 1646 1121 1712 testimonia
1131 1647 1209 1706 clare
1221 1650 1321 1704 osten·

75 1739 180 1800 minari
202 1749 310 1820 porea:
327 1749 360 1804 et
375 1741 467 1802 rnnlte
486 1740 586 1800 minus
600 1735 676 1798 ratio
717 1741 802 1814 dunt,
824 1738 969 1799 rationem
988 1733 1047 1796 sibi
1064 1731 1199 1792 relictam
1219 1738 1264 1788 sat
1275 1726 1321 1786 lu·

75 1823 280 1886 demonstrare
295 1825 384 1900 ualet,
398 1825 542 1906 praemia,
556 1824 679 1902 uelsup·
718 1825 849 1898 calente,
869 1831 900 1883 et
922 1821 1008 1880 lrrrna
1026 1835 1080 1898 pro
1098 1811 1320 1875 immortalitate

76 1907 161 1987 plioia
180 1909 678 1988 preaetibustinitisaeternaesse
718 1909 835 1970 animae
861 1911 1036 1983 argumenta
1062 1916 1121 1960 non
1147 1895 1321 1976 suppedita-

75 1991 194 2053 debere.
222 1991 348 2056 lrrsiturn
373 1993 494 2073 quidem
517 1991 677 2072 perfectae,
718 2011 751 2054 re
769 1992 829 2072 (b).
856 1987 1027 2064 Necessaria
1045 1993 1091 2045 est
1107 1999 1176 2058 ergo
1196 1977 1321 2040 Revela·

75 2085 103 2137 et
118 2077 321 2156 sempiternae
333 2075 483 2141 lelioitatis
498 2075 678 2138 desiderium
721 2077 761 2139 tio
788 2073 962 2146 materialis,
981 2087 1059 2152 quae
1077 2065 1163 2128 nobis
1180 2061 1320 2124 veritates

77 2160 216 2234 ostendit,
237 2159 330 2222 Deum
346 2161 528 2222 immortales
543 2177 597 2220 nos
613 2176 679 2219 esse
720 2160 796 2224 seitu
815 2155 1015 2229 necessariae,
1033 2162 1063 2214 et
1081 2147 1191 2234 rationi
1208 2147 1322 2227 irnper-

78 2244 159 2319 relle,
175 2263 281 2305 verum
297 2245 426 2325 perleota
445 2243 571 2306 felicitas
584 2243 680 2324 perle-
720 2244 782 2306 rias
803 2242 984 2304 manifestet.

77 2336 151 2389 etam
170 2329 370 2390 moralitatem
381 2329 496 2406 exigere
513 2325 677 2406 uidetur(§·
762 2321 850 2391 Noto.
867 2323 932 2396 Quo
948 2320 1061 2399 magis,
1078 2314 1188 2380 nostris
1206 2311 1322 2396 praecia

77 2411 136 2492 ill
159 2431 216 2474 oen
242 2412 440 2474 necessariam
463 2411 676 2472 conditionem.
703 2430 778 2492 pue
798 2407 981 2490 temporibus
1001 2403 1125 2467 rationis
1144 2400 1210 2461 iura
1231 2397 1323 2460 extol·

79 2493 152 2565 Quot
168 2505 270 2558 autern
285 2504 359 2557 sunt
375 2495 522 2569 homines,
542 2494 594 2574 qui
608 2511 679 2574 per·
721 2498 833 2570 luatur,
847 2512 883 2555 eo
900 2492 1001 2572 plures
1015 2486 1202 2554 difficultates
1219 2489 1322 2542 contra

80 2575 170 2640 lentae
190 2578 367 2640 moralitatis
392 2578 449 2640 sibi
467 2579 579 2639 oonsoii
596 2577 681 2638 sunt?
720 2577 920 2640 Revelationis
938 2585 1001 2634 turn
1013 2568 1159 2643 formalis,
1178 2576 1241 2628 turn
1257 2583 1323 2625 rna·-

80 2663 198 2741 quidde
213 2663 313 2724 minus
326 2662 465 2743 perlectis
478 2662 543 2723 liet‘l
556 2661 628 2742 quid
643 2660 680 2722 de
722 2662 834 2725 terialis
852 2657 1057 2722 necessitatem
1078 2661 1243 2715 morentur.

81 2746 284 2835 peccatoribus
304 2747 461 2808 dicendum
482 2745 559 2808 erit?
577 2763 615 2806 an
633 2753 680 2806 et·
765 2747 829 2810 ott.
859 2746 888 2804 l.
915 2740 1029 2820 Religio
1062 2735 1205 2800 naturalis
1230 2731 1323 2792 Deum

80 2849 135 2891 ram
151 2839 299 2912 perpetuo
315 2829 679 2904 alleoeonservabuntur,
723 2830 811 2892 babet
842 2836 1019 2900 auctorem,
1052 2840 1122 2900 ergo
1154 2815 1325 2897 imperfecto

81 2932 144 2975 earn
162 2915 203 2976 ob
222 2915 385 2992 neglectam
406 2915 601 2976 moralitatem
617 2913 681 2974 iure
723 2934 783 2977 non
801 2923 857 2990 est,
875 2911 925 2974 sed
945 2907 1059 2972 homini
1071 2902 1196 2966 suffieit.

82 2997 210 3076 ipsorum
229 2999 379 3060 felicitatis
396 2998 575 3060 desiderium
594 2997 682 3058 salla·
764 2999 848 3078 Resp.
870 2995 900 3075 a)
919 2992 1025 3057 Omnia
1043 3006 1135 3069 opera
1152 2983 1204 3048 nei
1223 2981 1253 3044 ia
1270 2999 1325 3043 suo

84 3081 315 3158 turi-llisee,
343 3082 468 3163 aliisque
488 3081 588 3143 dubiis
607 3081 682 3142 ratio
723 3101 831 3162 genere
846 3081 976 3162 perlecta
994 3081 1075 3146 sunt,
1090 3089 1149 3131 non
1168 3065 1326 3130 autemid-

84 3165 135 3226 ribi
164 3165 270 3228 relicta
295 3167 475 3228 sufficienter
502 3163 683 3246 respendere
724 3188 760 3230 eo
777 3163 930 3228 adomnia
948 3159 1109 3230 sufficiunt,
1126 3153 1167 3215 sio
1186 3171 1214 3214 e.
1234 3169 1263 3230 g.
1283 3151 1327 3212 sol

87 3248 159 3312 baud
179 3251 269 3324 ualet,
289 3261 320 3311 et
337 3249 404 3312 ideo
421 3267 478 3311 non
498 3249 618 3325 desunt,
633 3244 684 3328 qui
725 3252 756 3312 in
776 3269 808 3312 se
827 3247 975 3329 perlectus
993 3251 1048 3316 est,
1077 3239 1130 3300 sed
1149 3247 1249 3300 tamen
1269 3251 1326 3296 no-

87 3334 253 3406 affirmant,
282 3333 534 3395 immortalitatem
567 3333 685 3394 animae
726 3336 781 3397 etis
799 3343 932 3412 ternpore
952 3345 1003 3408 pro
1021 3324 1134 3387 lumine
1154 3341 1211 3383 non
1231 3321 1328 3381 inser-

87 3435 134 3493 per
146 3418 242 3479 solam
261 3419 406 3478 rationem
426 3428 472 3478 sat
484 3417 575 3478 [irnris
594 3435 685 3494 argu·
726 3419 778 3479 rit.
798 3416 843 3477 Nil
866 3413 975 3485 obstat,
994 3427 1054 3490 qno
1078 3407 1178 3469 minus
1195 3404 1326 3474 dicatur,

87 3501 190 3562 nentis
216 3501 336 3582 probari
365 3501 442 3563 baud
469 3520 566 3582 posse.
597 3500 687 3563 Cuius
727 3502 819 3564 Deum
840 3497 967 3558 voluisse
990 3513 1043 3556 nos
1068 3489 1182 3572 duplici
1200 3488 1288 3549 modo
1304 3485 1326 3545 i.

88 3584 124 3644 rei
137 3585 430 3666 antiquinilosopbi
446 3584 684 3646 testesexistunt.
728 3606 755 3648 e.
771 3603 824 3666 per
842 3581 1000 3654 rationem,
1018 3587 1047 3639 et
1061 3574 1271 3637 revelationem
1291 3569 1327 3629 etl

87 3665 153 3730 llam
171 3669 370 3748 sapientiores
380 3669 500 3750 quidem
515 3685 619 3730 omnes
633 3669 689 3728 im-
728 3667 891 3747 Religionis
915 3662 1113 3742 cognitionem
1137 3655 1270 3738 perduoi.
1294 3653 1327 3726 b)

89 3753 295 3813 rnortalitatem
310 3753 428 3815 animae
442 3761 630 3833 optaverunt,
644 3759 688 3812 at·
728 3751 892 3815 Perlectior
909 3758 972 3810 erat
998 3746 1092 3818 ratio,
1112 3760 1179 3804 rum
1203 3758 1219 3801 e
1240 3755 1328 3798 manu

89 3853 140 3912 que
155 3835 267 3898 rationi
291 3837 513 3899 convenientem
533 3834 688 3898 existima·
729 3835 875 3900 Creatoris
890 3830 1045 3914 processit,
1059 3845 1147 3908 quarn
1168 3839 1247 3884 nune
1272 3827 1328 3884 est.

91 3927 166 3996 runt;
181 3938 281 3980 rerum
299 3920 461 3982 adfirmem
477 3919 687 3981 certitudinem
729 3931 884 4002 postquam
905 3935 957 3999 per
975 3915 1093 3994 culpam
1115 3905 1244 3972 bominis
1263 3919 1330 3963 cor-

92 4019 144 4063 non
163 4013 372 4082 pervenerunt.
388 4002 437 4066 stc
452 4005 584 4068 Socrates
598 3998 689 4063 muri·
729 4014 816 4085 rupta
834 4002 901 4066 luit.

93 4087 213 4148 turusde
225 4095 302 4150 statu
315 4087 427 4163 suturo,
440 4089 623 4167 animaeque
633 4087 688 4146 irn-
759 4125 791 4180 (23
806 4125 831 4170 tn
848 4123 937 4169 consur.
947 4121 976 4166 ,d
992 4119 1098 4178 rporron.

94 4170 263 4233 moralitate
279 4171 382 4234 haeret
397 4172 444 4253 (l)
461 4189 548 4252 quem
561 4171 687 4234 Pluter-
760 4185 794 4240 ts)
805 4183 830 4227 tn
845 4184 934 4238 quaeat.
949 4178 1044 4226 ruseur.
1060 4174 1101 4254 ring
1117 4171 1140 4218 t.
1152 4167 1226 4260 nott.

760 4245 792 4358 lli
802 4243 835 4346 ll'.
843 4242 903 4344 lili.
915 4232 1133 4348 il'stnlirllli.
1145 4230 1211 4349 lllrg'.
1221 4289 1239 4335 r.
1250 4285 1330 4332 onrtst

120 4356 147 4418 ttt
161 4359 214 4408 rtet.
230 4361 324 4423 tpotog.
341 4361 364 4406 to
381 4359 424 4407 nn.
730 4363 746 4406 t.
762 4364 783 4417 e,
797 4358 817 4418 p.
832 4361 870 4416 rs,
887 4369 909 4401 n.
925 4357 962 4402 uo.
