2962 4736
427 205 501 266 rans
517 220 561 265 111.
582 219 683 266 suerro
697 219 718 264 r.
739 219 832 265 carur
850 219 882 266 v.
1172 203 1231 265 aar

42 307 118 361 certa
130 297 282 375 revelatio,
298 305 327 361 et
338 295 489 362 Ecclesiae
505 297 650 364 delinitio¹
681 306 770 375 tutos,
793 297 829 359 ad
849 301 948 360 leram
973 297 1160 360 sanctitatem
1177 308 1206 359 et
1223 313 1277 359 ae·

43 402 100 444 nou
131 383 269 446 habetur.
300 383 332 462 b)
361 383 499 447 Ex'lerna
520 401 639 464 quoqne
679 391 792 444 ternam
807 382 978 444 felicitatem
995 383 1210 464 perducendos.
1223 380 1278 444 Vi·

43 467 139 528 unitas
156 467 186 528 in
199 465 336 528 Ecclesia
348 465 499 530 Catholica
513 473 558 527 sat
570 484 641 528 con·
680 476 709 527 ta
737 465 817 528 enim
844 467 1008 547 spiritualis
1036 465 1200 546 acquiritur
1225 485 1279 548 per

43 550 144 630 spicua
166 559 221 612 est:
237 551 431 632 aemulique
447 549 574 612 hahetur
591 569 640 611 aa·
679 549 876 630 Baptismum,
896 550 1053 613 roboratur
1082 567 1135 630 per
1162 546 1296 612 conae-r

43 634 105 696 dem
127 633 196 696 fidei
218 633 377 715 professi03
408 634 521 715 ubique
541 632 640 696 admi·
666 626 854 710 mationem,
870 635 961 696 alitur
972 650 1027 716 per
1044 631 1275 710 Eucharistiam3

47 719 206 780 nistrautur
219 727 332 800 septem
346 752 388 764 -—
400 737 456 780 nec
475 719 571 800 plura,
587 737 641 780 nec
680 719 873 798 spiritualiter
895 727 1010 780 mortua
1028 718 1087 778 rita
1100 712 1217 779 animae
1228 734 1277 777 re·

43 802 179 882 pauciora
208 799 421 878 Sacramenta,
451 809 480 864 et
513 819 639 878 omnes,
680 803 813 863 stituitur
847 819 900 882 per
931 799 1172 876 Paenitentiam,
1209 818 1277 861 cum

44 905 217 966 quacunque
229 885 337 948 inloca
350 886 552 962 inoculantur,
566 885 640 947 sub·
681 896 775 947 morte
791 887 906 948 luctans
925 884 1081 948 alleviatur·
1099 903 1151 966 per
1171 884 1278 946 Extre-

43 979 108 1030 suut
124 969 266 1048 legitimis
282 969 469 1046 pastoribus,
497 989 531 1031 ae
551 989 640 1050 prae·
682 987 761 1031 mam
778 969 966 1034 Unctiouem:
982 988 1034 1050 pro
1052 969 1169 1031 duobus
1185 967 1279 1029 harui-

43 1053 125 1134 oipue
140 1071 280 1134 supremo
298 1053 410 1116 risibili
424 1053 574 1116 Ecclesiae
588 1073 640 1116 ca·
681 1071 752 1114 uum
782 1053 909 1115 statibus
941 1053 1121 1132 grauissimis
1150 1051 1280 1114 habetur

44 1137 105 1217 piti,
124 1136 260 1198 Romano
272 1136 421 1213 Pontifici,
439 1157 492 1200 ceu
512 1135 640 1200 Unitatis
680 1135 758 1200 Ordo
778 1147 806 1199 et
820 1137 1052 1200 Matrimonium.
1072 1135 1229 1199 Praeterea
1247 1135 1278 1198 in

44 1229 152 1282 centro.
174 1218 231 1292 Qui
251 1219 328 1284 hanc
351 1221 568 1284 subiectionem
589 1241 640 1283 re·
682 1223 738 1283 hac
752 1221 885 1284 Ecclesia
910 1221 1093 1284 Sacrificium
1122 1229 1279 1301 praestan--

44 1313 156 1382 cusaut,
180 1323 215 1366 eo
235 1305 299 1387 ipso
322 1305 484 1370 catholicae
503 1325 640 1383 commu·
682 1307 827 1367 tissimum
849 1307 984 1383 ollertur,
1004 1325 1057 1386 per
1075 1306 1155 1386 quaed
1178 1304 1278 1365 homi-

44 1388 139 1450 uionis
157 1399 245 1450 caetu
264 1389 413 1452 excidunt.
682 1409 734 1455 ues
753 1390 893 1453 facillimo
913 1400 942 1452 et
955 1389 1171 1471 perfectissimo
1191 1387 1278 1451 modo

82 1472 111 1533 E.
132 1472 266 1534 Ecclesia
283 1471 641 1536 Romano-catholicam·
680 1473 774 1536 Deum
806 1475 893 1553 digne
919 1475 1063 1548 adorare,
1087 1473 1144 1557 ipsi
1169 1471 1280 1550 gratias

45 1554 97 1616 iam
117 1557 280 1620 Sanctitate
297 1559 424 1636 gaudet:
452 1557 481 1638 a)
502 1559 640 1640 proponit
681 1577 780 1634 agere,
807 1559 1038 1620 satisfactionem
1067 1564 1280 1639 praestereat

45 1640 118 1701 enim
149 1641 315 1704 doctrinam
340 1651 489 1717 sanctam,
509 1641 531 1703 i.
551 1661 579 1704 e.
604 1641 639 1703 ad
680 1642 717 1703 ab
747 1643 811 1722 ipsu
836 1644 944 1724 gratias
974 1642 1109 1704 obtinere
1141 1647 1276 1722 possunt.

44 1724 226 1786 sanctitatem
257 1725 437 1804 obligantem
460 1733 549 1806 atque
570 1744 639 1806 per·
680 1727 812 1802 Accedit,
829 1728 858 1787 iu
879 1727 934 1789 bac
953 1725 1085 1790 Ecclesia
1100 1728 1211 1787 cultum
1231 1724 1279 1786 ‹ti-

46 1807 212 1886 duoentem3
227 1809 386 1890 quoddam
401 1810 638 1890 pronuntiamus,
681 1810 781 1872 viuum
801 1830 869 1872 cum
896 1819 1016 1873 externa
1033 1830 1142 1891 pompa
1161 1817 1191 1871 et
1213 1827 1279 1870 ma·

44 1910 235 1970 provocamus
265 1893 461 1970 adversarios,
491 1902 535 1964 ut,
561 1894 641 1974 quod
679 1896 871 1972 guidceutia,
903 1904 932 1957 et
959 1914 1026 1956 cum
1055 1895 1147 1956 sacris
1174 1911 1278 1954 eaere-

45 1975 177 2044 evinoere
206 1975 349 2039 hacteuus
371 1994 431 2039 aon
459 1986 638 2058 patuerunt,
681 1979 789 2040 ruaniis
808 1979 920 2060 peragi,
945 1980 1022 2060 quod
1049 1979 1202 2040 hominum
1222 1995 1279 2038 na·

45 2060 84 2120 vel
99 2079 193 2121 unum
208 2061 314 2138 dogma
333 2062 548 2138 demonstrent,
562 2062 640 2142 quod
682 2064 1278 2125 turaeetindalimasimecouseutaneum

44 2142 89 2205 rel
102 2153 201 2205 rectae
229 2145 357 2222 rationi,
381 2145 543 2224 integritati
574 2165 639 2207 mo·
680 2156 737 2224 est,
757 2157 787 2210 et
801 2148 840 2210 ad
854 2149 1037 2208 excitandam
1058 2147 1205 2208 internam
1223 2144 1280 2206 de-

46 2225 119 2304 rum,
140 2237 192 2290 aut
206 2228 296 2291 uerbo
318 2227 372 2290 Ilei
398 2229 566 2310 oppositum
589 2230 638 2292 sit.
680 2231 828 2293 notionem
848 2233 1002 2293 ordinatur
1025 2231 1054 2312 (ἕ
1079 2229 1133 2311 li)
1159 2231 1220 2310 (l).
1238 2261 1281 2275 -

45 2310 221 2387 Adversarii,
251 2313 302 2393 qui
325 2316 484 2376 nonnullas
507 2312 641 2398 Catholi-
680 2351 722 2362 —
737 2315 766 2394 c)
784 2316 913 2378 Tamlem
933 2316 1066 2378 Ecclesia
1084 2314 1281 2378 Romanu-ca·

46 2412 142 2456 coruus
160 2396 588 2478 doctrinascarpserunt,e.g.
604 2398 640 2459 de
681 2399 790 2462 thelica
817 2416 935 2482 semper
961 2401 1048 2465 etiam
1075 2401 1197 2464 Sanctus
1223 2397 1279 2459 ha-

46 2479 119 2540 oultu
150 2479 314 2558 imaginum
335 2491 364 2543 et
389 2479 583 2556 Sanctorum,
605 2481 641 2543 (ie
682 2484 743 2560 het,
763 2485 814 2563 qui
834 2491 886 2564 per
911 2485 991 2546 dona
1021 2483 1278 2558 extraordinaria,

46 2579 96 2624 usu
110 2563 366 2642 indulgentiarum
396 2573 477 2642 ela,
506 2565 578 2626 istas
595 2566 641 2626 vel
682 2587 735 2648 per
754 2567 915 2646 singularia
930 2567 1098 2649 SpiritusS.
1120 2567 1280 2642 charisma·

44 2663 99 2707 non
118 2647 177 2708 rite
191 2648 412 2725 intellexerunt,
429 2649 475 2712 uel
489 2660 641 2718 nonrecte
683 2661 724 2726 ta,
745 2670 798 2732 per
819 2651 963 2714 miracula
992 2660 1022 2714 et
1050 2651 1189 2714 uaticinia
1218 2659 1276 2711 etc.

44 2741 272 2811 proposuerunt,
293 2733 484 2812 velmaligue
503 2752 641 2813 corrupe·
682 2735 781 2797 diuina
809 2737 973 2798 sanctitatis
1005 2755 1076 2798 suae
1108 2733 1281 2796 testimonia

44 2822 122 2891 runt,
147 2824 181 2876 ut
204 2815 324 2896 saepius
344 2826 524 2898 conquestus
544 2828 588 2879 est
601 2819 638 2880 D.
683 2830 890 2900 perceperunt.
910 2818 942 2881 Id
961 2820 1088 2900 probant
1110 2820 1279 2898 frequentes

44 2897 212 2975 Encaustus,
238 2901 290 2980 qui
314 2899 380 2962 idea
395 2920 449 2984 per
466 2921 549 2964 suam
572 2901 647 2963 fider
683 2904 787 2984 quovis
804 2903 968 2965 insaecula
996 2902 1149 2964 institutae
1167 2902 1204 2963 ab
1221 2900 1278 2961 Ee-

46 2983 257 3062 erpositionem
280 2985 424 3064 plurimos
442 2985 473 3047 iu
492 2985 641 3048 Ecclesiae
684 2988 774 3050 alesia
798 2987 1033 3058 Beatisrcatianes
1056 2995 1086 3048 et
1116 2983 1279 3048 Canouiza-

45 3063 213 3130 Catholicae
230 3067 328 3129 sinum
345 3069 472 3131 reduxit.
489 3068 551 3131 lma
567 3069 641 3130 haec
683 3073 791 3148 tiones,
810 3091 886 3154 quae
899 3089 934 3134 eo
955 3072 1096 3133 maiorem
1115 3071 1201 3132 iidem
1220 3085 1281 3129 me-

46 3148 176 3212 Ecclesia
192 3152 359 3238 nousolum
380 3152 644 3234 diuinorumprae·
683 3165 798 3232 remur,
828 3176 886 3237 quo
916 3156 1040 3234 rigidius
1067 3163 1112 3217 est
1142 3171 1305 3233 examen„

45 3242 196 3313 ceptorum
225 3234 443 3298 observantiam
469 3251 566 3315 urget,
591 3238 643 3300 sed
684 3240 764 3321 quod
783 3241 849 3302 illas
866 3239 1029 3321 'praecedit
1049 3275 1091 3318 ε
1104 3237 1168 3299 Nou
1185 3255 1280 3315 nega·
1301 3279 1305 3324 t

45 3317 129 3378 etiam
151 3318 278 3380 consilia
302 3321 472 3399 euangelica
496 3322 597 3383 laudat
615 3330 644 3383 et
686 3343 751 3388 mus
770 3325 904 3406 quidem,
921 3325 1011 3398 mala,
1031 3323 1091 3384 imo
1108 3331 1137 3384 et
1151 3323 1282 3404 pessima

46 3402 254 3480 commendat,¹
266 3411 299 3464 ut
325 3403 462 3466 homines
491 3405 526 3480 ad
547 3405 643 3466 maxi·
686 3409 819 3470 ruembra
837 3409 867 3471 in
885 3409 941 3470 luae
954 3407 1086 3472 Ecclesia
1100 3406 1239 3482 inueniri,
1253 3412 1282 3467 et
1301 3425 1305 3448 ¹

46 3502 121 3547 mam
142 3485 355 3567 permotionem
381 3488 591 3569 perducantur.
610 3489 643 3569 a)
685 3493 782 3554 varios
793 3493 904 3556 abusus
917 3493 947 3553 in
959 3510 1024 3554 eam
1036 3493 1167 3573 irrepere
1182 3507 1279 3572 posse.
1301 3497 1306 3521 '

46 3569 144 3633 Medio
174 3572 340 3634 sanctitatis
369 3572 400 3636 in
427 3573 482 3634 hac
510 3573 644 3637 Ecclesia
685 3577 719 3639 ld
732 3596 800 3639 vero
820 3595 879 3639 nou
897 3576 1034 3657 impedit,
1049 3576 1209 3657 quominus
1223 3573 1282 3634 Eo·
1378 3631 1380 3640 ,

47 3653 249 3716 efficacissima
266 3655 503 3739 suppeditantur.
521 3657 644 3720 Anima·
686 3661 776 3723 alesia
787 3671 888 3723 saneta
901 3661 1106 3741 compelletur.
1126 3658 1236 3720 Paulus
1251 3655 1282 3716 in

45 3752 109 3799 rum
137 3739 220 3800 enim
246 3741 415 3821 pastoribus
443 3740 571 3804 maxime
595 3741 645 3803 in·
686 3746 819 3826 Epistola
836 3757 962 3826 utraque
977 3744 1014 3805 ad
1025 3741 1204 3816 Corinthios,
1218 3757 1284 3801 eos·

47 3821 180 3883 calcatur
201 3827 230 3884 et
258 3823 441 3907 praecipitur
464 3825 644 3906 praedicatio
686 3830 754 3891 dem
773 3829 902 3911 appellat
921 3829 1043 3893 Sanetus
1063 3829 1122 3908 (i),
1146 3824 1201 3887 etsi
1224 3841 1284 3884 no·

45 3903 201 3982 uerbiDei‚
215 3905 362 3970 institutio
377 3909 570 3987 cataclistica,
590 3913 645 3972 ad·
687 3913 772 3990 uerit,
788 3913 879 3974 luisse
891 3913 922 3974 in
941 3913 992 3974 illa
1005 3911 1149 3983 Ecclesia,
1163 3907 1215 3988 qui
1230 3906 1284 3967 uri·
1302 3909 1305 3924 '

46 3989 173 4051 monitio
194 3992 307 4072 priuata
323 4001 379 4054 etc.
402 3993 517 4055 Adsunt
531 4003 644 4075 septem
687 3998 767 4060 nime
782 3997 884 4059 saneti
904 3997 1027 4073 luerint,
1048 3991 1204 4056 ministerii
1230 3994 1307 4052 sa·‘

45 4066 238 4136 Sacramenta
254 4077 380 4140 maxiano
398 4077 528 4139 efficacia
544 4079 579 4140 ad
594 4079 646 4140 ho·
687 4080 729 4143 cri
740 4090 971 4163 contemptores,
984 4099 1018 4141 ac
1033 4075 1193 4139 incestuosi
1210 4083 1282 4151 etc„

47 4157 156 4235 mines,
184 4155 215 4219 in
231 4177 416 4242 quoeunque·
430 4169 509 4223 statu
532 4163 645 4226 cousti-
687 4172 716 4226 et
733 4165 802 4227 licet
812 4165 923 4227 abusus
935 4159 1149 4244 reprehendere
1162 4159 1284 4221 debuis-
1317 4170 1320 4178 ’

66 4286 109 4358 μ’)
123 4285 159 4334 Cf·
175 4287 420 4356 contemnemdum
431 4289 591 4341 mmmm
605 4295 647 4342 d„
686 4256 732 4312 set
749 4250 809 4331 (3).
825 4249 890 4313 Nou
904 4249 1004 4329 itaque
1023 4243 1182 4308 excusandi
1201 4254 1283 4322 suut,

19 4339 257 4430 {cuuuutaumes
664 4355 670 4420 ξ
714 4363 821 4424 (2)c.t.
877 4430 909 4438 -..
940 4352 1214 4430 (annositatem.
