2918 4734
204 131 266 196 lbd
625 147 812 196 mannus
830 145 994 194 ammaus

161 237 351 312 terunt3nam
365 232 391 296 si
405 232 539 298 nominis
549 233 767 308 celebritatem,
853 230 918 296 Odi.
934 230 966 292 l.
982 227 1406 314 Euangelistaeipsinoncon·

160 317 338 398 applausum
355 317 523 394 bominum,
537 327 567 381 et
577 317 768 380 commodum
809 315 963 392 sentiunt,
981 314 1033 378 sed
1051 313 1110 376 sibi
1131 314 1317 396 inpluribus
1335 333 1407 378 con·
1446 371 1447 376 ,

160 400 314 482 proprium
338 402 548 484 quaesiissent,
563 421 624 466 non
645 401 766 480 religio·
809 399 982 478 tradicunt;
1004 417 1074 478 ergo
1095 397 1184 460 frderu
1206 417 1268 462 non
1289 417 1406 462 rueren-

159 501 228 546 nem
244 485 464 566 praedicassent
481 487 615 550 omnium
632 485 765 564 gentium
808 491 868 546 tur.

160 567 353 650 opinionibus
364 569 528 632 etbumaui
542 570 641 632 cordis
651 587 766 631 ooncu·
845 567 932 646 fiesp.
947 563 1137 640 Rectiusnos
1150 564 1290 641 dicimus,
1306 565 1405 630 incre·

157 651 640 735 piscentiispenituscontrariam.
660 651 766 716 Tetu'e-
804 647 891 713 dulos
903 648 1097 732 sibimetipsis
1111 649 1326 728 contradicere3
1343 669 1404 714 nto·

155 733 267 798 retium
288 755 376 819 porro
395 747 426 800 et
443 737 589 800 absonum
608 745 665 811 est,
684 737 763 818 quod
803 734 842 796 do
851 733 931 796 enirn
941 734 1029 796 talem
1039 734 1118 796 iuter
1126 732 1327 812 Euangelistas
1337 754 1405 796 con·

157 817 195 881 de
224 819 361 884 affectata
388 839 424 884 es
450 839 588 902 perverso
616 821 677 884 line
702 821 763 883 stili
802 835 923 880 sensum
941 817 1115 894 admittunt,
1133 825 1167 878 ut
1183 817 1350 894 clamitent,
1365 838 1404 882 u-

156 901 349 984 simplicitate
367 904 518 968 effutiunt.
533 902 616 968 Unde
628 904 708 968 enim
721 903 764 966 ri·
802 921 875 966 num
890 900 1404 982 alterumdeseripsisse3modoau·
1446 963 1447 992 ¹

154 985 290 1064 risistis,
302 987 404 1052 idiotis
417 997 447 1050 et
461 987 608 1051 illiteratis
623 997 706 1051 tanta
718 988 764 1050 in·
801 994 861 1050 tem
879 987 969 1050 talem
989 983 1157 1048 dissensum
1180 985 1350 1064 adstruunt,
1370 995 1402 1050 ut
1446 1041 1447 1050 2

154 1087 221 1132 esse
242 1072 339 1152 potuit
355 1071 467 1150 ingenii
486 1073 656 1150 subtilitas,
679 1081 762 1136 tanta
801 1079 924 1152 propter
940 1079 1058 1151 apertas
1075 1067 1324 1132 contradictiones
1338 1072 1403 1133 nul·
1446 1085 1447 1156 ξ

153 1151 186 1214 in
198 1155 331 1218 texendis
347 1155 513 1232 fraudibus,
530 1156 626 1238 iisque
640 1156 696 1219 sub
715 1156 762 1219 in·
800 1155 860 1216 laur
878 1153 923 1216 eis
940 1155 1030 1216 fidem
1049 1153 1216 1216 habendam
1239 1172 1304 1218 esse
1330 1173 1402 1236 pro·
1446 1157 1447 1230 ᾖ

153 1239 313 1314 genuitatis
331 1247 361 1302 et
378 1239 559 1304 sinceritatis
580 1241 681 1322 specie
700 1249 759 1304 tam
800 1239 951 1301 nuntient.
967 1235 1026 1300 Nos
1041 1257 1109 1300 vero
1124 1235 1317 1300 concedimus
1332 1238 1402 1320 qui·
1444 1241 1447 1320 l

153 1330 249 1384 astute
268 1323 402 1401 tegendis
429 1323 594 1402 sagacitas,
613 1324 710 1407 qualis
728 1326 759 1388 in
800 1321 881 1400 dem,
894 1321 1096 1402 Euangelistas
1110 1340 1170 1384 unu
1183 1323 1351 1384 consentire
1366 1341 1401 1386 co
1446 1321 1447 1328 ’

152 1405 321 1469 teterrimis
345 1415 375 1469 et
403 1407 607 1471 subtilissimis
631 1410 759 1487 ingeniis
798 1425 907 1483 sensu,
925 1405 1004 1488 quod
1023 1425 1083 1468 non
1102 1424 1206 1470 omues
1231 1405 1335 1469 eadem
1354 1406 1401 1468 fa·

151 1505 213 1550 nou
231 1491 396 1570 reperitur?
410 1493 559 1572 quomodo
577 1493 756 1570 factumest,
799 1501 856 1570 cta,
873 1510 971 1572 neque
988 1490 1093 1552 eodem
1111 1508 1233 1570 prorsus
1248 1491 1336 1553 ruodo
1351 1510 1401 1553 re·
1446 1563 1447 1568 ἵ

151 1578 194 1649 ιιι,
215 1575 352 1654 quamuis
373 1576 424 1637 alii
448 1577 606 1658 pastellos
636 1577 758 1640 dirersis
797 1575 906 1654 ferant3
927 1593 1071 1652 negamus
1090 1592 1168 1652 uero,
1185 1593 1236 1637 eos
1250 1579 1310 1636 non
1326 1594 1400 1636 con·
1446 1583 1447 1638 i

151 1657 337 1738 temporibus
359 1659 546 1741 scripserint,
566 1660 640 1722 nihil
659 1669 757 1724 tamen
797 1660 909 1722 sentire
926 1677 962 1722 eo
981 1677 1084 1735 sensu,
1103 1658 1184 1739 quod
1203 1677 1280 1720 unus
1299 1667 1399 1737 negot,

149 1737 222 1820 ipsis
242 1741 396 1819 exciderit,
410 1744 489 1825 quod
502 1745 546 1807 rel
562 1745 624 1807 lere
642 1753 755 1808 tantum
797 1744 876 1824 quod
901 1743 978 1805 alter
996 1743 1133 1807 affirmet.
1161 1739 1273 1805 Prioris
1298 1751 1399 1804 autent

150 1832 230 1888 esset
249 1825 363 1889 fraudis
391 1825 687 1892 indictuni—Sine
704 1849 756 1892 ar·
796 1826 990 1890 dissensionis
1012 1825 1089 1889 ratio
1114 1833 1178 1904 cst,
1198 1826 1270 1907 quia
1289 1826 1320 1888 in
1339 1837 1404 1889 uun
1446 1847 1447 1908 3

148 1919 291 1986 ramento
314 1929 432 1988 rursus,
451 1922 481 1974 et
505 1913 673 1992 petulanter
700 1914 755 1976 ad·
796 1913 961 1994 eodemque
976 1911 1054 1974 facto
1073 1910 1183 1972 multae
1198 1911 1399 1972 circumstan·

149 1993 269 2055 versarii
279 1994 754 2078 Apostoloscalumniantur,quod
797 1995 855 2058 liae
869 2013 1048 2060 concurrere
1062 2003 1196 2076 possunt:
1211 1993 1282 2056 ltinc
1294 1993 1338 2071 lit,
1351 2004 1398 2073 ut,
1446 2005 1447 2082 g

148 2073 217 2139 ideo
235 2077 368 2141 defectus
392 2097 462 2142 suos
488 2080 753 2160 manifestaverint,
795 2079 820 2142 si
835 2099 881 2142 ex.
895 2099 941 2158 gr.
951 2079 1057 2142 decern
1073 2088 1162 2141 testes
1175 2077 1286 2140 oculati
1300 2087 1331 2140 et
1346 2099 1398 2142 ve·
1446 2101 1447 2164 3

150 2166 184 2222 ut
207 2159 384 2224 humilitatis
402 2170 434 2226 et
451 2163 618 2226 sanctitatis
643 2165 751 2228 faniam
795 2164 939 2226 rarissimi
962 2163 1040 2226 itlem
1058 2162 1169 2225 facturn
1188 2170 1348 2240 enarrent,
1367 2163 1397 2226 iu
1446 2169 1447 2248 l

148 2255 382 2327 consequantur.
394 2245 571 2320 Quaerimus
581 2247 753 2330 eninr,qui-
794 2247 957 2310 referendis
976 2258 1073 2311 tamen
1089 2247 1322 2310 'circumstantiis
1336 2267 1398 2310 non

72 2391 76 2402 ,
147 2322 274 2391 bosnam
285 2329 380 2392 inbao
393 2331 548 2412 hypothesi
560 2332 681 2413 placere
692 2341 754 2396 slu-
793 2332 989 2409 conveniant,
1011 2331 1181 2413 quie-unus
1207 2329 1303 2406 banc,
1322 2333 1398 2394 alter
1446 2345 1447 2386 ἐ

146 2409 282 2474 duerint‘f
299 2412 374 2476 Num
391 2414 509 2478 ludaeis
526 2424 556 2477 et
570 2414 753 2480 Gentilibus?
793 2417 881 2478 aliam
909 2415 1162 2478 circumstantiam
1188 2415 1397 2496 exponendam

145 2489 204 2557 Sed
229 2495 280 2558 isti
304 2497 341 2560 de
369 2499 545 2561 humilitatis
572 2503 752 2582 praestantia
793 2519 859 2564 esse
877 2509 998 2578 censet,
1016 2499 1089 2581 quin
1108 2510 1208 2561 tamen
1232 2509 1321 2578 neget
1343 2519 1396 2562 co·
1446 2499 1447 2572 ι

145 2587 242 2642 rectas
269 2580 352 2644 ideas
376 2602 436 2645 uon
462 2583 653 2648 habuerunt:
679 2604 750 2648 num
793 2593 871 2648 teras
896 2583 1155 2660 circumstantias,
1181 2601 1258 2664 quae
1282 2583 1397 2664 pariter
1446 2595 1447 2654 ι

145 2659 337 2727 Christianis?
355 2667 408 2730 sed
425 2667 475 2729 isti
500 2666 560 2728 iam
580 2668 700 2730 aliunde
714 2670 751 2732 tle
791 2688 858 2731 curn
871 2668 948 2732 facto
962 2667 1120 2750 principali
1135 2685 1202 2729 vere
1216 2667 1396 2730 coniunctae
1446 2671 1447 2744 i

144 2745 298 2819 diuinitate
318 2747 469 2829 religionis
484 2750 664 2814 christianae
683 2772 750 2814 om·
791 2753 929 2828 fuerant,
955 2763 986 2815 et
1008 2751 1046 2814 ab
1073 2751 1140 2813 aliis
1159 2751 1341 2813 referuntur.
1362 2750 1396 2814 ltl
1446 2753 1447 2828 J

144 2830 216 2894 nino
227 2835 362 2913 persuasi
377 2853 442 2897 esse
457 2833 635 2910 debuerunt,
654 2837 751 2900 uldo-
791 2846 860 2898 tunc
889 2837 1049 2918 praecipue
1078 2835 1250 2914 contingere
1278 2834 1393 2913 debet,
1446 2833 1447 2916 f

144 2915 270 2978 ctrioam
283 2915 390 2981 Christi
405 2918 442 2981 de
458 2917 626 2982 humilitate
641 2939 749 2984 nosce·
790 2939 858 2982 curn
883 2921 1009 2983 celebris
1033 2919 1088 2982 viri
1114 2918 1268 3000 ltistoriant
1292 2921 1395 3002 plures

142 3008 221 3074 rent,
246 3002 403 3066 crederent
420 3011 449 3064 et
468 3003 661 3082 applicarent.
679 3003 749 3066 Fir·
789 3005 984 3082 describunt,
1008 3023 1135 3087 quorum
1164 3012 1264 3066 tamen
1292 3005 1394 3066 nullus
1446 2999 1447 3054 l

142 3099 191 3145 rua
207 3101 276 3163 ergo
295 3095 353 3148 stat
367 3093 468 3148 nostra
479 3084 653 3167 propositio,
668 3089 749 3168 quod
789 3089 890 3150 omnia
918 3088 1053 3156 eiusdem
1080 3089 1158 3150 facte
1184 3106 1250 3151 cum
1277 3087 1394 3150 curretis
1446 3095 1447 3134 ι

142 3164 276 3248 Apostoli
287 3169 350 3230 solo
364 3169 494 3231 ueritatis
504 3169 749 3248 atnoredefectus
789 3173 1021 3236 circumstantiis
1049 3171 1215 3234 enarranda
1242 3172 1392 3252 suscipit;

141 3266 212 3311 suos
226 3251 351 3314 candide
367 3253 749 3319 manifestaverint—lle·
789 3255 858 3320 ltine
882 3255 1049 3319 necessario
1069 3255 1216 3338 sequitur,
1235 3255 1315 3336 quod
1340 3275 1392 3338 pro
1446 3333 1447 3342 ἵ

142 3331 281 3413 niqueex
297 3334 558 3418 historiaconslat,
573 3348 747 3420 persecuto·
789 3340 903 3403 diversa
921 3340 1039 3418 indole,
1059 3349 1111 3400 aut
1135 3359 1188 3420 pro
1210 3339 1291 3401 vario
1311 3339 1392 3400 inte·

141 3432 190 3478 res
219 3414 394 3483 Christianis
423 3421 575 3501 optionem
604 3422 746 3501 dedisse,
763 3426 764 3430 ’
788 3424 859 3486 riori
879 3425 1008 3506 impulsu
1024 3423 1104 3486 varia
1123 3423 1260 3484 eiusdem
1272 3422 1328 3484 riri
1345 3424 1360 3485 f
1378 3455 1392 3469 ·

140 3517 213 3562 num
233 3520 250 3563 a
269 3502 326 3566 ide
345 3523 398 3568 sua
412 3504 553 3582 deficere,
572 3513 624 3566 aut
641 3508 746 3569 saltem
787 3517 845 3585 cta,
860 3517 911 3570 aut
926 3508 1021 3570 varias
1033 3507 1165 3588 eiusdem
1179 3507 1248 3570 facti
1264 3505 1393 3568 circnm-
1446 3513 1447 3580 j

141 3602 159 3647 tt
178 3585 398 3666 praedicatione
419 3587 571 3668 Evangelii
591 3588 745 3665 desistere,
787 3593 911 3656 stantiae
935 3593 1087 3668 referant,
1107 3591 1180 3672 quin
1207 3600 1307 3652 tamen
1334 3590 1393 3654 sibi

140 3669 184 3732 rel
204 3677 351 3734 tormenta
369 3681 399 3734 et
412 3680 537 3734 mortem
554 3673 679 3735 tolerare
694 3695 746 3740 re·
787 3676 1002 3740 contradicant.
1026 3675 1079 3738 llis
1098 3675 1206 3752 notatis
1225 3675 1313 3738 facile
1337 3675 1392 3737 de-

137 3751 206 3818 tint.
226 3752 398 3818 Potuisseut
412 3773 481 3834 ergo
493 3753 626 3836 Apostoli
642 3776 746 3839 perse·
787 3760 929 3839 claretur,
941 3779 1032 3840 quare
1044 3769 1173 3842 quatuor
1185 3757 1392 3837 Evangelistee

139 3837 275 3901 cutiones
297 3847 327 3904 et
345 3838 517 3920 martyrium
542 3841 746 3918 declinasset
786 3843 817 3904 in
842 3844 927 3906 factis
948 3843 1055 3906 Cltristi
1073 3861 1238 3925 eorumque
1258 3844 1391 3906 circurn-

138 3922 280 4003 quouiam
296 3922 328 3984 in
346 3922 405 3985 ftde
417 3930 447 3983 et
459 3923 680 4002 praedicatione
691 3946 745 3988 sua
786 3928 903 3990 stantiis
919 3927 1083 3990 referendis
1100 3947 1159 3989 non
1175 3927 1296 4009 quidem
1314 3945 1393 3990 senne

138 4013 310 4069 constantes
331 4017 571 4087 permanserunt,
593 4027 645 4089 per
663 4029 744 4073 mor·
786 4030 840 4092 per
857 4011 1047 4086 conveniant,
1067 4011 1119 4072 sed
1139 4021 1239 4074 tamen
1259 4011 1391 4084 nullate·

139 4093 289 4152 lernsuam
304 4089 454 4166 egregium
469 4109 520 4170 pro
535 4091 746 4172 veritateprae-
785 4114 842 4157 nus
860 4095 916 4156 sibi
935 4096 1151 4158 contradicant.
1169 4093 1390 4158 Contradictio-

139 4169 254 4235 dlcatae
273 4173 429 4236 doctrinae
450 4175 651 4236 testimouium
671 4179 746 4239 tule·
785 4198 838 4240 nes
856 4199 939 4258 ergo,
960 4182 1033 4260 quas
1053 4179 1140 4241 nobis
1158 4189 1318 4260 opponunt
1335 4179 1389 4242 ad·

138 4261 232 4316 runt.¹
736 4331 741 4336 ,
783 4264 926 4343 versarii,
944 4283 1006 4346 unu
1029 4271 1099 4326 sunt
1116 4263 1174 4326 uisi
1193 4276 1386 4348 apparentes,
