2928 4734
446 187 521 234 rans
541 189 575 234 n.
598 187 703 236 sceno
718 185 752 258 ιι.Ι
776 186 870 236 carun
891 189 932 235 rr.
1215 171 1276 236 221

76 271 131 330 tero
148 266 296 350 exposcit,
310 275 371 332 tam
384 269 531 348 sublimis,
552 278 580 332 et
599 269 697 360 salu-l
714 287 892 347 rrsneorum,
904 279 967 332 tum
985 265 1239 348 Sadducaeorum,
1253 278 1316 334 turn

74 351 172 414 tilerae
185 353 341 416 doctrinae
362 354 504 433 originem
524 355 676 417 altinsre·
715 353 907 429 Essenorum3
930 355 1078 434 quomodo
1098 355 1178 416 solus
1196 355 1240 416 vir
1258 355 1319 418 Na-

72 449 170 516 peterc
195 446 328 515 tenetur,
348 437 373 500 si
397 439 563 500 luculenter
581 458 675 520 appa·
714 456 838 500 zarenus
856 438 1003 518 dispersas
1032 438 1170 500 veritates
1194 439 1317 516 collige-

70 529 139 596 reat,
157 520 312 583 Christum
331 521 412 584 illam
432 541 515 584 mere
529 524 676 585 naturali·
714 541 758 597 re,
777 522 815 584 ab
832 520 969 583 omnibus
988 522 1117 584 nationis
1134 541 1205 584 suae
1228 542 1318 604 prae-

71 611 113 664 ter
128 621 227 684 negare
238 623 295 685 per
313 623 346 668 sc
362 606 508 683 invenire,
529 625 622 687 neque
640 609 676 670 uh
715 605 832 668 iudiciis
848 605 993 680 liberare,
1012 613 1042 666 ει
1065 606 1100 666 ad
1119 607 1317 669 universalem

70 689 135 750 aliis
153 689 281 751 haurire
299 690 442 770 potuisse.
461 689 492 752 ld
512 702 609 752 autem
628 691 675 752 la·
713 689 830 766 generis
858 689 982 751 humani
1009 689 1182 768 religionem
1203 691 1318 754 elevare
1350 747 1357 772 ,

70 772 123 835 cile
144 773 328 835 ostenditur.
344 774 374 854 a)
390 773 523 837 Christus
543 775 676 837 enimes
714 772 1157 854 potuisseti-Prolecto-ipsa
1175 772 1250 834 ratio
1269 792 1318 836 er-

70 858 194 937 proprio
213 857 334 936 ingenio
357 876 437 920 mere
463 859 591 921 naturali
615 866 673 921 tam
713 857 940 920 callentissimae
963 856 1114 918 doctrinae
1136 856 1315 921 christianae

71 942 262 1003 excellentem
279 941 444 1002 doctrinam
463 941 595 1004 invenire
614 962 675 1004 non
714 940 856 1020 originem
870 940 935 1002 sinc
947 940 1087 1018 singulari
1104 940 1195 1002 divini
1207 940 1314 1002 Numi-

73 1026 227 1103 potuisset.
258 1023 446 1106 Experientia
470 1027 548 1088 enim
575 1027 672 1103 docet,
713 1025 760 1086 nis
778 1025 944 1087 interventu
963 1025 1108 1105 explicare
1127 1043 1185 1086 non
1205 1032 1314 1105 potest,

74 1108 258 1188 praeclarum
277 1127 408 1190 quoque,
424 1127 457 1170 ac
470 1110 675 1187 singularem·
713 1117 743 1170 et
760 1109 827 1170 ideo
846 1127 900 1174 ceu
920 1109 1061 1171 divinitus
1075 1109 1233 1170 revelatam
1252 1118 1316 1172 sta-

59 1192 210 1269 genium,
236 1192 294 1254 nisi
324 1194 562 1255 circumstantiae
591 1193 648 1256 loci
663 1240 672 1271 ,
713 1201 797 1262 tuere
812 1200 941 1254 tenetur.

71 1276 214 1357 temporis
233 1285 263 1337 ει
280 1277 463 1338 educationis
482 1279 609 1352 faveant,
627 1278 673 1340 vix
754 1277 785 1338 2.
805 1273 893 1354 Origo
911 1275 1062 1338 doctrinae
1080 1275 1111 1336 in
1130 1284 1230 1338 mente
1256 1277 1314 1337 ali-

72 1361 144 1422 ultra
164 1359 401 1422 mediocritatem
422 1361 505 1424 eniti.
525 1359 584 1443 lpsi
599 1361 673 1422 Phi·
712 1360 798 1422 cuius
811 1359 922 1442 absque
935 1361 1025 1421 dubio
1041 1361 1220 1435 estfactum,
1235 1360 1315 1440 quod

71 1443 186 1526 losopbi
198 1443 674 1525 ethnici,marimoingenioprae·
712 1462 770 1505 non
793 1451 850 1505 tam
868 1461 920 1525 per
933 1443 1098 1521 ratiocinia,
1112 1463 1199 1525 quarn
1216 1444 1315 1525 potius

73 1527 135 1604 diti,
155 1528 196 1590 ab
217 1528 338 1608 optimis
356 1528 501 1606 magistris
522 1529 671 1607 instructi,
713 1545 764 1606 per
778 1527 948 1590 authentica
965 1527 1132 1589 testimonia
1150 1527 1314 1590 ostenden·

72 1621 98 1673 ct
115 1613 145 1673 in
167 1611 286 1693 oppidis
302 1612 491 1674 scientiarum
513 1613 600 1675 laude
615 1615 672 1675 llo-
712 1611 781 1672 dnm
794 1621 849 1674 est.
864 1611 955 1674 Nemo
972 1621 1070 1673 antem
1084 1611 1190 1674 melius
1202 1630 1313 1689 cogno-

72 1695 206 1758 rentibus
237 1697 400 1772 constituti,
420 1695 584 1758 doctrinam
611 1705 671 1759 tam
711 1713 806 1771 scere,
826 1705 855 1758 et
874 1695 1005 1776 apertius
1026 1695 1185 1756 contestari
1204 1704 1312 1776 potest,

72 1787 217 1855 sanctam,
232 1788 261 1841 et
276 1780 312 1842 ab
327 1779 477 1842 erroribus
491 1779 614 1842 liberam
628 1781 674 1842 in·
711 1781 859 1841 undenam
870 1778 1313 1860 doctrinabaustaluerit,qnam

72 1864 171 1925 renire
191 1863 270 1924 haud
289 1873 459 1944 potuerunt3
479 1865 627 1945 quomodo
642 1865 672 1926 id
711 1861 843 1925 eiusdem
865 1872 969 1925 auctor
994 1872 1024 1924 ει
1053 1881 1171 1944 praeco.
1196 1863 1312 1926 —Ast

74 1943 251 2009 naturaliter
266 1948 357 2009 valuit
369 1948 414 2009 vir
429 1947 594 2010 Nazarenus
609 1993 616 2023 ,
634 1948 671 2011 ab
710 1946 842 2010 Christus
861 1949 924 2029 ipse
947 1965 1035 2027 saepe
1054 1954 1234 2008 contestatus
1253 1955 1310 2022 est,

72 2029 235 2092 humilibus
248 2033 529 2112 parentibusnatus,
545 2051 670 2112 quorum
710 2049 742 2092 se
770 2031 934 2094 doctrinam
964 2042 1046 2092 suam
1075 2050 1134 2092 non
1160 2049 1212 2111 per
1233 2031 1312 2092 vires

72 2113 132 2176 laus
150 2116 209 2176 luit
228 2135 245 2177 a
262 2115 374 2176 institia
392 2125 424 2177 ει
437 2115 595 2196 probitate,
611 2136 671 2178 non
711 2132 791 2178 mere
810 2116 960 2177 naturales
980 2115 1190 2195 acquisivisse,
1217 2115 1269 2177 sed
1295 2135 1313 2176 a

15 2241 16 2244 ,
74 2198 225 2276 alitteris,
250 2218 284 2260 ac
302 2199 437 2275 scientia,
458 2198 489 2260 in
506 2201 571 2261 locu
591 2201 673 2279 igno·
710 2196 783 2276 lico,
803 2198 891 2261 Patre
906 2219 973 2275 suo,
989 2199 1150 2279 accepisse,
1167 2218 1184 2260 a
1202 2218 1260 2279 quo
1279 2218 1312 2261 se

74 2279 122 2342 bili
143 2283 293 2359 habitans,
315 2294 344 2344 ει
362 2284 440 2345 inter
459 2283 547 2345 rudes
565 2284 672 2346 educa·
710 2269 745 2342 ad
766 2283 901 2344 homines
917 2282 1094 2345 erudiendos
1110 2292 1138 2343 et
1157 2283 1312 2344 salvandos

73 2367 227 2447 tus‘l—b)
245 2367 346 2448 Neque
357 2367 489 2430 Christus
506 2367 668 2430 doctrinam
710 2365 833 2428 missum
858 2386 923 2429 esse
945 2368 1080 2428 assernit.
1105 2364 1164 2428 Sic.
1184 2366 1227 2429 lo.
1246 2366 1310 2442 1111,

73 2467 151 2511 suam
177 2450 215 2512 ab
236 2451 302 2512 aliis
322 2451 441 2513 haurire
466 2452 570 2532 potuit.
596 2452 668 2514 Eam
710 2451 749 2512 lh
767 2459 825 2512 etc.
853 2452 915 2514 ait:
939 2453 1007 2517 Meu
1034 2452 1169 2515 doctrino
1187 2469 1247 2512 nou
1270 2460 1312 2514 cst

73 2542 146 2595 certe
164 2553 224 2596 non
240 2536 360 2616 repetiit
376 2554 395 2598 o
415 2537 591 2613 Gentilibus,
604 2537 670 2617 qui·
708 2551 784 2610 mco,
803 2535 939 2610 sedetur,
959 2536 1011 2614 qui
1027 2536 1107 2598 misit
1125 2552 1181 2597 mc.
1202 2535 1236 2598 Si
1247 2537 1312 2614 garis

73 2615 190 2679 buscum
208 2619 389 2680 consortium
409 2639 467 2682 non
488 2620 601 2681 habuit.
621 2620 670 2682 Li·
708 2619 832 2682 nutrierit
846 2620 1024 2682 uolvrntotcm
1048 2618 1112 2681 eius
1133 2620 1248 2699 fucere,
1261 2637 1310 2682 co-

74 2709 118 2762 cet
133 2703 210 2782 enim
224 2721 282 2784 qua
298 2703 669 2785 inlunsaparentibusde·
707 2710 822 2782 grrosret
839 2703 873 2764 de
893 2702 1038 2776 doctrino,
1064 2711 1167 2765 utrrrm
1191 2719 1229 2764 ec
1250 2703 1310 2764 Deo

72 2783 145 2847 latus
162 2787 200 2848 sit
223 2789 253 2848 iu
272 2786 448 2868 Aegyptum,
469 2805 535 2850 mor
552 2786 668 2850 Herode
706 2787 757 2862 sit,
783 2803 823 2849 uu
850 2803 901 2867 ego
926 2803 1012 2848 umc
1040 2787 1101 2864 ipso
1129 2787 1243 2864 horror.
1264 2783 1308 2847 lo.

74 2867 207 2931 defuncto
235 2870 266 2932 in
293 2873 417 2952 patriam
436 2872 575 2933 reductus
598 2873 664 2934 luit.
707 2868 782 2945 Vlli,
794 2871 847 2946 lb,
864 2871 971 2950 inquit:
983 2870 1097 2946 Quirite
1111 2869 1200 2943 misit,
1215 2885 1310 2932 ceron

71 2949 171 3015 Postea
188 2973 258 3016 vero
271 2973 325 3016 uec
340 2955 493 3016 minimum
512 2955 666 3032 vestigium
706 2962 758 3028 cst,
780 2963 807 3016 ει
820 2971 883 3034 ego,
907 2953 1098 3032 quoeoudiui
1114 2954 1150 3016 ab
1170 2969 1214 3027 co,
1238 2951 1308 3015 hoec

74 3047 200 3117 apparet,
221 3038 366 3101 Christum
387 3039 418 3100 in
436 3049 549 3102 exteras
566 3041 666 3118 regio·
706 3038 809 3118 loqvvnr
822 3039 855 3101 in
870 3039 994 3106 mutarim
1013 3057 1038 3098 v.
1061 3037 1112 3100 38:
1132 3038 1208 3117 Ego,
1228 3037 1306 3114 prend

74 3137 121 3182 nes
146 3122 398 3202 peregrinationes
428 3123 607 3200 instituisse,
637 3133 666 3187 et
705 3123 992 3202 oidiupnctl’otrem‚
1007 3121 1122 3198 loquor:
1137 3141 1165 3181 v.
1180 3120 1232 3182 dd:
1253 3121 1308 3182 Ve-

76 3220 134 3265 rum
151 3205 287 3268 Etlrnicis
304 3215 507 3270 corruersatum
522 3225 597 3270 esse:
611 3211 665 3270 ne-
705 3208 824 3269 ritutcm
842 3207 953 3269 torvitas
969 3221 1046 3278 sum,
1068 3221 1156 3283 parom
1173 3205 1310 3268 cerdicio

75 3304 240 3366 queeurum
257 3290 361 3367 libros,
380 3292 593 3354 interludaeos
605 3311 667 3354 ma·
705 3291 764 3352 Deo
779 3291 837 3369 (l).
852 3323 892 3336 -
910 3287 1042 3350 Christus
1053 3305 1121 3366 ergo
1140 3288 1211 3350 satis
1229 3289 1310 3352 clare

74 3370 144 3434 aime
154 3390 251 3448 rarus,
265 3382 367 3456 utpote
381 3393 505 3456 pauper,
518 3376 575 3437 sibi
587 3395 666 3438 com·
681 3429 682 3432 ,
705 3393 736 3434 se
749 3393 802 3434 cen
811 3375 937 3450 legatum
950 3370 1080 3433 divinum
1092 3372 1241 3454 protessus
1250 3382 1306 3449 est,
1393 3413 1395 3420 ·

74 3472 170 3533 parare
197 3458 313 3538 potuit,
333 3459 403 3521 etsi
424 3461 581 3540 potuisset,
603 3469 663 3522 tarn
706 3468 794 3538 atque
812 3457 975 3518 doctrinam
995 3473 1078 3517 suam
1102 3458 1236 3518 adivina
1253 3477 1308 3537 pe·

73 3546 196 3602 sanctam
220 3551 250 3603 et
271 3543 421 3604 erroribus
442 3553 588 3624 expertem
609 3544 663 3606 do·
707 3541 751 3602 tiit
769 3541 959 3603 revelatione.
972 3539 1240 3603 —''l'estimonium
1261 3560 1309 3603 vc-

73 3625 191 3686 rtrinam
210 3626 315 3688 nullibi
328 3627 499 3690 invenisset.
512 3661 555 3675 -
568 3629 663 3690 Etiam
705 3643 737 3685 ro
762 3625 818 3688 buc
835 3624 900 3687 lesu
919 3623 1025 3687 Christi
1048 3625 1084 3686 de
1103 3625 1217 3702 origiue
1236 3643 1308 3687 suae

73 3707 220 3773 oludueis
240 3729 305 3771 cunr
329 3710 447 3774 haurire
474 3731 532 3774 non
560 3714 662 3773 valuit.
706 3710 857 3771 doctrinae
871 3727 987 3768 omnem
1002 3718 1131 3771 meretur
1144 3709 1243 3783 idem,
1258 3716 1307 3767 nt-

72 3787 177 3870 Religio
197 3793 276 3854 enim
289 3795 428 3870 mosaice,
442 3795 511 3856 licet
524 3796 665 3857 rliviuitns
707 3801 774 3874 pote
793 3794 822 3872 a)
839 3793 949 3854 editum
970 3791 1007 3853 ab
1027 3811 1074 3868 eo,
1099 3793 1148 3871 qui
1169 3792 1205 3852 ab
1225 3790 1307 3851 omni

72 3879 206 3952 revelata,
219 3877 429 3958 perlectionem
442 3887 538 3941 tamen
552 3879 665 3942 doctri·
706 3878 749 3938 vel
764 3877 888 3950 traundis,
909 3877 952 3938 vel
973 3876 1122 3937 lanatisvni
1139 3873 1307 3953 suspicione

72 3974 121 4020 nae
134 3960 313 4022 christianae
324 3981 382 4023 non
391 3963 496 4041 attigit.
510 3962 666 4026 Praeterea
706 3960 942 4022 immunissimus
960 3959 1069 4032 luit,ut
1081 3978 1114 4021 en
1134 3959 1226 4037 ipsius
1236 3955 1308 4016 clla-

72 4039 128 4120 ipsa
152 4045 258 4122 religio
293 4047 421 4108 mosaica
454 4047 505 4110 illo
534 4057 666 4127 tempore
705 4054 819 4106 ractere
838 4053 960 4125 apparet
978 4043 1037 4121 (l),
1052 4043 1084 4121 b)
1100 4042 1306 4103 contirmaturn

71 4126 148 4188 ratde
167 4137 307 4209 corrupta
327 4130 381 4192 luit
395 4149 448 4212 per
462 4132 552 4193 salsas
572 4131 664 4192 tradi·
706 4138 766 4189 tuna
788 4127 916 4190 mirabili
937 4129 995 4188 vita
1014 4128 1071 4205 (3),
1094 4133 1153 4184 turn
1181 4123 1307 4184 atrocis-

72 4205 160 4274 tiones
175 4221 204 4274 et
221 4213 497 4293 spuriasdootrinas
512 4225 572 4278 turn
585 4214 665 4278 Pha·
705 4213 781 4274 sima
800 4221 906 4289 morte,
926 4211 956 4271 in
977 4208 1177 4270 testinnonium
1198 4205 1307 4270 verita·

98 4317 310 4383 (nursiam,
327 4321 391 4383 vas.
478 4375 482 4383 .
739 4317 800 4381 tttt
814 4319 864 4366 tou.
1041 4293 1171 4372 (sigim.
