2928 4734
177 209 240 273 182
581 225 765 294 rueonooxne
785 221 947 270 amaneus

135 307 263 386 magiae,
281 304 326 367 rel
346 303 469 367 occultis
491 302 605 367 artibus
623 303 736 366 adscri-
778 320 900 377 eorum,
924 299 977 383 qui
995 299 1175 380 vigesimum.
1189 318 1298 365 annum
1319 303 1382 368 iam

135 397 269 472 pserunt,
288 407 345 451 non
361 389 432 471 quia
446 387 507 450 rexi
519 387 654 450 miraculi
669 405 739 449 con·
778 386 986 467 expleverant,
1006 393 1113 448 terram
1132 386 1212 448 illam
1232 387 1381 467 visurum,
1400 415 1404 424 ·

134 474 264 536 ditiones
281 473 415 550 deerant,
437 473 489 536 sed
507 471 578 554 quia
597 472 646 534 illa
666 490 736 552 pro·
776 468 863 533 losue
883 478 912 532 et
929 468 1018 532 Caleb
1036 470 1235 552 exceptisffi).
1253 505 1295 518 -
1312 471 1381 536 Mu·

133 565 201 640 pter
212 557 394 638 praeiudicia
408 575 462 618 sua
476 556 552 617 haud
569 563 650 617 recte
660 554 737 616 diiu·
775 553 823 616 ins
845 553 977 618 vaticinii
993 554 1103 618 veritos
1123 555 1262 618 diatomco
1275 575 1310 618 ex
1325 571 1382 620 au·

132 641 280 704 dicarunt.
304 640 435 702 Tandem
455 640 491 702 ad
510 639 734 702 conversionem
776 637 1094 702 thentia'Pentateuchi
1109 648 1304 702 eticonsensu
1327 659 1381 704 na·

131 725 230 787 ¹cordis
241 732 271 787 et
282 725 531 806 perseverantiam
541 723 571 784 iu
585 723 662 785 bono
676 741 733 784 non
775 721 877 799 tionis,
893 721 1091 803 ptttcsopttco
1107 732 1208 786 autem
1220 742 1256 786 ex
1270 735 1380 789 natura

132 809 284 872 sufficiunt
301 809 384 888 signa
399 816 539 883 externa,
561 807 611 868 sed
632 807 735 887 requi·
774 814 898 869 eventus
915 815 1008 887 patct;
1020 807 1200 871 neamenim
1219 808 1276 870 nisi
1294 811 1380 874 solus

131 893 209 956 ritur
224 893 342 956 interna
356 899 387 954 et
403 892 504 953 ellicax
523 891 631 970 gratia,
645 910 734 972 quam
773 889 850 952 vitae
871 889 1034 971 mortisque
1052 890 1191 953 dominus
1211 891 1288 956 scire
1306 904 1379 976 pot·

131 975 212 1040 Deus
231 996 284 1058 pro
302 996 356 1039 sua
374 974 603 1052 misericordia,
623 975 733 1055 quibus
773 981 830 1051 ost,
847 974 922 1035 duos
937 973 1124 1036 solummodo
1138 991 1173 1038 ex
1192 974 1305 1055 integra
1318 997 1378 1040 na-

130 1061 194 1122 uult
214 1061 347 1140 largitur,
366 1066 396 1122 et
414 1077 466 1140 pro
481 1069 535 1120 sue
552 1057 666 1121 iustitia
684 1059 732 1121 in·
773 1057 867 1135 tione,
887 1057 1010 1143 reliquis
1026 1057 1166 1124 omnibns
1183 1060 1377 1138 mortuis,'ad

131 1143 229 1222 dignis
247 1145 384 1222 deneget.
410 1141 548 1207 Permisit
566 1142 667 1223 itaque
683 1142 732 1204 iu·
772 1142 986 1220 sexagesimum
1005 1143 1081 1207 vitae
1097 1160 1295 1211 suae-annum
1309 1164 1379 1226 pem

130 1229 280 1292 stissimus
293 1228 383 1305 Deus,
396 1225 530 1288 indurari
542 1244 594 1288 cor
606 1225 734 1289 Pharao·
772 1225 873 1288 venire
889 1225 1068 1308 eosdemque
1086 1243 1223 1308 expresse
1236 1228 1377 1293 denomi-

130 1311 545 1402 nisatquedeyyptiornrn,et
559 1311 732 1372 inaonstan-
772 1327 855 1372 nare:
875 1317 1006 1386 erentes,
1027 1310 1201 1392 prophetiae
1213 1323 1314 1376 exacte
1327 1327 1378 1381 re·

129 1404 175 1460 tes
193 1396 344 1459 Hebraeos
356 1396 386 1456 in
402 1392 598 1456 idololatriam
614 1395 732 1475 aliaque
772 1393 932 1474 spondens,
946 1393 1033 1457 Num.
1047 1392 1147 1471 XXVI,
1163 1395 1264 1458 tlt-ot
1280 1397 1377 1464 ceier-

129 1480 303 1562 turpissima
323 1479 436 1541 scelera
466 1479 587 1558 saepius
612 1477 728 1541 delabi:
772 1485 831 1550 tur,
851 1476 903 1539 ubi
926 1479 1050 1556 legitur,
1074 1477 1190 1559 Moysen
1202 1478 1234 1542 in
1249 1497 1376 1562 campe-

131 1583 223 1644 quare
239 1571 338 1625 autem
355 1572 384 1625 et
404 1562 557 1645 quomodo¹
571 1561 602 1623 id
623 1562 732 1642 permi-
771 1561 882 1623 stribus
899 1559 984 1624 Moab
1006 1579 1072 1623 cum
1097 1561 1257 1642 Eleazaro,
1277 1565 1377 1628 Aaro-

128 1647 214 1724 serit,
234 1647 364 1709 bortrinis
382 1655 503 1710 nonest
521 1646 659 1708 scrutari.
679 1645 730 1708 ln·
771 1644 817 1706 nis
835 1645 953 1708 iamiam
973 1645 1106 1708 defuncti
1132 1647 1211 1724 utto,
1229 1650 1375 1729 populum

129 1729 216 1792 terim
245 1741 349 1793 contra
375 1731 478 1793 omnes
503 1729 624 1793 criticae
652 1731 731 1808 leges
770 1729 899 1790 lustrans
916 1730 1012 1792 solum
1032 1729 1148 1792 losuam
1169 1731 1198 1794 e't
1217 1731 1374 1811 Calebum,

127 1822 276 1896 peccaret,
301 1814 352 1897 qui
370 1813 535 1877 certissima
547 1812 653 1894 Moysis
672 1814 730 1875 mi·
770 1821 860 1894 prout
874 1813 1075 1895 praedixerat,
1095 1816 1268 1894 superstites
1286 1817 1376 1879 inve·

127 1897 230 1962 recula
256 1898 323 1960 ideo
341 1917 449 1977 negare
472 1898 578 1975 vellet,
597 1896 666 1978 quia
693 1896 730 1960 iis
771 1897 861 1959 nisse:
880 1899 987 1962 relatio
1015 1898 1146 1961 vaticinii
1165 1899 1318 1981 adimpleti
1335 1901 1376 1964 ad

127 1983 199 2044 visis
212 2001 266 2044 nec
284 1981 417 2079 Aegyptii
428 1983 562 2044 conversi
578 1990 658 2056 suut,
675 2000 730 2044 nec
770 1982 976 2044 auctoritatem
1002 1981 1108 2063 Moysis
1130 1990 1160 2044 et
1181 1983 1254 2062 legis
1279 1985 1317 2046 ab
1336 2005 1374 2050 eo

126 2063 280 2129 israelitae
288 2065 414 2128 Dourruo
429 2065 581 2127 liberatori
592 2082 646 2127 suo
660 2085 730 2127 con·
770 2065 922 2129 lataeinde
935 2075 1027 2148 patet,
1038 2065 1116 2147 quod
1131 2077 1377 2147 praematurare·

127 2158 242 2212 stanter
256 2150 467 2226 adhaeserunt,
483 2150 552 2229 quia
564 2149 622 2210 iam
639 2167 728 2229 prae·
769 2149 917 2230 liquorum
933 2170 1011 2212 mors
1025 2169 1122 2231 poena
1137 2151 1193 2218 luit
1209 2154 1376 2222 murmuris

125 2232 255 2306 latorum
277 2234 487 2296 miraculorum
503 2234 610 2296 veritas
633 2233 728 2295 histo·
769 2245 873 2294 contra
890 2232 1007 2314 Moysen
1022 2244 1050 2299 el
1068 2232 1175 2298 Deum.

124 2316 202 2394 rica,
222 2318 425 2401 philosophica
438 2325 468 2380 et
478 2317 599 2380 relativa
617 2317 728 2398 proba·
810 2315 846 2378 ll.
871 2315 981 2398 Moyses
1006 2319 1156 2401 praecepit
1180 2320 1309 2400 populo,
1340 2331 1374 2387 ut

126 2409 157 2464 ta
171 2412 228 2477 est,
248 2410 278 2464 et
295 2401 384 2465 huius
398 2401 632 2475 inconstantiae,
651 2403 728 2463 sicut
769 2411 922 2481 postquam
939 2411 1046 2466 terram
1057 2403 1232 2484 promissam
1246 2423 1375 2487 occupa·

125 2484 206 2548 illius
224 2487 404 2567 pertinaciae
423 2505 531 2548 causae
547 2487 728 2548 sufficientes
767 2485 856 2562 verit,
884 2485 1009 2566 septimo
1032 2486 1167 2568 quolibet
1186 2507 1266 2552 anno
1283 2490 1375 2569 quie·

125 2570 294 2650 assignatae
310 2571 432 2632 luerunt
446 2570 506 2651 (l).
767 2577 841 2645 scat,
857 2587 956 2650 neque
973 2587 1058 2667 agros
1075 2581 1165 2648 serat,
1185 2581 1236 2634 aut
1254 2572 1372 2634 vineam

308 2714 479 2760 eruum
493 2695 558 2761 n·
635 2693 637 2696 ’
766 2655 1213 2802 tttlttttltlnltln
1229 2656 1374 2804 ltili

137 2811 251 2864 vadente
265 2825 307 2862 ceu
322 2816 472 2863 characteres
482 2817 574 2862 externi
588 2816 712 2876 llellglonls
765 2820 855 2883 [aciat
880 2821 1009 2884 {suppum
1037 2823 1279 2886 ypjumannomm
1308 2787 1370 2906 (’3).

278 2897 322 2946 ⁹⁰²⁹
337 2886 431 2944 ΝΜ
446 2887 568 2934 revelatae.
765 2903 944 2987 Prophetiae
959 2906 1044 2968 istius
1057 2907 1166 2970 veritas
1186 2908 1326 2972 historica
1337 2927 1374 2972 ex

379 2977 409 3049 S·
426 2984 481 3032 ⁹⁸·
766 2988 839 3052 locis
857 2990 966 3068 citatis,
982 2999 1012 3052 et
1026 2991 1174 3053 constanti
1192 2991 1371 3054 ludaeorum

120 3117 123 3126 ι
176 3078 251 3142 'l'ota
268 3078 328 3141 vita
354 3078 473 3161 publica
498 3075 604 3159 Moy‘sis
630 3085 726 3159 potest
766 3075 970 3154 persuasione,
986 3075 1188 3155 philosophico
1210 3085 1310 3139 autem
1336 3095 1373 3139 ex

123 3163 300 3246 prophetica
318 3163 389 3239 dici,
403 3163 474 3243 quia
496 3161 632 3241 singulis,
649 3181 726 3242 qrrae
766 3176 801 3219 eo
822 3165 914 3239 patet,
935 3159 1014 3239 quod
1033 3158 1137 3240 triplex
1161 3159 1265 3241 quovis
1289 3179 1372 3224 auno

124 3246 227 3322 edidit,
248 3245 333 3309 lactis
352 3248 527 3327 plerumque
546 3245 725 3326 praedictio·
765 3252 846 3302 sexto
873 3243 977 3304 messis
1004 3243 1109 3324 utique
1132 3243 1170 3306 ab
1195 3253 1317 3306 auctore
1342 3255 1372 3306 et

122 3349 190 3392 nem
211 3330 384 3410 praemisit,
404 3338 437 3391 ut
455 3331 648 3392 attentionem
668 3349 724 3412 po·
764 3325 963 3404 gubernatore
983 3337 1107 3392 naturae
1126 3327 1263 3408 pendeat.
1287 3327 1372 3392 Peri·

122 3413 185 3494 puli
199 3417 234 3474 ad
247 3433 282 3475 ea
294 3414 350 3476 rite
369 3412 553 3476 observanda
571 3415 722 3478 excitaret,
766 3408 871 3470 tissimi
887 3410 924 3471 de
943 3410 1020 3488 agris
1033 3411 1094 3474 suis
1112 3411 1276 3474 ubertatem
1293 3431 1371 3474 tiles·

122 3495 198 3560 Sunt
216 3498 723 3576 autemtrtoprecctpeoootictnio,
764 3493 805 3555 sis
828 3511 865 3554 ne
892 3494 929 3556 de
955 3512 1032 3556 anno
1058 3495 1089 3558 in
1115 3514 1226 3558 annum
1246 3495 1369 3578 qnidam

122 3576 199 3662 quae
219 3599 338 3644 omnem
359 3581 585 3644 admirationem
603 3601 724 3644 meren·
766 3577 936 3658 praedicere
950 3588 1074 3659 queunt,
1090 3580 1240 3660 quornodo
1258 3578 1371 3660 Moyses

122 3673 182 3740 tur,
201 3674 232 3726 et
250 3683 326 3746 quae
339 3683 486 3747 exponere
506 3667 561 3728 hoc
578 3667 644 3729 loco
659 3666 725 3728 sut·
766 3661 911 3743 triplicem
935 3664 1005 3723 anni
1024 3665 1096 3725 sexti
1117 3681 1242 3726 messem
1263 3662 1369 3726 de're·

120 3749 194 3812 licit.
362 3814 366 3818 ,
764 3745 851 3824 gione
880 3745 937 3806 sibi
957 3746 1056 3826 ignota
1088 3747 1262 3810 naturaliter
1280 3766 1371 3830 prae·

163 3831 187 3895 Ι.
207 3830 279 3895 Cum
300 3831 352 3894 dlii
373 3830 463 3894 lsrael
487 3831 581 3894 territi
604 3831 644 3894 ab
668 3832 723 3909 iis,
764 3829 841 3891 scire
860 3829 1224 3910 potuisseti-Eceattrm
1243 3831 1370 3912 proplie-

121 3916 172 3997 qui
185 3916 222 3979 ad
237 3916 448 3997 explorandam
466 3925 572 3978 terram
585 3915 725 3979 Chanaan
766 3913 824 3976 tiae
854 3913 1067 3993 respondisse,
1099 3916 1205 3978 exinde
1232 3923 1369 3992 constat,

121 4001 204 4062 missi
224 4002 475 4080 fuerant,contra
489 3999 606 4080 Moysen
623 3999 724 4060 etAa·
765 3996 835 4077 quia
852 3995 952 4059 ludaei
982 3998 1076 4076 legem
1105 3999 1142 4061 de
1160 4017 1239 4062 anno
1258 3999 1369 4064 sebbe-

121 4100 226 4144 ronem
248 4087 498 4157 murmurassent,
518 4081 641 4160 Moyses,
661 4081 723 4160 spi·
765 4081 823 4142 tioo
855 4080 902 4160 (l)
928 4079 1140 4158 observarunt,
1165 4083 1237 4164 quin
1270 4093 1368 4148 tamen

55 4181 59 4189 ·
121 4165 182 4226 ritu
195 4165 248 4228 Dei
262 4167 381 4248 plenus,
394 4164 550 4248 praedixit,
573 4163 723 4225 nerninem
765 4163 843 4226 lame
871 4164 1107 4244 conficerentur,
1128 4167 1172 4230 vel
1190 4169 1227 4228 de
1244 4166 1371 4248 penuria

150 4288 182 4406 yyy
194 4264 231 4336 'm
247 4295 376 4348 coenan„
391 4295 406 4339 ι.
422 4304 444 4339 e.
460 4304 485 4337 n.
501 4290 605 4366 paster.
792 4291 824 4410 ys)
839 4293 881 4339 ex.
894 4293 931 4352 os,
947 4293 1217 4357 tenerascere
1233 4297 1270 4358 tc,
1289 4298 1328 4344 aa

158 4357 173 4394 z.
198 4353 266 4396 Mum,
280 4353 318 4398 2⁴.
332 4353 370 4400 52.
386 4353 453 4398 Meul.
468 4352 485 4405 l,
500 4365 540 4398 oo.
802 4353 823 4408 ll
839 4354 847 4398 l
863 4353 937 4400 Maeli.
952 4355 975 4410 i,
985 4354 1024 4402 dt.
