2918 4734
191 161 252 224 ted
590 175 961 228 rumououmunauanam!

145 257 379 341 adscripserunt.
407 257 451 324 Cl.
481 259 565 324 aare
579 259 670 340 Meyr
688 258 749 339 (l),
790 256 889 333 bihu's,
911 255 1039 334 homae,¹
1047 253 1191 330 Corinthi,
1205 253 1342 333 Athenis,
1357 257 1403 320 E·

144 343 246 408 Frr'nt.
267 344 328 424 (ἓ).
374 345 378 364 ‘
634 373 636 380 ,
790 341 888 422 phesi,
911 339 1343 421 Hierosolymis,Antiochiae,
1360 343 1403 404 A·

187 427 267 491 Nota
285 429 315 490 Ξ.
342 425 481 498 Quamvis
503 427 540 490 de
567 425 649 488 nullo
669 423 751 488 Scri-
790 425 959 486 lexandriae
972 424 1122 486 Ecclesiae
1137 423 1317 486 christianae
1333 426 1402 487 lun·

145 518 232 590 ptore
253 511 393 574 historico
417 511 543 573 scientia
560 519 590 573 ot
610 511 751 572 veracitas
790 509 876 570 datae
894 517 974 582 sunt;
993 527 1089 590 neque
1104 508 1198 570 solum
1215 507 1399 589 plebeii,sed

144 593 187 654 ita
206 595 324 675 probari
343 596 468 678 possint,
488 595 575 656 sicuti
591 594 628 656 de
646 603 750 656 aucto·
790 592 881 654 etiam
894 593 1093 670 nobiles,imo
1108 591 1324 673 etPhilosophi
1340 590 1399 654 lle·

144 676 229 740 ribus
247 679 389 741 librorum
408 679 444 740 Ν.Ι
460 677 493 740 Τ.
505 679 657 760 probatae
667 685 748 756 suart3
790 677 893 757 ligioni
912 675 1090 738 christianae
1108 693 1216 738 nomen
1237 675 1398 740 dederunt.

144 762 341 825 nihilominus
360 761 510 825 temerarii
529 763 666 826 homines
678 761 752 823 dan·
790 758 862 831 Quis
881 779 951 840 ergo
973 774 1105 822 asserere
1128 759 1261 836 audebit,
1282 761 1398 842 primos

144 855 204 922 tur,
224 844 277 927 qui
294 846 498 928 praeiudiciis,
518 856 548 908 ot
562 845 750 928 passionibus
789 843 972 908 Christianos
985 863 1088 905 ornnes
1107 843 1207 920 rudes,
1221 851 1249 904 et
1262 844 1398 925 plebeios

145 931 299 992 obcaecati
314 930 538 1013 Apostolorum
565 939 595 992 et
616 929 749 1008 Evange·
789 928 898 990 iuissc‘l
917 925 988 999 Quis
1007 929 1085 989 inter
1110 926 1266 990 illiteratos
1285 947 1397 990 nnme-

118 1013 279 1079 'listarum
287 1013 465 1077 testimoniis
475 1014 563 1076 sulem
572 1015 748 1088 detrectant,
789 1012 867 1073 rabit
889 1013 1030 1087 Paolum,
1059 1011 1177 1087 Ltrcnrn,
1198 1013 1398 1092 stephanum?

145 1099 330 1180 atqueetiam
345 1099 478 1181 ipsorum
490 1098 749 1160 veracitatemoh-
789 1089 858 1178 quis
873 1097 1074 1169 Gemolietem,
1090 1097 1266 1172 Zochocum,
1277 1097 1397 1160 luirtrm

146 1199 265 1244 scurare
280 1191 406 1244 tentant.
789 1197 953 1260 synagogae
973 1181 1155 1261 principem,
1186 1181 1337 1260 lesendam
1357 1183 1397 1243 ab

161 1265 303 1334 ,doch
325 1265 399 1326 erm
419 1264 749 1346 Apostolietllvange-
790 1263 1208 1340 Arimathaca,Nicudcmurn‘l
1231 1267 1298 1344 quis
1317 1265 1397 1328 Cor·
1450 1273 1451 1276 ’

147 1349 232 1412 listae
261 1349 380 1411 nonnisi
409 1368 478 1410 vera
517 1349 607 1411 locuti
638 1348 697 1410 sint
721 1356 751 1410 et
788 1346 1141 1420 nelinchnturionem,
1161 1348 1299 1430 Scrplum
1319 1347 1397 1411 Pro·

146 1433 341 1514 scripserint,
372 1432 409 1494 ab
439 1431 610 1494 hominihus
634 1432 750 1494 coaevis
789 1432 954 1508 consulem,
976 1432 1149 1512 Dionysium
1172 1432 1395 1512 Areopagitam,

145 1517 223 1578 sorio
242 1516 471 1578 examinandum
497 1527 527 1578 ct
544 1515 638 1578 solide
667 1516 749 1577 diiu-
791 1515 966 1578 Clementem
984 1513 1162 1590 Romanurn,
1180 1525 1209 1577 ct
1227 1515 1301 1577 alios
1314 1519 1396 1578 mul-

147 1599 749 1680 (licandumerat.ldautemeotempore
789 1600 851 1660 tos?
879 1598 995 1661 Primos
1032 1598 1214 1662 Christianos
1249 1601 1397 1663 fanaticos

148 1702 203 1744 uec
222 1683 331 1746 lactum
351 1693 407 1761 est,
429 1704 484 1746 neo
502 1686 591 1746 etiam
611 1685 673 1746 deri
692 1703 749 1764 po·
768 1714 770 1734 r
790 1683 894 1760 luisse,
912 1684 994 1746 nullo
1008 1692 1181 1762 argumento
1196 1685 1315 1766 probari
1330 1696 1398 1766 pot·
1450 1695 1451 1698 ’

147 1767 213 1832 tuit.
231 1767 303 1829 Nam
323 1777 392 1830 ante
417 1765 642 1830 Constantinum
662 1769 749 1848 pauci
768 1735 771 1804 A
789 1776 845 1827 est:
870 1769 1051 1844 contrarium
1076 1773 1142 1830 vero
1161 1768 1291 1830 ostendit
1311 1779 1397 1830 tenor

146 1851 306 1915 admodum
339 1853 459 1914 luerunt
494 1851 749 1932 Christiani;·qui
789 1851 1398 1932 vitae,quarngerebant;erantcnimcor

146 1944 245 2002 autem
268 1935 383 1998 Christo
403 1954 511 2014 nomen
531 1935 693 2010 *dederunt
714 1955 748 1996 e·
790 1953 882 1995 unum
898 1946 928 1996 et
947 1935 1045 1996 anima
1061 1955 1134 2010 una,
1152 1937 1255 1998 omnia
1275 1939 1397 2017 patien-

146 2029 214 2082 rant
241 2013 378 2082 homines
396 2019 517 2100 plebeii,
530 2019 640 2095 rudes,
662 2019 749 2081 sana·
790 2028 835 2078 ter
852 2019 1030 2096 tolerabant,
1049 2020 1197 2081 nemiuem
1221 2021 1396 2098 laedebant,

146 2104 216 2178 tici,
237 2103 370 2180 creduli,
402 2103 601 2183 prodigiorum
619 2112 750 2180 amato·
789 2101 932 2183 bonapro
944 2104 1265 2184 malisimpendebant:
1283 2105 1326 2166 ita
1340 2125 1398 2168 nec

147 2205 207 2264 res,
236 2188 338 2268 quales
357 2187 482 2249 ludaeos
508 2189 589 2248 omni
615 2196 749 2269 tempora
790 2187 964 2266 loquuntur,
981 2207 1036 2249 nec
1052 2197 1141 2268 agunt
1151 2188 1281 2250 fanatici.
1296 2190 1398 2255 r-Et·

146 2271 237 2334 luisse
263 2291 298 2332 ex
323 2272 453 2352 profanis
472 2270 643 2333 auctoribus
660 2271 750 2333 disci·
790 2271 875 2331 iamsi
886 2290 973 2352 porro
986 2272 1211 2346 concederetur,
1225 2273 1304 2352 quod
1319 2292 1397 2334 nun·

146 2373 225 2416 mus.
240 2355 317 2434 Ergo
334 2374 389 2418 nec
404 2355 626 2435 Apostolorum,
640 2373 751 2418 necse-
790 2373 879 2434 qnam
906 2357 1029 2416 concedi
1050 2365 1158 2437 potest,
1178 2356 1291 2438 primos
1310 2357 1396 2418 chri·

145 2437 299 2518 quentinm
330 2441 515 2501 saeculorum
544 2439 748 2501 testimonium
789 2438 1396 2518 stiamnorninissectatorestalessuisse‚

145 2522 256 2602 aliquid
271 2523 386 2603 prohat.
739 2539 743 2546 ·
790 2523 893 2602 quales
908 2523 945 2584 ab
964 2524 1140 2586 adversariis
1161 2526 1269 2586 nostris
1290 2525 1398 2603 depin-

185 2608 270 2687 desp.
281 2605 362 2678 Quae
374 2605 751 2670 abadversariisobiiciun-
788 2616 910 2684 guntur,
927 2608 994 2687 quis
1013 2627 1071 2668 non
1083 2608 1174 2683 videt,
1191 2609 1283 2688 magis
1298 2610 1398 2670 adhuc
1450 2649 1451 2652 =

147 2691 311 2767 tantaleo
333 2691 486 2772 supposito
510 2691 657 2752 laborant.
678 2691 749 2752 Fal·
790 2691 895 2752 exinde
926 2692 1094 2752 confirmari
1135 2711 1211 2773 qnae
1240 2692 1397 2755 diximus‘.l

144 2793 209 2836 sum
228 2775 307 2836 enim
328 2783 383 2850 est,
403 2774 505 2855 primis
527 2775 654 2836 saeculis
672 2793 748 2853 pau·
789 2772 909 2836 Constat
926 2775 1018 2851 enim,
1033 2795 1091 2836 non
1113 2785 1198 2840 natos
1211 2787 1281 2838 tunc
1301 2778 1396 2840 luisse
1450 2851 1451 2856 γ

144 2877 195 2922 cos
203 2858 360 2922 admodum
373 2858 750 2922 Christianosiuisse.Con-
789 2857 984 2936 Christianos,
1002 2859 1052 2920 sed
1069 2861 1171 2922 iactos.
1188 2858 1281 2923 Nemo
1295 2870 1399 2923 autem

145 2943 267 3006 trarinm
286 2951 350 3005 tum
368 2943 456 3018 sacri,
469 2949 530 3003 tum
544 2942 660 3024 profani
672 2943 748 3004 scri·
790 2942 981 3021 praeiudiciis
995 2943 1032 3004 ah
1048 2943 1173 3005 infantia
1190 2943 1317 3021 haustis,
1336 2946 1399 3006 im·

147 3034 246 3108 ptores
270 3034 429 3089 testantur.
449 3024 581 3088 Sufficiat
597 3025 645 3087 hic
662 3027 748 3088 testi·
789 3027 970 3106 primiscum
983 3025 1166 3106 Religionem
1180 3037 1328 3108 spectant,
1345 3031 1401 3090 dr·
1450 3093 1451 3104 ,

147 3111 279 3172 monium
297 3111 393 3172 Plinii
416 3110 558 3185 iustioris,
577 3110 627 3190 qni
646 3109 677 3171 in
696 3128 750 3172 sua
769 3171 771 3186 ,
790 3111 867 3175 mins
887 3109 1045 3184 inhaeret,
1076 3129 1164 3174 nemo
1193 3115 1348 3174 communi
1369 3135 1400 3176 a·

146 3195 180 3256 ad
197 3192 358 3258 Traianum
376 3193 503 3276 epistola
520 3191 636 3256 scribit:
658 3193 749 3256 rRe·
789 3195 1047 3276 linrnmopinione
1059 3197 1151 3273 magis
1167 3196 1298 3273 ducitur,
1307 3217 1398 3278 quam

145 3277 285 3354 liginncm
301 3277 490 3342 christianam
506 3278 632 3360 implere
643 3278 748 3340 cirita·
769 3303 772 3368 p
791 3278 927 3340 homines
940 3278 1027 3340 rudes
1045 3288 1074 3340 et
1087 3279 1220 3342 fanatici.
1241 3278 1397 3351 Quomodo

145 3371 204 3434 tes,
223 3361 305 3424 nicos
319 3370 348 3422 ct
365 3381 462 3442 agros,
482 3363 592 3443 templa
607 3381 672 3424 csse
695 3363 750 3424 de·
770 3371 772 3395 ¹
791 3379 859 3440 ergo
875 3362 938 3422 heri
958 3363 1053 3442 potuit
1072 3373 1103 3424 nt
1116 3362 1251 3432 homines
1266 3366 1331 3426 sive
1345 3365 1398 3426 Iu·

146 3451 237 3520 serta,
250 3453 280 3506 et
294 3445 444 3507 neminem
460 3464 561 3508 emera
576 3447 748 3508 victimas.)
771 3471 773 3514 1
791 3445 871 3522 daei,
881 3447 979 3526 pravis
992 3446 1183 3527 opinionibus
1198 3458 1302 3509 contra
1314 3447 1400 3512 Chri·

145 3527 249 3608 Aeque
273 3528 380 3590 lalsum
399 3538 456 3604 est,
476 3531 587 3610 primos
605 3530 751 3593 Christia·
771 3546 773 3596 l
792 3539 869 3590 stum
902 3529 1027 3609 eiusque
1057 3531 1221 3592 doctrinam
1248 3551 1264 3592 a
1287 3533 1399 3594 toneris

148 3629 204 3672 nos
220 3612 355 3676 homines
373 3621 487 3674 tantum
506 3613 597 3676 rudes
615 3624 645 3676 et
663 3615 753 3676 illite-
771 3599 774 3712 A
792 3613 879 3674 annis
897 3613 1016 3685 imbuti,
1036 3615 1096 3675 sire
1121 3613 1252 3677 Gentiles
1268 3615 1400 3678 idolola-

146 3693 229 3757 'ratos
252 3696 354 3758 luisse.
376 3695 492 3759 Certum
512 3707 556 3760 est
578 3698 671 3776 enirn,
691 3697 752 3760 Re·
772 3720 774 3754 r
793 3697 867 3758 triae
887 3697 1042 3778 apneu'tia
1058 3698 1161 3775 dediti,
1186 3699 1399 3780 Apostolorum

149 3779 290 3858 ligionem
309 3780 502 3842 christianam
527 3781 558 3843 in
584 3782 753 3844 civitatibus
772 3755 775 3848 A
793 3781 902 3861 scripta
916 3782 987 3842 tanti
1002 3783 1204 3858 aestimarent,
1221 3783 1265 3844 eis
1280 3784 1399 3865 plenam

150 3864 334 3945 potissimum
361 3865 453 3926 luisse
478 3865 703 3945 praedicatam,
725 3875 754 3928 et
773 3849 776 3922 l
795 3865 881 3926 sulem
901 3866 1091 3945 praeberent,
1111 3884 1206 3946 eaque
1225 3876 1308 3928 tanta
1325 3887 1400 3928 con-

149 3948 255 4010 exinde
275 3946 394 4010 demum
411 3967 443 4010 se
460 3968 493 4010 se
512 3950 543 4010 in
562 3969 652 4030 pagos
671 3959 700 4010 et
714 3951 756 4011 ri·
774 3927 777 4010 ¹2
795 3949 904 4010 stantia
916 3948 1267 4012 defenderentl-Plehs
1280 3952 1399 4033 quidum

149 4051 200 4094 cos
213 4032 376 4094 diffudisse.
392 4031 451 4094 lam
462 4032 669 4114 Apostolorum
684 4042 756 4094 tem·
776 4031 778 4095 l
797 4033 929 4113 prodigia
950 4033 1246 4118 etmirahiliaampt3
1266 4035 1318 4096 sad
1333 4053 1402 4096 cum

150 4135 222 4198 pore
241 4117 272 4178 in
287 4117 490 4180 celeberrimis
506 4135 560 4198 per
578 4117 681 4178 orbem
704 4135 756 4178 ur·
798 4136 833 4177 ea
851 4117 950 4177 lavent
966 4118 1027 4178 suis
1043 4117 1246 4198 praeiudiciis,
1259 4118 1322 4184 suis
1336 4137 1402 4200 pro·

181 4241 211 4296 Η,
228 4241 320 4292 „em
337 4244 402 4302 retra,
417 4245 434 4290 ι,
449 4244 486 4305 m,
500 4255 543 4292 m
557 4255 581 4306 p.
594 4243 617 4308 2,
630 4247 687 4292 rect.
706 4244 752 4308 ῃ
778 4206 780 4256 t
799 4200 1007 4282 pensionibus,
1031 4219 1104 4263 suae
1129 4201 1288 4282 Religioni.
1308 4202 1402 4266 Porro

152 4299 259 4348 eoo-aen.
319 4342 324 4352 ,
778 4293 789 4332 ¹*
830 4304 862 4362 ta)
875 4306 902 4350 r.
917 4304 1094 4365 rauracus.
