2934 4736
409 214 484 261 enus
504 214 547 260 m.
572 215 673 260 suerro
694 216 716 260 1.
740 215 834 260 orror
854 216 876 260 r.
1163 197 1223 260 319

44 288 205 371 spiritualem
215 284 415 368 intellectum,
431 295 505 356 toris
522 299 622 356 autern
663 293 706 353 rel
730 291 875 368 divinum,
895 290 939 352 rel
963 291 1197 354 ecclesiasticum
1218 289 1264 354 ci·

42 393 86 457 per
99 379 339 439 sensurolitterre
357 378 523 460 simplicem
539 381 551 458 (
573 380 620 457 ).›
663 375 718 436 teri
734 384 842 456 potest,
859 383 889 437 et
905 383 978 436 teste
994 376 1134 456 Apostolo
1145 377 1216 456 fidet
1227 393 1265 440 em

76 459 100 520 3.
118 459 243 540 Uterque
265 478 370 523 sensus
388 471 451 524 turn
470 462 620 538 litteralis,
661 461 767 522 auditu
783 458 950 539 concipitur
964 459 1023 540 (5),
1044 468 1132 539 atque
1148 461 1183 520 ad
1202 458 1263 523 Re-

42 548 91 602 tum
108 545 243 625 mysticus
261 547 414 608 coustituit
435 546 533 612 locum
552 565 620 610 rore
637 574 641 658 p
661 543 779 621 ligionis
791 543 957 605 doctrinam
977 543 1212 620 cognoscendum
1228 563 1263 606 ac

41 627 232 705 theologicum,
252 629 292 690 ita
310 637 343 691 ut
359 643 397 691 err
419 630 470 692 illo
489 629 619 692 Tlreolc·
660 629 800 707 pietatem
817 627 975 690 'fovendum
995 628 1053 690 alia
1073 627 1169 688 media
1187 646 1261 707 sup-

39 709 75 784 gia
91 721 258 788 argumenta
276 713 453 793 depromere
471 722 573 795 quest,
593 717 618 777 si
660 720 776 791 petunt.
797 711 868 774 Ideo
895 712 927 775 S.
952 711 1139 792 deposito-ns
1166 711 1259 772 dicit:

39 792 66 853 do
78 812 107 855 eo
125 804 203 856 corto
224 805 362 860 constet:
386 806 514 878 uterque
535 800 617 860 enim
662 794 787 857 (Homo
806 797 875 873 tide,
893 813 947 875 spe
965 804 994 856 et
1011 795 1134 856 caritate
1153 795 1261 855 subni-

39 885 97 936 esta
113 875 221 959 Spiritu
237 877 269 942 S.
284 881 428 959 intentus,
445 899 504 962 quo
520 881 618 963 inspi·
658 897 724 956 ωε,
737 899 831 962 eaque
844 879 1021 941 inconcusse
1037 879 1180 954 retinens,
1199 894 1261 940 nou

38 970 105 1022 rante
121 981 144 1024 s.
164 963 234 1025 libri
252 965 413 1046 conscripti
442 974 522 1027 sunt.
553 966 616 1028 Non
659 962 771 1042 indiget
786 964 952 1044 scripturis,
973 962 1031 1023 nisi
1052 963 1088 1024 ad
1107 963 1181 1024 alies
1210 962 1259 1023 in-

37 1045 115 1105 solum
131 1049 286 1112 auterno-de
304 1066 392 1111 seusu
412 1047 545 1126 litterali,
565 1051 615 1112 sed
658 1048 825 1109 struendas.
844 1048 946 1129 ltaque
958 1047 1042 1108 multi
1054 1063 1106 1127 per
1118 1047 1190 1108 baec
1204 1047 1260 1107 tria

36 1126 110 1188 etiam
126 1131 159 1192 de
176 1150 270 1194 sensu
288 1134 411 1213 mystico
436 1144 518 1194 certo
542 1153 616 1196 con·
659 1131 748 1192 etiam
763 1133 794 1192 in
808 1131 970 1194 solitudine
982 1129 1207 1192 sinecodicibus
1218 1131 1260 1191 ri-

36 1218 101 1272 stare
125 1225 221 1294 potest
239 1219 284 1278 vel
307 1237 342 1280 ex
360 1217 419 1279 alio
447 1216 617 1298 Scripturas
659 1224 729 1276 vunt
754 1216 813 1297 (o).
834 1236 850 1277 n
870 1215 931 1276 bno
958 1233 1025 1277 cum
1052 1234 1076 1276 s.
1105 1213 1259 1296 Scriptura

36 1292 147 1371 loco,oet
166 1319 201 1362 ex
218 1301 391 1377 traditione,
406 1303 451 1362 vel
467 1321 501 1362 ex
519 1299 618 1364 Eccle-
659 1298 759 1362 multis
777 1300 807 1360 in
831 1301 905 1362 locis
920 1299 1047 1361 obscura
1066 1299 1120 1374 sit,
1141 1307 1171 1360 et
1193 1299 1258 1360 sine

37 1378 84 1440 sire
99 1381 280 1446 delinitione.
295 1383 326 1448 Si
341 1395 439 1446 autem
460 1387 526 1470 tulis
543 1405 615 1448 sen-
656 1383 745 1443 rariis
756 1384 946 1445 adminiculis
964 1393 1043 1445 recte
1062 1383 1185 1462 intelligi
1197 1398 1256 1444 non

37 1477 73 1522 sus
88 1463 121 1526 sit
138 1469 327 1530 solummodo
357 1470 479 1532 bornuni
502 1470 615 1547 ingenii
657 1467 761 1545 possit,
781 1468 848 1530 ideo
870 1486 906 1530 ex
923 1467 1091 1546 ignorantia
1108 1469 1152 1528 vel
1172 1467 1258 1528 mali·

38 1556 129 1624 partos,
147 1553 188 1612 nil
199 1571 235 1615 ex
249 1571 285 1615 eo
301 1553 419 1634 probari
433 1561 541 1633 potest.
554 1553 614 1615 Ne·
656 1552 696 1611 tia
712 1551 868 1613 bominum
884 1553 946 1614 lieri
958 1558 1067 1634 potest,
1082 1559 1114 1613 ut
1127 1569 1162 1612 en
1176 1551 1256 1612 illius

38 1645 80 1706 que
99 1633 279 1713 opinandum
300 1648 345 1698 est
363 1639 392 1698 in
413 1637 518 1718 quovis
531 1635 614 1701 Scri·
656 1635 782 1698 lectione
798 1637 863 1718 plus
875 1635 1059 1712 detrimenti,
1072 1654 1161 1717 qnam
1175 1651 1255 1697 cmo-

38 1720 118 1788 ptmae
129 1735 154 1779 s,
169 1729 249 1782 textu
265 1729 381 1802 praeter
392 1740 511 1782 sensum
532 1723 614 1786 litte·
654 1718 779 1781 lumenti
798 1721 946 1802 capiatur.
967 1719 1111 1800 Princeps
1128 1720 1187 1780 iam
1213 1718 1256 1781 Α·

37 1797 201 1864 rolemetiam
211 1805 367 1884 mysticum
375 1807 453 1868 conti
460 1807 616 1870 neritlon·
653 1804 836 1882 ‘postolorum
851 1805 892 1871 ,de
906 1812 967 1866 tam
982 1805 1159 1884 pestiferos.
1177 1799 1256 1865 Scri-

37 1884 135 1944 trarium
158 1887 215 1968 ipsi
235 1887 409 1951 SSsPotres
430 1889 548 1953 docent.
565 1888 614 1953 Sic
654 1896 758 1966 pturae
777 1888 871 1950 abusu
891 1888 1071 1950 lamentatus
1086 1897 1141 1948 est:
1162 1887 1199 1948 de
1217 1887 1256 1948 E-

38 1979 71 2024 et·
88 1985 126 2042 gr.
142 1969 171 2034 S.
191 1975 377 2052 Augustinus
395 1973 442 2053 (t)
465 1975 524 2036 uit:
551 1975 612 2036 rln
655 1971 770 2050 pistolis
782 1974 861 2037 enim
882 1971 1015 2035 Pauliuis
1034 1971 1117 2033 dicit:
1133 1971 1170 2034 lm
1184 1973 1254 2050 prti-

37 2048 187 2143 qoilusdam
205 2058 281 2120 locis
307 2059 388 2120 sotus
406 2076 511 2122 seusus
529 2059 611 2122 litte·
653 2057 705 2118 tos
717 2050 787 2120 sunt
799 2058 940 2137 eumdem
952 2056 1252 2135 difficiliointellectn,

37 2131 91 2192 rrlrs
106 2141 292 2217 quaerendus
314 2151 369 2204 est.
393 2161 409 2202 n
429 2141 465 2204 Et
482 2140 513 2204 S.
538 2143 612 2224 Epi·
654 2153 728 2218 ptrue
752 2143 864 2205 indocti
884 2150 911 2204 ct
925 2140 1074 2204 instabiles
1091 2141 1255 2221 depromet

38 2213 141 2290 planius
163 2226 210 2304 (3)
235 2227 354 2306 inquire
388 2225 487 2288 «Non
511 2229 613 2290 omnio
653 2225 692 2291 od
711 2243 796 2288 sunm
814 2227 947 2306 ipsorum
972 2225 1170 2304 perditionem
1192 2225 1251 2306 (t).
1296 2217 1306 2232 ‘

38 2300 106 2361 verbu
121 2306 217 2370 divina
234 2328 309 2390 opos
329 2311 439 2371 liabent
456 2312 610 2388 allegoria,
652 2307 757 2386 Negari
777 2326 847 2390 ergo
866 2329 924 2372 non
939 2317 1035 2391 potest
1050 2309 1209 2370 lectionem
1225 2327 1251 2370 s.

38 2384 155 2464 sedprout
165 2411 196 2454 se
207 2393 496 2474 babentaccipienda
507 2405 611 2458 sunt.»
652 2389 924 2473 Scripturoe,·licet
942 2395 972 2454 in
991 2411 1022 2454 se
1049 2392 1251 2471 utilissimam,

38 2496 66 2508 -
80 2469 110 2530 llt
126 2476 190 2554 quis
207 2479 267 2538 iem
296 2497 402 2540 sensus
420 2480 560 2560 mysticus
577 2499 612 2541 ex
654 2487 752 2538 tamen
771 2479 900 2540 indoctis
913 2486 942 2540 et
958 2477 1160 2552 instabilibus,
1180 2477 1202 2539 i.
1223 2496 1250 2540 e.

38 2550 126 2641 urhis:
141 2561 206 2622 Non
224 2563 342 2642 furtum
360 2562 450 2642 socies
469 2572 541 2637 etc„
562 2565 612 2626 di·
653 2561 682 2622 ln
701 2562 758 2624 ilde
773 2580 833 2624 non
851 2572 896 2624 sat
919 2561 1035 2640 firmis,
1053 2561 1253 2641 perniciosam

37 2629 90 2710 itte
105 2641 262 2708 Dominum
283 2647 374 2710 mrim
389 2656 474 2710 trium
492 2647 569 2709 etc‘l
652 2647 714 2707 lieri
734 2665 832 2725 posse.
854 2647 974 2709 Cautela
989 2664 1059 2724 ergo
1073 2664 1147 2725 opus
1165 2647 1253 2707 estin

67 2717 91 2779 i.
103 2723 122 2784 t
136 2745 222 2789 sensu
241 2731 361 2810 mystico
380 2749 500 2812 prorsus
513 2731 611 2794 dittert
652 2729 702 2790 illa
721 2730 981 2805 commendanda,
1000 2730 1044 2790 vel
1072 2729 1160 2790 etiam
1181 2747 1251 2808 per·

37 2813 288 2900 mmmmodetilius,
309 2831 435 2894 quoea,
456 2835 533 2896 quae
558 2817 609 2879 lit·
652 2814 806 2875 mittendo.
822 2811 1183 2894 Sapientissimeigiturin
1199 2829 1253 2874 cc-

38 2887 100 2948 tamlr
114 2903 161 2956 aut
180 2897 302 2976 mystico
320 2917 409 2960 sensu
437 2901 495 2960 elio
520 2919 610 2961 occa·
652 2897 741 2958 etesia
757 2898 902 2959 catholica
922 2898 1000 2958 circa
1018 2912 1207 2958 conrmnnem
1223 2915 1249 2957 s.

37 2977 612 3064 Smneinscripturadiconmr,perquan·
651 2979 821 3062 Scripturae
840 2982 996 3044 lectionem
1013 2979 1123 3041 limites
1136 2979 1252 3040 consti-

36 3045 298 3149 ltu'extensionern
325 3075 355 3128 et
382 3069 610 3129 similitudinem
653 3067 707 3127 tuti
723 3076 803 3128 sunt.
825 3065 935 3144 Regula
953 3065 1032 3126 enirn
1049 3073 1154 3144 quarte
1170 3062 1251 3124 indi·

37 3133 258 3222 tdnquuidatind
271 3151 612 3230 applicanturdiiosen·
651 3150 706 3225 cis,
728 3149 811 3212 aPio
831 3149 867 3214 tv
884 3151 968 3223 editi,
987 3148 1030 3209 itu
1052 3155 1154 3209 sonet:
1175 3147 1252 3210 Germ

37 3230 73 3278 sos
87 3231 158 3290 nullo
175 3233 262 3294 modo
276 3254 293 3294 a
307 3233 419 3314 Spiritu
432 3234 462 3298 S.
479 3237 612 3297 intentus
651 3235 849 3314 experimento
863 3234 1054 3310 manifestem
1078 3232 1134 3307 sit,
1154 3230 1182 3294 si
1198 3249 1252 3294 so·

37 3310 69 3361 est
80 3316 104 3369 et
120 3314 189 3378 nibil
206 3336 244 3379 ex
255 3337 290 3380 eo
305 3320 425 3400 probari
440 3330 538 3402 potest
547 3321 608 3402 (d).
651 3335 703 3381 cro
720 3319 818 3386 erem
833 3319 956 3399 *eulpa-m·
970 3318 1076 3397 limpor
1087 3316 1197 3396 possim
1209 3316 1260 3379 si*

491 3433 498 3458 t
574 3435 575 3438 =
651 3418 689 3464 ne
704 3403 875 3466 discrimine
882 3402 1106 3482 permitteretur,
1120 3401 1189 3480 ples
1204 3397 1252 3462 ire-

651 3487 686 3548 de
702 3489 737 3550 ol
760 3488 913 3550 bominem
940 3487 1132 3548 temeritatem
1156 3485 1252 3548 detri-

112 3550 146 3600 ¹¹¹·
160 3555 193 3604 ⁰⁰
208 3559 232 3604 ⁸·
247 3559 383 3618 seriptum
397 3561 508 3609 ¹²⁰¹¹⁰¹²⁹·
651 3573 754 3648 menti,
771 3589 859 3650 prtum
876 3571 1015 3634 utilitatis
1031 3569 1109 3633 oriri
1116 3592 1129 3643 ;
1145 3571 1200 3634 bre
1211 3572 1252 3633 ire
1288 3645 1297 3660 ,

47 3633 274 3738 ‚ternplum
289 3654 452 3717 lectionem
473 3654 503 3717 in
523 3671 554 3718 se
571 3673 610 3719 u·
647 3665 734 3735 porte
755 3656 864 3718 indicio
881 3655 1031 3734 Episcopi,
1048 3661 1100 3717 out
1117 3654 1261 3733 repom:

38 3719 175 3794 trlrssrnorn
191 3737 374 3800 acomnilsus
392 3741 610 3803 commendem·
652 3741 725 3802 toris
741 3748 846 3818 stetur,
865 3749 899 3803 nt
926 3755 993 3802 rum
1014 3739 1135 3800 coemtio
1152 3740 1250 3800 Poro-

36 3799 85 3866 dmr
101 3831 172 3894 osse,
193 3839 227 3882 ex
242 3822 329 3884 dictis
344 3833 436 3904 patet.
454 3859 496 3871 -
510 3824 611 3886 Nullo·
650 3824 708 3899 cti,
727 3825 772 3886 vel
792 3824 975 3904 confessarii
986 3824 1151 3886 Bibliormn
1169 3823 1259 3882 (ιαμ

36 3889 103 3954 tenos
116 3908 213 3991 'turrren
235 3907 293 3967 dici
323 3917 441 3988 potest,
465 3927 530 3970 oum
554 3927 609 3970 ne·
651 3909 763 3971 tlolieis
781 3909 950 3971 electoribus
970 3923 1121 3970 remorum
1150 3905 1249 3965 tractioh

36 3984 166 4066 testarum
184 4007 250 4050 esse
269 3990 305 4052 ad
334 3993 474 4069 sulutem3
493 3993 608 4054 nullum
649 4011 715 4054 ment
726 3993 844 4072 erllpori
853 3993 957 4072 lirrprm
967 3993 1009 4054 eie
1020 3989 1171 4054 concedere
1179 4003 1249 4064 posu

37 4067 98 4123 enirn
112 4073 267 4150 scripturas
285 4077 399 4152 tegendi
416 4084 608 4158 praeceptum
649 4078 721 4152 sint,
735 4093 806 4154 octos
819 4069 1262 4151 iuteltceerim,eebrriusmedi·

47 4153 81 4254 (¹¹¹¹
95 4160 152 4234 iiim.
168 4171 182 4216 t
198 4173 221 4218 lu
243 4173 326 4222 broch.
346 4173 380 4221 cl.
401 4179 422 4220 S.
444 4175 609 4233 litoronpmum
689 4175 711 4233 ll
727 4175 760 4221 (li¹
773 4177 930 4222 blebermouu
946 4177 961 4221 l.
977 4185 998 4220 c.
1013 4167 1104 4220 attin.

35 4217 46 4252 ¹
64 4215 83 4300 ,¹¹
98 4219 171 4272 bret-b.
188 4236 341 4289 trigrrstinum
356 4236 386 4282 de
401 4235 476 4282 doctr.
490 4233 542 4280 chr.
689 4240 711 4285 'ol
727 4236 790 4281 itum.
810 4239 842 4292 ltt,
859 4236 891 4288 tl.

58 4275 84 4356 bl
97 4281 178 4337 Quaen.
189 4291 262 4350 esup.
272 4293 330 4341 oen.
679 4297 710 4352 ml
729 4296 760 4341 ne
775 4296 850 4341 noco.
866 4295 947 4340 eninr.
963 4294 978 4338 r.
993 4290 1015 4349 r,
1028 4301 1049 4335 c.
1064 4287 1102 4339 m.

58 4331 82 4384 ὼ)
92 4337 205 4396 tenni,
216 4352 252 4398 m.
679 4355 711 4401 m
726 4355 746 4400 n
761 4355 821 4401 retr.
836 4355 859 4402 s.
874 4354 911 4399 ro.

241 3460 271 3530 p
297 3465 371 3514 nse.
