2934 4736
241 155 302 220 318
638 171 824 218 menineris
840 170 1003 216 sumamus

193 253 317 316 scribit:
340 274 356 315 a
381 252 444 316 lloc
471 252 600 316 aderunt
625 249 797 333 Scripturas
835 260 940 312 auctor
957 249 1082 328 hahuit,
1100 250 1189 332 longe
1216 271 1282 318 esse
1310 251 1462 330 luerun-¹

193 346 326 414 sanctae,
345 346 379 399 ut
391 338 427 400 ad
447 337 541 400 hones
559 337 692 398 actiones
711 343 741 398 et
758 337 795 398 ad
835 332 919 412 dior,
937 333 1041 416 sieque
1060 336 1091 399 in
1109 356 1135 398 s.
1162 338 1268 400 litteris
1285 343 1441 404 contineri

191 438 298 502 puram
310 418 591 502 contemplationem
608 439 662 482 nos
674 438 795 500 compo·
833 437 950 496 sensus,
969 437 1058 501 quem
1074 421 1203 502 scriptor
1216 440 1302 484 sacer
1313 443 1381 488 non
1394 446 1442 488 co-

192 513 277 568 nant:
296 506 327 568 in
345 505 391 568 eis
409 524 539 587 namque
557 504 792 568 cohortationem
831 503 944 580 guerit,
966 521 1023 566 nec
1039 505 1206 586 exprimere
1226 505 1375 572 intendit.
1400 547 1444 558 —

190 589 228 650 ad
244 607 364 652 omnem
382 589 520 652 uirtutem
541 598 571 652 et
587 588 625 651 ah
638 589 726 650 omni
746 588 793 648 ni·
831 584 894 649 huc
912 606 1022 665 negare
1045 591 1127 651 nullo
1154 589 1242 652 modo
1264 591 1337 654 licet
1359 593 1393 656 in
1413 616 1436 658 s.
1461 647 1462 662 .

188 673 454 737 tiodissuasionem
468 673 601 736 inuenire
613 683 658 736 est
670 672 730 754 (l).
741 669 792 734 Si·
829 671 976 752 scriptura
989 691 1110 735 sensum
1123 675 1276 756 mysticum
1291 677 1439 742 contine-

189 758 303 820 militer
318 757 369 820 alii
391 757 493 820 Patres
515 766 544 818 et
566 757 703 820 doctores
724 775 792 819 ma·
830 756 867 816 ri.
893 755 1026 820 Christus
1051 757 1132 819 enim
1152 759 1215 839 ipse
1242 768 1271 822 ct
1296 761 1439 842 Apostoli
1461 841 1462 844 Ἴ

188 841 432 920 guilicentissime
444 841 481 904 de
492 861 532 904 ss.
545 839 650 903 llihliis
665 843 792 920 loquun·
830 839 1077 922 interpretatione
1108 843 1229 923 mystica
1256 845 1305 906 usi
1335 856 1435 925 sunt,

190 935 256 1001 tur,
275 925 500 1007 eorundemque
519 943 605 988 usum
634 943 790 988 commen·
829 922 968 1006 huncque
976 943 1095 988 sensnm
1108 927 1271 990 adhibuere
1286 937 1436 1012 tanquam
1461 993 1462 1000 ,

188 1010 331 1092 dantlh).
828 1027 948 1071 sensum
968 1028 986 1070 a
1003 1007 1115 1090 Spiritu
1139 1008 1170 1072 S.
1194 1011 1361 1076 intentum.
1387 1014 1435 1078 Sic
1461 1053 1462 1062 κ

827 1091 963 1156 Christus
981 1112 1048 1156 cum
1077 1093 1238 1158 Nicodemo
1257 1097 1295 1158 de
1318 1117 1380 1161 sna
1404 1101 1434 1162 in

423 1135 454 1206 ς’
479 1139 554 1258 ,Μ’
827 1196 915 1240 cruce
937 1179 1115 1240 exaltatione
1133 1180 1269 1260 loquens,
1288 1201 1361 1244 eam
1383 1203 1436 1265 per
1461 1245 1462 1250 ,

311 1243 339 1292 ¹¹·
353 1241 387 1291 ⁰⁰
400 1245 422 1290 ⁸·
436 1247 571 1304 ⁸⁶¹¹⁹¹¹¹fl⁶
586 1259 665 1296 '‘¹¹⁸⁰-
827 1271 995 1342 serpentem
1011 1261 1139 1344 alduyse
1158 1273 1287 1326 erectum
1315 1270 1434 1349 praeh-

242 1347 272 1409 l.
299 1346 411 1427 Duplex
429 1365 454 1410 s.
473 1344 644 1429 Scripturae
663 1367 787 1424 sensus,
825 1357 961 1422 guratam
989 1346 1081 1408 luisse
1105 1349 1231 1410 affirmat
1257 1350 1318 1428 (3).
1347 1351 1434 1414 Alihi

187 1430 325 1494 litterulis
341 1440 371 1492 et
384 1432 522 1511 mysticent
539 1451 556 1492 a
576 1431 720 1512 theologis
737 1452 788 1496 se·
827 1430 1072 1491 resurrectionem
1091 1450 1175 1492 suam
1200 1433 1230 1492 iu
1253 1431 1327 1496 lona
1355 1455 1433 1516 pro-

189 1515 332 1576 cernitur.
352 1515 502 1579 Littcrult'e
531 1525 575 1576 est
596 1516 669 1591 ille,
698 1535 786 1595 quem
827 1515 915 1591 pheta
936 1515 1089 1593 figuratam
1111 1517 1372 1598 esseasserit(l).
1391 1556 1434 1568 -
1461 1581 1462 1586 ,

186 1598 277 1660 verba
294 1599 355 1660 sive
373 1601 505 1680 proprie,
522 1599 582 1660 siue
605 1600 788 1680 metaphori·
827 1597 953 1660 loannes
980 1618 1007 1660 c.
1028 1597 1091 1660 Xlll
1114 1599 1144 1660 in
1170 1599 1284 1662 Christo
1303 1601 1433 1683 impleta
1461 1669 1462 1676 χ

187 1682 788 1765 ceacceptaiuuuediatesignihcauqutp-
825 1682 917 1760 luisse
933 1683 987 1757 ait,
1002 1702 1079 1763 quae
1091 1684 1138 1764 (5)
1153 1683 1189 1745 de
1205 1704 1280 1761 agno
1293 1689 1431 1766 paschali

186 1768 276 1831 sticus
293 1776 338 1829 est
359 1768 409 1830 ille
427 1768 479 1849 qui
498 1787 558 1830 nou
577 1768 675 1831 verbis
700 1769 785 1849 ipsis,
826 1767 985 1828 dicuntur:
1007 1767 1046 1830 Os
1072 1786 1134 1830 raon
1157 1770 1369 1832 terrentianello
1393 1792 1432 1836 ea
1461 1783 1462 1852 J

186 1852 237 1913 sed
257 1851 346 1913 nehus
364 1869 418 1933 per
434 1852 525 1914 verba
542 1851 716 1930 significatis
737 1853 787 1914 in·
826 1867 869 1912 eo.
886 1850 917 1911 ln
936 1850 1144 1932 Apostolorum
1164 1853 1281 1932 scriptis
1301 1856 1345 1915 nil
1368 1857 1430 1918 lue·
1461 1869 1462 1908 t

187 1935 325 2012 dicatur;
344 1945 374 1998 et
392 1936 439 1996 hic
459 1937 564 2016 triplex
582 1935 785 2014 distinguitur,
826 1936 966 2014 queutlus
991 1935 1138 2012 occurrit,
1165 1956 1252 2016 quum
1276 1937 1430 2003 eiusmodi
1461 1947 1462 2022 l

186 2019 327 2081 nimirum
346 2021 558 2101 tropolopt'cus,
579 2021 785 2095 scommatis,
827 2020 966 2098 mysticae
983 2021 1206 2101 explicationes.
1227 2018 1275 2082 Sic
1295 2041 1325 2084 c.
1349 2043 1398 2101 gr.
1418 2025 1430 2087 1
1461 2039 1462 2044 ’

186 2104 237 2184 qui
256 2113 301 2164 est
316 2103 358 2164 rei
373 2105 408 2166 ad
425 2123 539 2165 morum
559 2103 784 2166 instructionem
825 2101 891 2164 Cor.
909 2102 957 2176 tx,
977 2105 996 2166 11
1012 2105 1041 2164 iu
1062 2123 1150 2166 seusu
1172 2107 1358 2186 tropologico
1375 2129 1429 2172 seu

186 2188 362 2266 significatio
375 2188 525 2268 peraliam
538 2205 600 2250 rem
616 2185 786 2268 Scripturae
826 2187 929 2248 morali
941 2187 1125 2266 explicantur
1136 2189 1222 2250 recha
1232 2189 1318 2252 Deut.
1336 2191 1426 2255 XXV:

186 2271 284 2333 verhis
301 2272 473 2333 immediate
491 2272 698 2347 siqnilicatam3
711 2274 785 2335 olle·
824 2273 891 2332 Nou
904 2273 1040 2352 ollipohis
1052 2291 1085 2335 os
1096 2273 1161 2335 hcct'
1175 2273 1348 2336 triturenti.
1364 2277 1428 2340 lino
1461 2325 1462 2328 ,

185 2355 315 2434 purletia,
332 2355 383 2436 qui
402 2373 463 2430 res,
484 2355 559 2416 lucta
581 2365 611 2417 et
629 2355 707 2417 dictu
732 2377 784 2420 ue·
825 2353 935 2416 Paulus
949 2357 1033 2435 quasi
1053 2359 1197 2419 rationem
1216 2357 1303 2418 huius
1319 2364 1428 2440 mysti·
1461 2371 1462 2382 *

185 2439 257 2500 teris
277 2440 444 2502 testamenti
463 2439 499 2501 ad
518 2438 665 2502 Christum
685 2450 714 2502 et
732 2451 784 2502 cc·
816 2458 875 2500 -cae
895 2441 1099 2519 explicationis
1112 2441 1218 2512 reddit,
1238 2460 1305 2502 cum
1320 2444 1359 2504 rle
1379 2467 1430 2507 ue·

171 2523 306 2585 'clesiam
331 2522 443 2598 relert3
462 2533 492 2585 et
506 2525 711 2604 nrtcpoplcua,
732 2525 783 2605 qui
824 2524 878 2584 teri
899 2523 1087 2585 Testameuto
1100 2527 1224 2604 loquens
1238 2525 1291 2586 ait:
1315 2527 1428 2593 Ornru'c
1461 2539 1462 2598 ζ

186 2625 240 2683 ea,
261 2607 384 2688 quaein
407 2605 462 2668 hac
480 2608 539 2668 vita
563 2618 707 2686 geruntur
734 2618 786 2670 aut
822 2608 854 2667 t'u
868 2609 975 2688 fipttrt's
992 2609 1195 2691 cotttt'uqchnut
1213 2611 1273 2672 illis
1290 2610 1352 2690 (u).
1374 2614 1429 2676 h'e·
1461 2631 1462 2690 3

185 2691 437 2768 dicuntur‚relert
455 2692 631 2753 adlaturam
647 2703 675 2754 et
690 2699 785 2754 aeter·
823 2711 881 2770 que
898 2692 955 2753 dici
977 2701 1090 2770 potest,
1114 2691 1262 2754 tilrristum
1281 2703 1313 2756 et
1339 2696 1427 2777 Apo·
1461 2753 1462 2774 ἶ

184 2793 252 2837 nam
275 2775 378 2836 uitam.
397 2772 507 2837 Omnes
533 2776 580 2836 isti
600 2795 705 2837 sensus
724 2797 783 2838 uua
822 2777 913 2836 stolus
933 2777 1191 2838 acoonunotatitio
1215 2779 1312 2838 solum
1334 2783 1426 2843 ruodo

185 2877 252 2921 cum
273 2859 392 2920 litterali
411 2859 547 2941 sequenti
564 2861 709 2922 versiculo
730 2880 782 2922 ex·
822 2861 912 2920 elium
926 2860 1089 2940 scripturae
1102 2879 1221 2922 sensum
1239 2864 1424 2944 applicasse;

185 2942 271 3024 primi
284 2945 392 3006 solent:
822 2963 889 3004 num
909 2945 996 3006 uerha
1015 2945 1179 3024 scripturae
1197 2945 1336 3008 insensu
1358 2967 1426 3029 my·
1461 2943 1462 2964 ³

226 3027 341 3090 Littera
360 3033 443 3106 geste
460 3026 565 3102 docet,
585 3026 655 3108 quid
679 3027 782 3088 credas
821 3029 894 3090 stico
914 3029 949 3088 ml
970 3047 1030 3090 rem
1056 3047 1140 3090 suram
1167 3043 1270 3090 contra
1295 3030 1425 3096 ludaeos
1461 3109 1462 3112 Ἴ

185 3109 346 3190 allocucio,
371 3111 581 3192 moralisquid
613 3129 703 3190 agas,
722 3131 781 3192 quo
822 3112 1001 3190 probandam
1018 3113 1156 3184 citarent,
1175 3123 1204 3173 et
1218 3113 1425 3190 hvarrgelistne
1461 3117 1462 3124 ’

183 3196 289 3256 tendas
305 3195 462 3275 ouupoqia.
821 3195 928 3274 passim
948 3197 1061 3258 dicunt:
1078 3197 1111 3258 ht
1123 3197 1425 3278 articulorumque

225 3278 256 3339 2.
277 3277 377 3358 Neque
400 3277 512 3358 aliquirl
530 3277 654 3340 absurdi
672 3297 781 3340 occrrr-
820 3281 931 3343 dt'clrmt
944 3290 984 3342 cet
999 3281 1296 3360 perprophctumll),
1313 3285 1354 3342 uel
1365 3287 1423 3363 sit·

182 3359 233 3436 rit,
253 3361 322 3431 dum
342 3362 439 3424 uarius
458 3365 485 3421 in
505 3381 530 3422 s.
551 3361 701 3442 Scriptura
714 3383 781 3424 sen·
819 3373 864 3426 ctu
881 3374 949 3426 suut
962 3365 1041 3436 hoec,
1061 3373 1093 3426 ut
1110 3365 1260 3442 sculpture
1274 3367 1422 3445 udhuplc-
1461 3421 1462 3426 ,

182 3462 233 3504 sus
251 3445 424 3506 adstruitur.
440 3445 552 3526 Duplex
570 3447 648 3508 enim
671 3447 779 3507 distin-
819 3457 905 3510 rctrrr
924 3449 986 3526 (8).
1012 3447 1080 3508 hleo
1101 3449 1255 3528 mysticum
1274 3463 1420 3528 sensum,

181 3527 317 3603 gueudus
335 3539 379 3589 est
408 3529 621 3609 ¹scripturarum
652 3542 778 3608 auctor,
820 3541 959 3612 tanlquam
973 3551 988 3592 a
1000 3530 1110 3612 Spiritu
1123 3530 1154 3594 S.
1170 3533 1330 3608 intentum,
1341 3554 1422 3596 sem·

182 3609 272 3673 homo
290 3611 436 3687 scribens,
456 3622 485 3674 et
505 3613 583 3675 Deus
609 3615 777 3694 iuspimmm
821 3635 872 3694 per
885 3616 1001 3693 agitarit
1020 3616 1163 3690 Ecclesia,
1177 3617 1287 3696 illoque
1306 3627 1351 3680 sut
1363 3621 1422 3681 he·

182 3713 287 3758 seusus
308 3697 398 3775 igitur
418 3697 581 3776 scripturae
598 3701 780 3779 compositus
818 3709 944 3780 ‹quieirter
958 3697 1008 3761 SS.
1026 3699 1126 3762 Peuces
1141 3701 1185 3761 usi
1198 3711 1278 3761 sunu.
1298 3701 1420 3778 Egregie

182 3789 238 3856 esl;
255 3780 307 3842 hei
318 3780 397 3842 cuitu
410 3799 528 3842 sensum
542 3783 673 3844 cuutiuet
687 3792 715 3844 et
728 3802 779 3842 au-
819 3784 850 3847 S.
873 3785 1034 3863 Grepnrtm
1049 3785 1090 3848 M.
1102 3785 1183 3846 llicit:
1203 3803 1218 3844 u
1236 3782 1266 3844 S.
1281 3783 1420 3866 Scriptu⁴

181 3865 281 3926 eloris.
299 3862 409 3926 Sensus
429 3864 585 3926 scrih'eutis
603 3885 660 3927 uon
684 3876 778 3944 potest
820 3887 849 3927 ra
868 3878 913 3929 est
926 3869 1263 3949 lihersuuiptusintuset
1275 3869 1416 3949 loristll).

182 3950 281 4010 sensui
294 3949 393 4010 divino
406 3949 618 4022 contremiscam
628 3959 777 4027 potestte·
792 4005 795 4012 ,
819 3951 868 4013 Est
884 3962 981 4013 alitem
1001 3954 1079 4013 intus
1096 3953 1224 4032 scriptus
1239 3972 1292 4032 per·
1310 3955 1421 4028 altopo-

182 4031 676 4113 meusericuslleiinspirantisilli,
689 4053 777 4115 quem
817 4037 905 4113 ristun,
923 4035 995 4098 luris
1013 4056 1065 4118 per
1083 4038 1248 4114 historieuq
1270 4038 1352 4100 initus
1367 4057 1421 4120 per
1461 4065 1462 4120 g

225 4186 244 4234 ll
260 4190 291 4235 lle
306 4190 346 4236 llil.
362 4189 455 4237 orthod.
470 4203 490 4236 c.
510 4189 543 4236 17.
731 4185 733 4188 ’
847 4193 880 4248 (3)
896 4193 935 4239 Et.
954 4193 987 4241 12.
1135 4195 1165 4254 (dl
1181 4171 1189 4240 l
1204 4197 1255 4240 Cor.
1277 4196 1309 4252 lh,
1327 4195 1360 4246 ΙΙ.

222 4245 244 4302 2)
261 4247 283 4308 ll.
299 4249 403 4297 schanan
418 4251 473 4298 hlor.
486 4249 620 4307 ululatui,
635 4247 648 4308 1
668 4249 719 4297 2111.
845 4252 879 4312 l⁷l
896 4255 967 4300 unuh
990 4251 1012 4310 2,
1032 4251 1066 4302 lh.
1134 4257 1164 4316 (ὅ)
1179 4258 1210 4303 le.
1230 4255 1263 4315 tt,
1283 4255 1317 4302 te.
1461 4263 1462 4270 ¹

223 4303 244 4362 ὅ)
259 4305 323 4351 lud.
499 4312 528 4368 lit
545 4309 623 4357 hlulth.
639 4309 670 4356 tt.
849 4313 878 4368 llll
895 4315 966 4369 apoc.
982 4315 1004 4374 ὅ,
1024 4313 1041 4363 Ι,
