2934 4736
398 241 472 290 raas
489 244 522 290 u.
540 245 642 293 suerro
659 247 692 294 11.
712 247 806 296 cneus
824 246 855 290 v.
1150 223 1213 290 illd

34 316 153 382 nemoris
181 315 337 384 obliterata
360 325 426 396 est,
452 337 488 384 eo
517 321 611 400 inagis
653 329 726 386 teste
749 323 798 404 (2)
823 322 983 390 tremores
1012 317 1049 386 oh
1074 314 1194 388 ltere
1216 313 1254 384 do

34 403 118 484 mpii,
133 401 249 468 tabulae
271 403 406 483 salsaque
427 403 550 470 dicteria
565 406 612 470 io·
652 407 762 488 popolo
781 405 899 472 iudaieo
918 405 1011 468 multu
1029 400 1161 481 scripsit.
1182 400 1255 466 hiae

35 489 174 552 evaluerunt.
199 484 352 586 Sirpialer
375 485 506 554 Gentiles
522 497 613 554 enata
652 501 681 552 et
698 491 865 558 Menander
889 487 1042 552 historiam
1076 483 1254 552 Phoeniciae

36 579 68 632 est
80 571 248 652 mythologie
263 583 322 636 non
341 589 377 632 ex
391 571 544 650 religionis
558 593 612 636 na·
652 574 862 649 elaborarunt3
882 572 1022 638 Nicotaus
1043 570 1253 644 manemus,

36 664 100 734 turn,
114 654 163 718 sed
181 673 216 718 es
232 673 320 720 rerae
337 653 536 721 deselationis
554 676 610 724 ne·
652 659 772 739 saepius
787 657 926 726 silatuso
943 653 1069 735 losepho
1082 651 1196 728 Florio,
1217 651 1255 716 do

35 739 160 815 glenon-
177 738 210 804 :e
224 737 378 816 Religione
392 755 463 802 vero
483 741 611 822 patriar·
653 742 839 823 temporibus
856 739 990 821 Pompeii
1006 736 1136 817 scripsih
1152 735 1254 802 Ptolo·

35 823 93 884 ciali
118 832 146 888 et
173 824 305 888 moseiea
332 823 448 904 mythos
471 823 502 888 in
521 843 612 890 sensu
652 844 754 893 merus
767 826 936 894 Mertdeeios
951 821 1106 892 historiam
1123 827 1184 882 tum
1199 838 1255 900 po-

34 903 149 970 Straussii
167 907 311 984 adfuisse,
331 909 413 970 nullo
434 907 521 974 modo
540 928 611 990 pro·
654 911 716 992 puli
732 911 792 986 sui,
809 919 872 974 tom
891 908 1018 974 llerotlis
1037 904 1145 970 litteris
1167 921 1255 966 meo-

35 988 83 1050 hari
97 999 196 1070 potest.
216 990 338 1056 Constet
361 992 471 1071 potios,
491 991 612 1058 Israeli·
653 995 734 1058 darit
745 995 805 1074 (3).
835 993 868 1060 lo
897 993 996 1060 aredio
1017 997 1058 1054 tot
1077 987 1255 1069 scriptorum

36 1081 71 1132 tas
86 1074 112 1136 ia
138 1075 185 1150 iis,
205 1093 284 1156 quae
313 1075 343 1138 in
367 1075 452 1140 libris
479 1075 612 1158 ipsorum
655 1079 865 1142 historicorum
878 1075 1082 1155 Evangelistae
1100 1071 1254 1140 historiam

35 1157 109 1218 saeris
127 1167 245 1223 narrata
264 1160 424 1238 legantur,
444 1179 513 1224 reru
531 1179 613 1224 sem·
654 1162 720 1228 Iesu
736 1162 844 1228 Christi
856 1161 1058 1234 elaborarunt;
1079 1175 1178 1220 nonne
1193 1175 1257 1218 ma·

36 1241 147 1318 perlaeta
157 1243 323 1320 agnovisse:
333 1244 405 1318 imo,
416 1243 483 1308 lieet
494 1246 614 1326 saepius
653 1247 733 1312 xime
748 1246 909 1311 absurdum
923 1252 980 1322 est,
994 1244 1053 1308 tale
1067 1249 1183 1322 tempus
1196 1259 1257 1320 my·

37 1322 111 1386 alteo
122 1326 296 1402 defecerint,
308 1337 337 1388 et
358 1328 393 1390 ad
413 1327 612 1392 idololatriam
655 1332 767 1394 thiemo
781 1339 811 1394 et
825 1350 842 1394 e
856 1329 944 1410 genio
964 1327 1106 1392 historico
1123 1325 1255 1390 alienum

39 1405 202 1487 deflexerint,
223 1430 377 1492 nunquam
396 1420 496 1474 tamen
515 1431 549 1474 eo
567 1422 614 1475 te·
654 1415 766 1490 dicere,
783 1434 816 1480 ae
835 1413 941 1478 exinde
959 1431 1013 1494 pro
1030 1409 1256 1486 Evangeliorum

40 1492 157 1555 meritatis
175 1504 334 1571 venerunt,
349 1496 548 1558 alteritatem
565 1497 614 1558 hi·
647 1499 841 1580 expositione
860 1516 1006 1562 canonem
1027 1493 1248 1576 peteret--

41 1576 150 1638 storioana
171 1578 315 1641 librorum
344 1597 494 1642 sacrorum
521 1599 614 1658 nepa·
696 1582 740 1646 Ad
760 1584 791 1644 l.
808 1581 925 1646 ludaeis
939 1580 1063 1645 omnino
1081 1593 1256 1660 persuasum

40 1666 105 1734 renat,
122 1681 194 1741 quos
212 1681 333 1744 semper
354 1663 384 1726 in
410 1664 538 1726 marimo
559 1665 614 1726 ho·
655 1663 1259 1747 erastlessiampromissum,praetigura-

41 1757 93 1833 nore
109 1744 287 1824 hahuerunt,
299 1756 398 1810 etnon
418 1747 544 1829 mythice
563 1747 614 1812 sed
656 1760 717 1812 tuen
737 1760 765 1814 et
781 1750 1022 1832 praenuntiatam
1040 1747 1144 1822 luisse3
1158 1754 1188 1808 et
1203 1743 1260 1808 uti·

43 1822 180 1892 litteraliter
195 1841 459 1911 exposuerunt-
469 1832 614 1914 Equidem
657 1855 724 1897 roam
735 1835 960 1916 promissiones,
972 1831 1081 1910 ligures
1093 1839 1121 1891 et
1133 1828 1260 1910 prophe·

43 1904 63 1965 iu
76 1907 104 1970 l.
117 1911 162 1988 h,
182 1915 213 1976 in
232 1934 292 1996 quo
307 1915 428 1978 Messias
447 1916 545 1978 adhue
563 1937 616 1979 er·
658 1920 714 1982 lias
731 1920 786 1982 rite
808 1918 1016 1991 attendissent,
1038 1914 1151 1995 absque
1167 1912 1259 1975 dubio

44 1995 213 2074 spectabatur,
227 2000 328 2062 omnin
340 2000 368 2062 in
388 2001 489 2079 figuris
501 2001 618 2064 eontin-
657 1995 1260 2075 Christumceurerumhlessiomagaoris·

43 2073 127 2149 rebant
143 2081 212 2143 illis.
234 2080 291 2146 Sed
309 2085 421 2162 figurae
445 2084 542 2161 istae,
563 2105 617 2148 seu
658 2089 734 2150 senll
755 2084 811 2149 Sed
836 2086 964 2148 maximo
990 2084 1049 2148 illis
1076 2079 1261 2162 temporibus

45 2159 618 2249 apilongodiscrepantemythts‚qoos
659 2171 844 2252 praeiudicio
873 2169 1069 2244 laborabant,
1101 2173 1259 2247 putantes,

45 2241 144 2332 edelmit
161 2247 293 2313 Strauss.
311 2251 438 2330 Figurae
457 2252 536 2314 enim
557 2271 619 2314 non
658 2256 794 2322 Messium
814 2274 868 2318 ceu
883 2272 981 2332 regem
997 2251 1190 2332 temporalem
1209 2266 1262 2328 po·

47 2328 148 2408 inistis,
167 2335 217 2398 sed
237 2335 268 2398 in
284 2336 362 2398 veris
377 2336 462 2398 laetis
478 2337 620 2398 eonstite·
662 2339 859 2406 lentissimum
879 2347 1036 2402 venturum
1053 2353 1130 2411 esse,
1148 2332 1200 2414 qui
1212 2333 1262 2394 de·

48 2418 106 2486 unt,
120 2416 223 2480 etideo
239 2419 270 2481 in
291 2419 349 2481 illis
370 2421 430 2482 duo
456 2439 619 2484 secernen-
661 2424 779 2488 hellatis
809 2422 951 2486 Romanis
979 2421 1104 2484 ludaeos
1139 2417 1260 2480 exaltet.

51 2489 76 2552 ia
92 2507 170 2577 sunt,
198 2504 341 2566 nimirum
360 2513 483 2568 eventus
502 2506 622 2568 realiter
660 2508 922 2572 Hancideameum
932 2505 1037 2570 Messio
1049 2502 1264 2579 coniungentes

52 2591 190 2650 praesentes
217 2596 249 2650 et
280 2587 412 2668 symbola
440 2589 621 2652 ltrturorum.
662 2595 692 2658 in
705 2592 818 2656 Christo
829 2591 932 2652 humili
945 2600 974 2652 et
985 2607 1115 2672 paupere
1126 2584 1263 2648 hiessiatu

51 2655 621 2758 FumantemhnislegisChristusluerit‚
662 2694 822 2756 agnoscere
853 2676 1065 2738 detrectarunt.
1094 2669 1153 2750 lpsi
1185 2685 1262 2761 quo-

52 2740 101 2804 ideo
114 2767 138 2810 m
151 2751 305 2834 Religione
320 2756 483 2820 christiana
502 2756 578 2822 sicut
592 2759 624 2822 fi·
663 2781 720 2842 que
732 2759 870 2841 discipuli
883 2759 934 2821 diu
946 2758 1049 2820 eadem
1059 2756 1132 2818 salsa
1145 2751 1210 2813 idea
1220 2768 1263 2810 rn-

53 2839 443 2919 tllraeeessaruntmicmulto
456 2840 625 2922 minusmy·
664 2845 732 2910 lecti
751 2853 853 2920 erant3
879 2842 947 2904 ideo
965 2841 1113 2906 Christum
1136 2835 1263 2898 interro·

54 2906 84 2968 th
98 2922 193 2982 assumi
210 2932 346 3005 possunt.
664 2937 783 3008 gerunt:
800 2929 925 3003 Oroanda
938 2927 1072 2988 restitues
1086 2936 1212 2999 reprom
1222 2917 1264 2980 ls-

82 2993 115 3057 hd
129 3001 546 3089 3.TenrporequoEvangelia
557 3023 625 3070 exa·
664 3014 727 3077 rue'l
742 3013 802 3093 (l).
816 3047 859 3058 --
872 3009 957 3082 Quod
972 3026 1038 3070 cum
1053 3021 1205 3084 nunquam
1221 3001 1264 3064 ia·

54 3086 99 3166 ¹3¹³
112 3081 243 3168 suerunt,
262 3094 339 3173 apud
367 3093 518 3156 nationem
533 3113 624 3174 prae·
664 3107 743 3160 etum
757 3097 808 3171 sit,
828 3095 885 3177 ipsi
901 3094 1032 3174 prolecto
1044 3085 1183 3168 discipuli
1195 3103 1262 3182 cum

57 3172 119 3238 thus
134 3169 276 3236 iudaicam
302 3176 421 3254 genium
450 3177 623 3240 historicum
665 3181 788 3262 reliquis
811 3179 931 3242 asseclis
949 3197 966 3242 a
983 3175 1099 3238 Christo
1121 3188 1265 3266 recesses-

57 3252 254 3336 proripuisse,
279 3261 331 3324 sed
350 3261 450 3324 omnia
470 3261 578 3342 mythis
596 3269 625 3324 et
665 3274 743 3341 sent,
763 3264 819 3325 nisi
840 3282 874 3324 ex
889 3261 955 3323 aliis
969 3255 1152 3337 argumentis
1163 3262 1265 3332 certis,

59 3324 175 3428 allegpriis
190 3343 303 3424 repleta
329 3344 440 3420 luisse,
460 3342 625 3416 Straussius
665 3350 686 3410 i.
708 3366 735 3410 e.
754 3367 789 3411 er
811 3347 881 3408 visis
901 3343 1053 3408 miraculis
1071 3341 1108 3404 de
1123 3339 1222 3403 divina
1237 3338 1266 3437 i··

57 3422 144 3513 leserit,
161 3427 207 3490 sed
226 3446 286 3492 non
302 3427 419 3509 prohat.
437 3427 624 3493 Contrarium
666 3433 748 3514 psius
762 3426 1123 3495 missioneetauotoritate
1134 3441 1266 3506 persuasa

57 3486 151 3567 hetone
167 3515 299 3576 testatur.
319 3511 399 3576 hero
417 3513 497 3576 enirn
517 3512 626 3576 Christi
666 3516 802 3578 luissent.
816 3511 980 3585 -Quolsi
998 3509 1267 3590 Euangelisteeua-

59 3579 274 3664 seposueram
293 3597 399 3673 genius
412 3595 627 3660 historicuset·
667 3601 769 3664 tieinia
789 3598 937 3663 messiano
953 3597 1104 3670 citarent,
1124 3593 1180 3654 hoe
1199 3591 1268 3654 ideo

59 3671 100 3753 tam
115 3675 184 3750 epod
210 3678 371 3743 orientales
391 3680 519 3744 maxime
544 3681 627 3746 iuva·
668 3687 815 3761 lecerunt,
828 3683 898 3764 quia
914 3682 991 3744 laeta
1010 3678 1143 3758 magistri
1161 3675 1207 3738 sui
1221 3675 1268 3736 vi·

60 3735 106 3821 ¹⁰¹1,
114 3763 137 3816 et
149 3762 228 3824 multi
243 3762 361 3828 illorum
376 3772 541 3846 temporum
551 3765 626 3828 scri·
667 3770 783 3845 inrorat,
804 3776 833 3830 et
852 3767 882 3828 in
903 3766 948 3828 his
967 3766 1018 3827 illa
1037 3763 1199 3843 adimplete
1212 3775 1267 3852 oq-

59 3833 132 3898 l¹⁰rts
154 3840 283 3908 historici
312 3847 397 3910 eitari
422 3858 559 3929 possunt.
579 3836 627 3912 Sic
667 3860 839 3932 properent:
862 3869 921 3913 non
940 3869 1009 3928 ergo
1024 3855 1145 3930 propter
1162 3849 1268 3906 ratior·

63 3921 245 4015 lalleeethe
257 3929 412 3992 historiam
426 3932 629 4012 Aegyptieon-
668 3937 717 4000 nia
737 3936 814 3998 laeta
831 3936 995 4010 linxerunt,
1014 3933 1066 3995 sed
1086 3935 1205 4019 propter
1221 3922 1267 3986 se·

62 4003 159 4080 “fiili
176 4030 262 4092 quem
279 4016 399 4096 saepius
420 4016 490 4078 citat
508 4015 627 4078 Plutar-
669 4030 715 4083 cta
730 4030 811 4084 certa
825 4019 965 4082 vaticinia
980 4017 1105 4092 asiologo
1120 4009 1270 4090 applicen-

65 4072 117 4171 thoe
132 4090 182 4170 (1)·
210 4099 338 4164 Berosus
366 4100 521 4162 historiam
542 4101 628 4162 ehel-
669 4106 790 4166 deesse
809 4110 1002 4166 censuerunt.
1021 4096 1195 4160 -Christo
1214 4109 1271 4154 ou·

64 4153 149 4234 laneam
170 4183 313 4258 exaravit,
333 4184 369 4246 od
398 4203 487 4265 quem
509 4185 629 4265 saepius
670 4198 729 4251 tem
754 4189 824 4250 ideo
848 4189 944 4250 solum
974 4186 1052 4247 laeta
1077 4179 1154 4242 miro
1175 4175 1272 4238 afficto

65 4253 171 4320 prouocat
194 4263 335 4352 Iosephus
358 4267 494 4346 Flavius3
522 4269 627 4330 eodem
700 4321 731 4376 (ὅ)
747 4321 774 4364 ν.
785 4322 856 4366 crem.
872 4315 965 4364 ml·
979 4313 1084 4359 1strom.
1099 4302 1168 4356 m
1251 4313 1259 4332 i

87 4351 110 4408 th
121 4360 143 4406 h.
157 4371 178 4414 er
190 4374 246 4418 oar.
304 4375 335 4433 pe)
352 4376 383 4420 nn
394 4378 509 4436 upplun!
527 4378 549 4432 r,
561 4391 582 4425 e.
593 4377 631 4426 rr.
700 4379 731 4434 tlt
748 4381 794 4424 tct-
814 4379 832 4436 Ι,
847 4379 869 4423 ⁶·
