2910 4732
443 203 518 255 raus
534 208 555 255 ι.
576 203 677 256 sncmo
695 175 718 256 ιζ
736 209 830 258 curor
846 207 890 259 m.
1216 194 1258 260 fd

53 286 120 348 laec
135 278 187 348 lex
208 273 335 349 maioris
354 278 517 366 dimicans,
537 295 566 350 et
583 306 652 368 gra·
692 289 852 370 perfectam
871 283 1013 367 sectetur,
1032 287 1231 372 st'per‘lranc
1250 289 1297 352 fe·

52 366 143 432 litatis
165 376 226 447 est,
247 384 339 450 quant
367 371 505 433 stimulus
523 371 653 435 felicita·
693 373 835 434 licitatem
867 391 991 448 veram,
1027 383 1056 436 et
1084 374 1297 457 perdurantem

51 446 358 534 tis,quiarculorsum
374 454 654 518 conscientiaesen-
692 465 903 538 consequatur.
931 456 975 518 dd
1005 455 1080 518 hanc
1112 458 1297 520 harmoniam

50 537 148 613 timus,
168 543 201 599 et
215 555 271 598 nos
290 539 369 598 male
384 537 479 615 egisse
497 540 653 618 cognosci·
692 540 901 620 perficiendam
917 541 1005 602 homo
1018 541 1158 602 erunibus
1171 542 1295 617 viribus,

49 635 124 696 mus,
143 618 172 683 s'i
190 621 246 682 illa
258 619 325 699 lege
340 622 485 700 neglecta,
500 623 652 686 stimulum
692 633 722 685 et
740 633 802 686 toto
828 625 905 687 ritae
931 641 1004 686 suae
1025 632 1158 705 tempore
1175 625 1298 688 tendere

49 703 246 770 iucunditatis
264 705 411 767 fuerimus
430 707 536 769 secuti.
692 708 781 770 debet
798 707 858 788 (l).

78 787 170 868 Noto.
184 787 383 850 Exhactenus
396 789 484 852 dietis
498 791 653 872 sequentia
732 792 820 855 Noto.
840 791 924 854 Circa
946 790 1035 852 finem
1053 790 1182 851 hominis
1196 801 1296 850 errem

48 873 205 934 corollaria
222 874 333 933 fluunt:
346 876 376 952 a)
391 871 520 936 Naturae
535 883 659 948 nestrae,
690 875 950 951 Eudaemooistoo,
970 876 1166 937 ctPurtstoe.
1182 872 1213 952 a)
1233 873 1297 934 Eu-

50 964 108 1016 tres
120 956 282 1018 facultates
300 957 509 1034 cognoscendi,
522 957 659 1020 sentien·.-
690 958 892 1021 daemonistae
918 977 972 1041 pro
1000 976 1140 1038 supremo
1166 957 1296 1020 hominis

50 1039 90 1114 di,
108 1049 138 1101 et
154 1039 319 1120 appetendi
333 1059 400 1101 cum
417 1043 652 1121 correspondeu·
690 1043 749 1103 tine
760 1043 1086 1118 statuuntfelicitatem,
1100 1060 1154 1102 ceu
1168 1041 1295 1121 primam

53 1123 130 1184 tibus
145 1123 293 1199 stimulis,
309 1131 338 1186 et
352 1124 469 1202 legibus
478 1127 514 1188 od
528 1126 589 1206 ipse
598 1144 654 1189 oo·
690 1127 795 1203 agendi
812 1129 942 1206 regulam
959 1127 1176 1207 praescribunt:
1195 1123 1296 1187 Tende

52 1215 135 1269 turos
165 1207 299 1274 Auctore
325 1208 432 1270 itssitoe
457 1217 547 1285 sunt,
574 1211 653 1290 quud
690 1210 727 1270 ad
742 1229 901 1285 summam,
923 1220 1067 1292 quantum
1089 1219 1184 1290 potes,
1204 1209 1294 1270 felici-

51 1291 168 1352 illarum
187 1291 346 1353 existentia
364 1311 381 1353 a
400 1293 497 1373 prima
511 1292 652 1356 iuventu-
690 1302 792 1356 tatem:
813 1295 969 1376 ipsamque
993 1296 1188 1356 moralitatem
1217 1312 1292 1354 non·

50 1382 89 1450 te,
111 1375 325 1436 universalitas
349 1375 381 1437 in
403 1376 486 1438 omni
507 1378 591 1453 loco,
624 1386 653 1439 et
671 1425 672 1428 ,
690 1378 747 1438 nisi
761 1388 792 1439 ut
805 1379 936 1440 medium
950 1385 1126 1440 venerantur
1139 1378 1293 1458 acquirenff

49 1467 201 1539 tempore,
225 1477 261 1520 ac
278 1459 480 1522 indelebilitas
496 1471 564 1542 post
586 1481 652 1522 om·
670 1431 674 1532 i
689 1461 743 1522 dae
762 1462 922 1524 felicitatis.
940 1461 1045 1524 —'Sed
1065 1481 1132 1524 cum
1148 1461 1214 1524 finis
1233 1462 1294 1524 ho-

49 1560 101 1602 nes
129 1551 257 1604 eventus
287 1543 428 1606 ostendit.
454 1545 487 1623 b)
517 1544 652 1608 Facultas
670 1537 674 1630 1
691 1546 780 1607 minis
796 1547 904 1608 debeat
923 1565 988 1608 osse
1013 1556 1231 1609 consentaneus
1258 1565 1294 1608 e-

49 1626 248 1702 cognoscendi
265 1626 298 1687 in
317 1627 482 1705 veritatem,
507 1629 652 1692 sentiendi
671 1631 673 1676 t
690 1630 804 1690 iusdem
817 1630 1018 1706 facultatibus,
1034 1639 1063 1691 et
1077 1629 1217 1706 stimulis,
1235 1648 1291 1694 nou

50 1707 283 1783 infelicitatem,
302 1712 462 1792 appetendi
480 1712 512 1774 iu
531 1715 652 1775 morali·
670 1677 674 1802 i
690 1721 786 1793 potest
804 1715 871 1775 talis
891 1715 957 1775 linis
975 1715 1076 1788 statui,
1096 1715 1128 1774 in
1150 1733 1209 1794 quo
1238 1717 1290 1784 sti·

49 1799 139 1854 tatem
153 1793 339 1870 teudit;flnis
353 1795 434 1857 enim
450 1796 652 1875 cognitionum
671 1807 674 1834 ³
691 1799 789 1860 mulus
813 1797 942 1859 nobilior
964 1797 1128 1860 honestatis
1152 1797 1292 1860 subordi-

49 1877 169 1953 reritas,
187 1877 363 1940 sensionem
384 1880 520 1955 felicitas,
541 1890 571 1943 et
597 1882 807 1988 apparandus
835 1890 913 1943 esset
937 1882 1055 1943 stimulo
1071 1882 1181 1942 »minus
1199 1883 1292 1945 nobili

50 1960 228 2037 petitionum
245 1962 338 2023 virtus
355 1973 411 2041 est,
431 1966 466 2026 ad
488 1984 562 2045 quos
579 1967 652 2028 fines
670 1997 675 2048 p
690 1966 850 2028 felicitatis.
866 1966 957 2028 Porro
969 1965 994 2026 si
1009 1967 1134 2028 felicitas
1152 1984 1291 2046 suprema

50 2043 154 2122 triplex
174 2052 276 2107 nostra
287 2047 412 2108 facultas
426 2056 488 2109 tum
505 2068 558 2130 per
575 2051 652 2130 leges
670 2054 768 2112 lasset
791 2051 921 2112 hominis
944 2050 1122 2128 destinatio,
1148 2051 1291 2132 quidquid

50 2142 118 2188 snas
136 2129 302 2206 naturales,
319 2137 380 2191 tum
401 2150 453 2211 per
471 2133 606 2195 stimulos
622 2154 653 2195 o·
689 2134 773 2205 utile,
793 2144 823 2196 et
841 2135 1002 2196 iucundum
1023 2145 1111 2210 esset,
1124 2137 1214 2196 etiam
1235 2136 1303 2219 iro·¹

50 2210 207 2288 riginerios
225 2211 373 2292 dirigitur.
394 2217 423 2295 c)
451 2213 562 2279 Natura
583 2235 652 2296 ergo
690 2227 806 2280 nestum
833 2237 919 2294 esse,
944 2226 973 2280 et
991 2218 1027 2278 ad
1047 2218 1142 2279 officia
1164 2219 1291 2283 hominis

51 2293 181 2357 hominis
198 2296 282 2358 iuxta
298 2297 489 2378 originariam
509 2320 592 2362 suam
610 2303 654 2363 in·
690 2303 839 2382 pertinere
856 2302 990 2375 deberet,
1008 2310 1036 2362 et
1054 2302 1128 2363 ratio
1147 2321 1207 2364 non
1227 2323 1290 2384 pos·

50 2377 237 2441 stitutionem
258 2380 353 2444 tendit
376 2383 407 2444 in
430 2385 602 2461 veritacem,
621 2385 653 2447 in
690 2395 734 2448 set
760 2387 930 2466 praecipere
957 2386 1127 2462 honestum,
1145 2385 1170 2447 si
1196 2390 1290 2452 mole·

50 2461 237 2538 felicitatem,
253 2473 283 2526 et
297 2463 328 2525 iu
344 2467 552 2531 moralitatem:
567 2469 652 2531 erin·
689 2479 790 2546 stump
805 2485 860 2532 uec
887 2479 987 2532 vetare
1014 2479 1118 2551 turpe,
1139 2472 1164 2532 si
1181 2471 1290 2534 iucun-

52 2543 88 2604 de
105 2555 206 2608 autem
226 2549 315 2610 linem
332 2551 461 2614 hominis
475 2552 674 2646 determina-p
691 2553 760 2616 dum
783 2555 869 2617 soret:
892 2554 1073 2616 contrarium
1098 2564 1197 2616 autem
1216 2559 1290 2620 ratio

50 2645 83 2690 re
99 2628 181 2693 lieet.
670 2643 674 2687 ¹
690 2639 792 2710 dictat,
802 2648 832 2700 et
845 2657 950 2700 sensus
962 2637 1085 2699 intimus
1096 2647 1288 2704 contestatur.

301 2760 330 2833 s·
355 2768 409 2816 Η.
690 2723 725 2784 Et
753 2741 825 2810 sane
849 2723 1001 2784 moralitas
1029 2733 1149 2804 propter
1167 2725 1289 2785 semeti-

690 2825 772 2885 psam
792 2807 1030 2868 aestimationem
1050 2814 1197 2882 meretur,
1222 2808 1289 2869 licet

688 2891 860 2952 felicitatem
870 2910 924 2953 ceu
937 2891 1151 2956 consectarium
1166 2891 1289 2952 coniun-

90 2959 223 3038 Quilibet
240 2970 359 3051 sepiens
372 2973 476 3036 artifex
495 2975 589 3056 operi,
603 2981 649 3038 cui
689 2984 767 3036 ctam
790 2975 897 3036 habent
915 2974 974 3054 (f).
1001 2975 1033 3053 b)
1049 2973 1194 3050 Puristae,
1213 2974 1288 3037 duce

53 3051 232 3126 perficiendo
248 3054 379 3130 insudat,
395 3058 483 3120 finem
503 3062 648 3140 praefigit,
688 3060 809 3137 Kantio,
827 3059 1022 3120 moralitatem
1041 3057 1081 3118 ita
1097 3075 1148 3138 pro
1160 3059 1217 3120 fine
1233 3058 1288 3120 lro-

52 3131 188 3214 adquem
204 3141 437 3216 promovendum
452 3161 555 3206 omnes
570 3145 650 3207 illius
690 3143 777 3204 minis
792 3150 936 3218 statuunt,
953 3150 986 3202 ut
1004 3160 1121 3203 omnem
1141 3143 1177 3204 ad
1196 3143 1289 3206 felici·

52 3227 148 3294 partes
167 3221 353 3285 ordinantur.
374 3224 458 3288 Certe
475 3246 544 3306 ergo
572 3229 650 3291 Deus
689 3235 778 3289 tatem
792 3226 1287 3308 respectumcxcludant:summum

51 3317 180 3382 quoque,
200 3303 322 3367 Creator
332 3309 583 3389 sapientissimus,
598 3331 650 3374 rru-
689 3312 719 3372 in
730 3313 863 3392 ipsorum
875 3317 1031 3390 systemate
1039 3310 1217 3392 principium
1232 3321 1287 3374 est:

51 3381 139 3446 bilem
163 3387 279 3449 lromini
306 3391 395 3453 finem
418 3396 582 3475 proposuit,
613 3399 648 3458 ad
688 3394 788 3457 Tende
811 3395 847 3455 ad
872 3392 1068 3455 moralitatem
1097 3413 1131 3456 ex
1154 3395 1288 3458 absoluta

50 3485 136 3546 quem
157 3475 392 3550 promerendum
407 3484 468 3540 tota
482 3479 575 3561 ipsius
593 3499 649 3542 na·
689 3479 894 3540 aestimatione
913 3477 987 3554 legis
1006 3479 1137 3555 morelis;
1154 3481 1236 3559 quia,
1256 3487 1289 3541 ut

51 3558 113 3613 tura
136 3554 292 3632 dirigatur.
324 3557 404 3621 Talis
429 3561 495 3624 ideo
521 3563 649 3626 hominis
688 3564 783 3639 aiunt,
799 3562 1100 3642 corrutnpituraotio,
1118 3563 1223 3624 sicum
1239 3582 1288 3626 re-

50 3633 115 3696 finis
134 3641 311 3702 statuendus
324 3651 380 3720 est,
396 3646 526 3708 utnulla
541 3647 651 3729 ipsifa-
688 3655 790 3727 spectu
809 3646 847 3707 ad
864 3646 1034 3708 felicitatem
1050 3655 1218 3727 peragatur,
1234 3665 1287 3709 nc-

50 3718 142 3812 eultas
159 3721 273 3788 frustrat¹
290 3725 381 3788 insita
399 3729 456 3804 sit,
476 3731 528 3793 sed
546 3749 650 3794 omnes
688 3749 746 3811 que
770 3731 846 3792 actio
866 3730 998 3806 moralis,
1018 3730 1069 3791 sed
1088 3749 1169 3792 mere
1188 3731 1288 3808 legalis

51 3817 112 3897 erus
132 3804 289 3870 facultates
306 3828 373 3872 cum
391 3811 453 3875 suis
474 3814 600 3892 legibus,
620 3825 649 3878 et
689 3815 814 3876 dicenda
831 3815 918 3876 foret.
941 3813 1047 3875 -llst
1059 3847 1101 3860 -
1114 3831 1173 3875 non
1192 3823 1288 3894 potest

52 3887 178 3950 sumulis
191 3889 276 3953 illum
294 3906 496 3974 promoveant.
516 3896 650 3981 Quapro·
689 3899 754 3960 talis
774 3897 841 3960 finis
860 3897 989 3959 huminis
1007 3897 1135 3972 admitti,
1154 3916 1213 3977 quo
1230 3915 1285 3976 po·

53 3975 113 4044 pter
137 3973 224 4050 finis,
255 3995 308 4039 seu
338 3978 495 4042 destinatio
517 3983 649 4046 hominis
688 3981 744 4044 sito
762 3983 887 4044 facultas
909 3981 1054 4062 quaedam
1074 3981 1129 4061 ipsi
1148 3997 1286 4040 concessa

53 4059 93 4113 ott
107 4055 269 4122 ltormonio
291 4064 489 4140 moralitatis,
508 4076 535 4129 et
550 4067 647 4146 felici·
688 4083 810 4148 prorsus
832 4067 994 4146 superflua,
1014 4074 1043 4126 et
1064 4065 1201 4126 stimulus
1219 4081 1286 4124 cum

54 4136 114 4198 tute
145 4143 268 4207 ceritati
293 4145 413 4210 initiae.
444 4147 524 4212 llaec
549 4161 647 4214 autem

54 4215 207 4286 harmonia
222 4226 255 4288 in
278 4247 313 4290 00
336 4231 470 4293 consistit
480 4277 488 4310 ‚
508 4241 541 4293 up
560 4233 647 4296 hom,
686 4282 697 4329 t
712 4224 749 4328 §⁴2
765 4224 791 4271 r.
806 4223 932 4283 noeman,
946 4222 962 4267 t.
980 4221 1006 4268 ιι.
1020 4217 1039 4279 q.
1054 4218 1091 4263 ae.
1104 4216 1208 4276 relect
1231 4218 1249 4266 t.
1268 4219 1282 4278 p

52 4305 201 4372 natatem
227 4329 419 4392 cognoscens,
451 4317 646 4380 moralitatem
702 4307 750 4402 'pp'
763 4339 787 4386 v,
803 4338 876 4396 mine,
890 4335 910 4396 p,
930 4333 996 4382 qma
1012 4335 1066 4379 pm.
1082 4329 1106 4379 t.

237 2861 263 2906 ll.
278 2861 340 2908 Finis
355 2864 482 2912 hominis*
