2928 4734
182 177 244 232 200
579 183 765 231 TMEOMMMAE
784 179 946 230 emanent

138 265 187 326 nis
204 261 337 341 gentium
359 261 605 341 idololatrarum,
632 263 740 345 quibus
779 262 906 338 lachiae,
927 264 957 323 in
979 279 1039 344 quo
1071 259 1106 324 ad
1131 261 1272 345 templum
1291 283 1385 328 suum

140 367 198 408 non
219 347 334 409 linitum
361 355 423 409 eret
443 349 584 428 templum
611 348 737 426 ingredi.
779 347 1001 410 ueniredicitur
1018 347 1202 424 Donninator,
1221 366 1310 428 quern
1329 348 1384 412 lu-

138 431 277 492 hbsonus
298 431 385 492 etiarn
402 449 505 494 sensus
524 451 559 494 ex
581 430 669 493 allata
690 432 739 492 in·
778 430 844 491 dael
865 439 1012 512 quaerunt
1027 437 1084 491 ete.

139 515 350 594 terpretatione
363 515 505 596 prodiret,
518 515 596 578 Deus
606 515 684 576 enim
695 515 740 577 di·
822 515 886 578 Oli.
901 515 931 576 3.
948 513 1042 576 Maior
1054 513 1147 592 gloria
1159 513 1260 596 templi
1274 532 1382 578 seeun-

137 605 229 661 ceret:
248 616 345 661 menna
359 607 581 680 estorpentnrn,
599 607 626 661 et
642 615 739 661 meum
778 596 807 658 di
827 599 986 679 repetenda
1015 606 1060 659 est
1082 597 1119 659 ab
1145 597 1278 678 ingressu
1308 599 1382 661 Ale-

137 690 178 745 est
196 691 317 757 aaroni,
333 685 403 764 quia
421 683 494 745 illud
513 693 542 744 et
557 683 612 743 hoe
628 701 644 744 a
658 681 737 744 Gen·
777 681 882 744 nandri
896 681 932 744 M.
948 691 977 744 rt
988 680 1133 762 Pompeii,
1147 683 1191 743 vel
1204 701 1238 744 ex
1250 701 1298 760 co,
1309 684 1381 765 quin

136 767 217 828 tibus
229 768 260 828 in
276 769 419 847 templum
437 785 534 828 meunt
545 767 667 827 allatum
680 775 735 843 est,
777 765 889 828 diutius
904 767 1098 848 delinquam
1118 765 1257 848 primunr.

137 869 203 912 curn
232 859 330 912 tamen
358 851 388 911 in
407 859 468 912 tota
486 848 637 930 Scriptura
659 849 738 911 Deus
816 850 1087 930 Mesp.,hl'enander
1101 849 1138 912 M.
1158 859 1187 911 et
1205 849 1381 931 Pompeius,

137 935 291 997 absolutus
314 952 414 996 rerunt
441 933 574 995 omniurn
594 932 737 996 Dominus
776 933 905 1011 ethnici,
924 934 989 1015 ipsa
1004 932 1112 996 Sancta
1131 933 1307 996 Sanctorum
1327 937 1381 996 in-

135 1019 319 1093 nominatur,
336 1017 434 1099 qualis
452 1016 541 1082 etiam
560 1035 662 1079 revera
679 1027 734 1080 est.
775 1018 879 1094 gressi,
898 1021 1042 1099 temphnn
1062 1037 1120 1079 non
1139 1019 1197 1080 iam
1218 1019 1310 1097 gloria
1330 1021 1382 1081 al-

137 1101 232 1164 Verba
253 1100 483 1182 subsequentia:
508 1109 535 1164 ot
554 1101 587 1163 in
605 1103 665 1164 loco
682 1103 737 1166 isto
777 1103 921 1178 lecerunt,
938 1103 989 1165 sed
1006 1103 1162 1164 temerario
1181 1121 1254 1164 ausu
1274 1105 1383 1184 proia-

136 1188 207 1249 dubo
221 1203 342 1267 punem,
365 1193 500 1266 tempora
518 1184 640 1247 Messiae
658 1187 735 1248 assi·
776 1193 903 1264 narunt,
927 1195 956 1249 et
973 1195 1085 1248 neuter
1103 1187 1160 1252 diei
1181 1196 1277 1268 potest
1298 1189 1382 1250 desi·

135 1279 241 1349 gnant3
261 1289 327 1330 nam
344 1269 380 1330 de
399 1288 471 1350 pace
486 1269 602 1330 civiliet
618 1279 735 1350 tempo·
775 1270 1164 1350 deratrtsennctispentibus,
1176 1290 1299 1352 quarum
1312 1273 1382 1352 plu·

136 1355 193 1416 rali
208 1353 331 1431 intelligi
350 1361 514 1434 nequeunt,
532 1372 599 1415 curn
619 1362 735 1416 exstru-
775 1369 822 1414 res
839 1354 875 1416 ab
898 1355 957 1416 illis
980 1356 1086 1417 misere
1110 1355 1273 1417 debellatae
1292 1365 1379 1418 sunt.

135 1446 180 1500 cto
200 1440 259 1498 iarn
280 1437 389 1516 templo
408 1437 538 1498 secundo
557 1438 649 1500 multa
668 1438 734 1500 bel·
774 1433 859 1499 Levis
876 1438 941 1502 laus
960 1447 1004 1501 est
1022 1439 1220 1514 diuturnitas·
1232 1458 1379 1519 -prae·

134 1523 186 1582 la·
203 1521 362 1603 praecipue
382 1539 434 1600 per
451 1509 629 1582 hutiochum
644 1530 672 1583 et
683 1539 736 1603 per
774 1521 1380 1604 sertlmspatiumdeeemannorum,queis

135 1605 282 1666 Romanos
297 1603 443 1667 sustinere
461 1605 598 1667 debuerit
612 1605 731 1667 Iudaea.
774 1606 937 1667 sccundn'rn
960 1607 1103 1687 ternplum
1134 1607 1246 1668 diutius
1269 1608 1377 1683 stetit,
1456 1637 1457 1658 ι

134 1688 735 1770 -llernurnipsellosenmirllernondil·
774 1689 848 1750 tanti
867 1709 926 1751 non
952 1696 1014 1766 est,
1034 1697 1068 1752 ut
1091 1701 1247 1771 propterea
1278 1690 1381 1770 primo

134 1774 243 1844 fitetur,
252 1773 412 1852 AggaeuM,
425 1792 501 1853 quac
517 1773 565 1835 hic
578 1775 732 1854 praedicit,
773 1774 914 1852 praeferri
939 1783 1124 1836 mereretur:
1145 1793 1241 1854 neque
1265 1775 1300 1834 de
1321 1774 1379 1836 hac

132 1857 317 1938 temporibus
337 1857 492 1918 messionis
510 1867 651 1918 eventura
668 1877 734 1940 spe·
773 1856 967 1924 diuturnitate
985 1859 1016 1919 in
1036 1858 1175 1920 vaticinio
1192 1857 1378 1920 verburuoc-

131 1959 230 2018 rasse3
251 1948 281 2002 et
297 1941 328 2003 in
347 1960 412 2022 cap.
433 1940 490 2017 Ml,
513 1941 527 2001 l
549 1940 732 2021 Malachiae,
773 1942 862 2002 currit
877 1942 937 2024 (ἓ).

131 2025 290 2086 irnroemor
308 2043 423 2101 eorum,
438 2043 514 2106 quae
529 2025 688 2106 scripserat
702 2026 733 2088 in
1006 2069 1027 2139 ς
1066 2076 1140 2130 Μ.

131 2109 253 2170 scholiis
272 2109 309 2170 ad
328 2109 496 2188 Aggaeum,
520 2108 594 2170 haec
611 2109 730 2170 scribit:
916 2111 918 2116 '
1028 2107 1036 2124 ‘

133 2213 149 2254 (
171 2194 272 2256 Veniet
290 2195 328 2256 ad
347 2191 482 2272 implum
499 2211 606 2270 suum,
626 2212 733 2274 nempe
810 2179 1015 2226 tntummodo
1031 2177 1175 2236 dispersione
1190 2176 1339 2226 ludaeorum.

131 2277 309 2354 secundum,
324 2278 402 2357 quod
416 2296 469 2358 per
485 2277 607 2338 Messiae
626 2277 733 2338 adren-
813 2276 843 2339 Si
861 2280 1000 2342 uaticinia
1014 2280 1122 2342 veteris
1140 2277 1227 2358 Legis
1246 2279 1303 2340 rite
1327 2287 1377 2342 at-

132 2369 194 2422 tum
206 2361 363 2440 gloriosius
378 2361 731 2442 prirnotemploiuturunr
755 2361 948 2441 tendantur,
969 2364 1046 2426 haud
1067 2364 1192 2426 obscure
1210 2363 1378 2441 colligitur,

132 2463 198 2507 esse
216 2447 409 2525 praedixerat
435 2445 525 2509 etium
547 2444 693 2525 Appnens.
714 2465 730 2506 ι
771 2445 904 2508 Messian
921 2447 1060 2510 advenire
1075 2448 1225 2524 debuisse,
1241 2466 1307 2508 cum
1323 2467 1379 2528 po·

132 2529 225 2590 Tanta
244 2529 374 2591 veritatis
386 2529 429 2590 ris
447 2537 503 2606 est,
519 2537 552 2590 ut
570 2529 616 2590 vel
636 2529 673 2591 ab
687 2529 733 2590 in·
772 2531 858 2611 pulos
875 2532 1011 2593 iudaicus
1025 2531 1122 2594 adhuc
1141 2531 1170 2592 in
1188 2531 1283 2612 patria
1301 2532 1378 2593 uni·
1456 2571 1457 2588 ι

131 2612 678 2694 ritistestimoniumentorqrreat(l).
717 2639 723 2648 ·
772 2615 1377 2695 tus,etintribusacstirpesdivisuses·
1456 2617 1457 2672 ζ

138 2701 153 2736 “
174 2697 238 2761 Obi.
259 2698 289 2758 h.
306 2697 476 2759 Praedictus
487 2697 524 2757 ab
536 2696 652 2774 Aggaeo
672 2716 730 2759 non
771 2707 831 2775 set,
850 2699 958 2760 lrustra
978 2699 1057 2762 enim
1074 2701 1148 2762 alias
1165 2699 1243 2760 inter
1264 2699 1377 2760 chara·
1456 2731 1457 2760 ι

131 2791 302 2861 potestesse
316 2779 455 2856 Messias,
472 2779 541 2860 quin
559 2781 668 2842 dicitur
680 2782 732 2843 de·
771 2791 866 2844 oteres
880 2782 1003 2845 Messiae
1021 2791 1225 2864 reponeretur,
1241 2782 1318 2864 quod
1340 2803 1378 2845 ex

130 2867 276 2929 rideretur
294 2865 406 2927 canetis
423 2865 571 2943 pentibns;
585 2883 643 2926 non
663 2873 731 2946 pot·
772 2866 849 2928 tribu
863 2866 935 2929 luda
950 2876 979 2928 et
994 2887 1010 2928 e
1025 2869 1117 2948 stirpe
1135 2867 1252 2928 havidis
1272 2865 1377 2928 oriun-

131 2958 216 3011 erant
227 2959 326 3010 autern
342 2957 444 3025 gentes
461 2947 595 3010 Messinm
612 2950 732 3012 deside·
771 2949 883 3013 dussit.
896 2950 983 3012 -rlt
993 2950 1158 3032 Prophetae
1176 2951 1264 3011 etiarn
1283 2969 1377 3030 prae·

131 3051 197 3094 rare
207 3043 236 3094 et
247 3040 428 3113 exspectare,
445 3050 532 3113 quern
549 3051 609 3094 non
624 3051 732 3112 cogno·
770 3034 920 3111 dixerunt,
939 3033 1074 3096 Messinm
1094 3054 1110 3096 a
1126 3035 1237 3116 populo
1255 3034 1376 3096 ludaico

80 3135 82 3142 ’
130 3124 248 3178 rerunt.
771 3138 830 3179 non
843 3119 1075 3196 agnoscendum,
1092 3119 1151 3180 inno
1171 3117 1290 3180 iniuriis
1306 3119 1376 3179 affi-

171 3201 257 3279 Resp.
276 3197 424 3279 Propheta
447 3217 501 3280 per
526 3201 730 3280 synecdochen
771 3202 910 3262 ciendum
932 3211 962 3264 et
981 3202 1175 3264 occidendum
1189 3219 1266 3278 csse,
1283 3209 1377 3282 atque

130 3284 263 3363 loquitur
287 3291 317 3342 et
345 3283 443 3363 ponit:
458 3283 665 3347 desideratae
679 3303 731 3366 pro
772 3283 801 3346 in
814 3287 1077 3366 poenamingentis
1091 3285 1288 3347 huiusdelicti
1301 3294 1376 3346 tenn-
1456 3343 1457 3348 ,

131 3367 354 3438 desiderandus,
375 3367 419 3426 uti
437 3367 526 3428 etiarn
544 3368 632 3431 Iacob
654 3368 730 3430 Mes·
772 3370 852 3448 pluro
872 3386 939 3430 cum
958 3369 1032 3432 urbe
1051 3371 1247 3447 devastatum,
1271 3376 1302 3430 et
1317 3389 1377 3450 po·

132 3449 205 3510 siam
222 3457 306 3510 uocat
324 3451 564 3529 exspectationem
585 3453 730 3533 pennum,
772 3451 874 3532 pulum
894 3472 911 3515 e
935 3453 1030 3534 patria
1053 3453 1179 3516 eiectum
1210 3461 1240 3514 et
1266 3453 1377 3516 misere

132 3551 206 3612 pune
222 3534 254 3594 in
267 3534 317 3595 illo
327 3535 534 3597 benedicendae
545 3545 641 3598 erant.
657 3534 734 3598 Gen·
772 3535 945 3618 dissipatum
963 3537 1011 3598 iri.
1023 3571 1065 3583 -
1075 3536 1106 3598 hl
1120 3536 1296 3620 praeprimis
1308 3556 1377 3618 pro·

132 3618 287 3678 tessaltem
298 3617 734 3699 irnplicitedesideraruntMes·
773 3619 823 3682 bat
836 3622 917 3683 locus
934 3617 1065 3684 Danielis
1079 3621 1138 3682 iarn
1152 3631 1239 3682 antea
1252 3620 1375 3684 citatus,
1456 3687 1457 3694 χ

133 3700 207 3762 siam
226 3701 297 3782 quia
320 3703 448 3763 naturali
463 3703 583 3764 stimulo
606 3701 732 3763 benedi·
773 3702 856 3766 llicit·
871 3705 964 3766 enim:
984 3707 1052 3768 Post
1075 3706 1267 3768 hebdomades
1283 3723 1376 3767 secu·

131 3786 279 3862 ctionem,
303 3785 494 3862 felicitatem,
519 3785 731 3848 beatitudinem
771 3789 855 3868 pinta
867 3789 941 3851 dnos
953 3789 1100 3851 occidetur
1116 3789 1302 3864 christeae
1313 3805 1376 3850 non

132 3869 323 3951 concupiere:
340 3888 441 3950 neque
457 3869 557 3946 negari
576 3877 684 3950 potest,
704 3871 732 3932 i.-
772 3873 902 3934 eriteo'na
912 3872 1051 3952 papirius,
1068 3872 1120 3952 qni
1134 3891 1200 3935 enm
1212 3881 1378 3951 tornaturas
1456 3883 1457 3890 ’

135 3971 203 4032 psas
221 3971 256 4014 ex
276 3952 451 4028 traditione,
470 3953 515 4013 vel
531 3971 566 4014 en
584 3971 733 4015 commer·
772 3963 826 4018 eat:
845 3955 899 4017 i.e.
917 3975 977 4018 non
1001 3963 1161 4035 agnoscent
1180 3955 1282 4017 iudaei
1297 3953 1376 4016 Mes-

133 4035 179 4096 eio
194 4055 260 4098 cum
283 4034 399 4096 ludaeis
424 4035 555 4114 aliquam
577 4036 672 4098 idearn
697 4038 734 4098 de
773 4039 867 4117 siarn,
886 4039 946 4100 imo
972 4041 1119 4102 occident.
1142 4038 1245 4102 Statim
1273 4048 1375 4100 autern

133 4117 395 4199 Messia'promisso
415 4117 560 4180 hausisse.
581 4119 653 4182 Rem
679 4139 733 4199 pe-
773 4123 962 4201 subiungitur
969 4142 1076 4203 poena,
1091 4143 1145 4185 seu
1157 4123 1229 4184 ultio
1242 4122 1294 4184 Ilei
1309 4141 1377 4202 pro·
1456 4135 1457 4142 ’

135 4201 215 4262 nitus
232 4201 362 4264 declaret
383 4201 467 4262 locus
490 4203 650 4282 parallelus
670 4203 733 4267 Ma·
773 4215 839 4288 pter
859 4214 968 4270 tantarn
992 4207 1163 4271 caecitatem
1184 4216 1214 4268 et
1237 4207 1376 4288 impieta·

166 4303 198 4355 tlt
213 4306 237 4351 V.
252 4308 353 4353 Pomone
368 4305 383 4350 1.
399 4317 422 4351 e.
436 4317 458 4350 u.
468 4305 519 4353 l22.
805 4313 835 4369 (21
851 4313 875 4358 V.
891 4309 982 4372 lilitpiel
995 4314 1011 4359 t
1026 4313 1048 4373 2,
1064 4311 1084 4374 ἓ.
1099 4313 1136 4364 t'o'.
1152 4325 1176 4358 ιι.
1189 4311 1211 4358 ’1.
