2934 4736
186 191 248 257 342
583 209 767 258 rusouccuc
786 207 948 262 cernuus
1050 242 1068 247 ..

378 287 409 358 S
435 291 510 342 ¹⁰⁸·
788 289 1393 361 ecclccinceonaecsuscommcndont.llam

265 411 292 461 n,
308 413 504 474 rescripsisse.
520 411 623 461 pm
787 372 852 455 ipsa
870 393 943 438 sana
966 377 1041 440 ratio
1061 377 1154 440 dictat
1178 379 1238 440 illis
1264 381 1393 444 testibus

787 458 969 522 credendum
987 479 1064 537 esse,
1081 461 1133 542 qui
1148 461 1248 525 debita
1265 464 1392 528 scientia

183 532 370 624 Scriptorum
385 539 671 616 ecclesiasticorum,
692 538 743 620 qui
787 550 817 606 et
838 543 999 606 veracitate
1022 546 1146 627 pollent.
1177 545 1264 610 Tales
1287 557 1389 611 autem

142 625 194 690 SS.
212 626 334 689 Patrum
353 625 476 688 nomine
498 625 644 700 veniunt,
661 625 744 688 notio
785 624 919 690 suutSS.
932 627 1047 707 Patres,
1057 629 1101 692 uti
1113 647 1149 692 ea
1159 632 1325 694 eorundem
1337 651 1390 695 no-
1430 634 1432 640 ’

141 711 330 788 declaranda,
353 711 515 774 oucloriluc
533 707 740 784 ostendenda,
787 709 867 774 tione
885 721 1020 793 apparet;
1035 731 1087 794 pro
1098 731 1152 775 sua
1169 715 1249 777 enirn
1261 717 1389 779 scientia

140 805 170 860 ct
187 795 332 859 reclusio
350 792 513 872 Theolngia
528 791 697 872 dogmatica
707 811 744 856 u·
784 793 865 856 dicta
873 804 903 858 et
911 796 990 858 iacta
999 795 1107 861 Christi
1115 816 1150 860 ac
1162 796 1387 878 Apostolorum,

139 899 190 946 cuc
204 878 414 943 monstrandus
432 886 488 940 cst.
785 876 968 957 Religionem
988 882 1146 944 revelatam
1161 886 1386 962 concernentia,

183 966 212 1027 l.
237 962 364 1026 Nomine
379 958 743 1038 SS.Patrumintelliguu-
784 963 879 1043 probe
892 973 1106 1042 cognorerunt,
1126 973 1155 1028 et
1174 983 1228 1046 pro
1246 986 1301 1028 sua
1316 987 1388 1030 san-

79 1089 89 1106 .
139 1057 188 1112 tur
210 1044 397 1110 celeberrimi
420 1044 545 1121 illiniri,
562 1043 614 1126 qui
631 1043 745 1134 doctrig
784 1046 886 1110 ctitatc
898 1048 1017 1110 nonnisi
1029 1050 1388 1194 ueralposteriscommu-

138 1153 177 1196 rra
195 1141 224 1195 el
241 1132 399 1194 sanctitate
418 1129 571 1209 conspicui
597 1128 627 1190 iu
657 1129 741 1209 prio·
783 1130 884 1194 nicar'e
903 1132 1069 1196 voluerunt.
1120 1141 1184 1194 ecte
1200 1133 1291 1212 igitur
1308 1136 1388 1200 Mel·

136 1211 665 1293 ribuschristianissaeculisscriptis
678 1213 740 1275 suis
782 1215 866 1280 cdior
888 1216 989 1280 Cunus
1012 1216 1069 1278 ait:
1092 1216 1158 1278 <ln
1177 1214 1229 1280 SS.
1246 1217 1387 1284 Patribus

137 1299 303 1364 Ecclesiam
320 1299 518 1360 illustrarunt.
539 1297 584 1359 Ad
603 1304 739 1360 sanctum
782 1299 971 1362 mendacium
990 1300 1134 1381 suspicari
1155 1301 1237 1382 quod
1255 1302 1292 1364 ad
1318 1322 1386 1365 me-

136 1384 253 1449 Patrem
273 1400 343 1462 crgo
362 1381 604 1444 constituendum
619 1381 675 1442 tria
693 1400 740 1444 re·
782 1383 908 1446 muriam
928 1384 1140 1463 sempiternam
1161 1387 1322 1450 transferre
1338 1388 1385 1450 illi

111 1470 313 1551 unirentur,
333 1465 474 1528 nimirum
500 1464 681 1544 antiquitas,
705 1473 739 1528 ut
780 1467 938 1529 scribendo
956 1468 1126 1545 voluerint,
1149 1469 1299 1549 piaculum
1324 1480 1382 1535 est.

136 1572 208 1616 aevo
226 1551 390 1634 apostolico
403 1549 568 1632 proximior
580 1550 684 1628 luerit,
696 1585 738 1596 -
779 1549 892 1629 Magnis
913 1552 1036 1633 quippe,
1052 1553 1274 1635 praeclarisque
1290 1554 1387 1616 virtu-

135 1637 284 1713 ductrinu,
304 1654 357 1697 seu
373 1635 510 1710 eclectio,
524 1652 584 1715 qua
600 1633 739 1712 dogmata
781 1635 861 1698 tibus
878 1634 934 1697 uiri
953 1635 1135 1698 sanctissimi
1160 1645 1250 1718 atque
1275 1639 1385 1718 optimi

135 1721 174 1783 ab
187 1719 337 1802 Apostolis
352 1718 461 1781 tradita
474 1719 531 1780 rite
540 1718 735 1800 perspexerit,
779 1718 808 1779 id
824 1719 966 1800 consequi
983 1729 1168 1798 meruerunt,
1188 1731 1221 1784 ut
1242 1722 1273 1783 in
1291 1723 1384 1786 rebus

134 1813 166 1868 et
183 1839 199 1852 -
218 1804 360 1868 sanctitas
371 1804 461 1879 vitoe,
476 1812 510 1864 ut
525 1811 652 1880 constet,
666 1820 736 1865 cunr
779 1802 939 1878 eiusmodi,
958 1822 1034 1883 quas
1048 1805 1093 1868 vel
1107 1813 1258 1886 spectasse
1276 1825 1321 1883 se,
1336 1809 1384 1870 vel

134 1889 256 1952 nonnisi
284 1907 354 1949 vcra
384 1887 572 1949 conscribere
594 1886 734 1950 voluisse.
779 1886 817 1948 ab
836 1887 903 1950 aliis
922 1887 980 1950 lide
997 1888 1111 1968 dignis,
1130 1889 1183 1971 qui
1202 1891 1381 1971 spectarint,

133 1972 168 2036 Iu
196 1992 286 2036 sensu
312 1971 454 2033 strictiori
479 1970 667 2033 solummodo
686 1989 737 2033 sex
775 1989 809 2032 se
827 1971 958 2034 audiisse
976 1972 1075 2034 testati
1093 1983 1175 2049 sunt,
1191 1974 1264 2036 ddcs
1284 1976 1384 2036 omni-

133 2059 300 2140 primorum
309 2056 460 2118 Ecclesiae
469 2055 736 2118 sacculorumscri-
776 2073 815 2116 uc
831 2055 891 2118 illis
912 2055 1127 2136 habeatur(l).
1149 2077 1164 2118 a
1183 2092 1225 2104 -—
1242 2056 1383 2136 Magnam

133 2151 233 2224 ptores
248 2141 328 2202 docti
343 2149 372 2203 et
387 2139 483 2202 sancti
502 2158 597 2220 usquc
612 2138 649 2200 ad
664 2137 737 2202 Gre·
776 2157 842 2202 esse
861 2139 892 2202 in
909 2138 1000 2204 rebus
1019 2140 1087 2204 lidei
1106 2138 1158 2204 SS.
1178 2140 1302 2204 Patrum
1324 2162 1382 2206 au-

132 2226 250 2306 gurium
260 2224 298 2287 tt.
308 2224 452 2287 inclusive
465 2221 735 2286 Patresnominau·
776 2224 941 2286 cleritatem
961 2223 1026 2304 ipsa
1054 2221 1084 2288 S.
1110 2223 1262 2307 Scriptura
1285 2234 1381 2290 testa·

133 2318 193 2373 tur.
216 2309 249 2372 Iu
267 2327 359 2372 sensu
379 2327 448 2372 uero
466 2306 566 2370 latiori
585 2307 734 2387 usquead
777 2315 844 2369 tur:
865 2325 934 2372 nam
953 2305 985 2370 S.
1004 2307 1116 2372 Paulus
1135 2309 1182 2390 (E)
1210 2309 1294 2372 dicit:
1316 2311 1381 2391 lpse

131 2396 283 2458 saeculum
297 2389 675 2471 duodecimumscriptores
689 2409 735 2453 re·
776 2391 881 2473 (Deus)
900 2392 979 2456 dedit
996 2395 1138 2471 quoscum
1155 2393 1272 2473 quidem
1294 2394 1380 2475 Apo·

131 2480 236 2558 ligicsa
250 2479 375 2540 scicntia
387 2486 417 2540 et
433 2475 543 2557 pietate
557 2474 735 2537 excellentes
773 2477 874 2554 stolus,
891 2477 1031 2556 quosdam
1045 2485 1144 2540 cutem
1154 2479 1325 2558 proplrclus,
1342 2498 1379 2542 a·

130 2556 735 2643 Patresduncupantur‚quorumpraecla·
773 2561 828 2624 lica
844 2578 914 2624 vero
937 2561 1166 2642 Ecortpclistcs,
1183 2563 1256 2624 ulios
1277 2573 1380 2626 cutem

130 2667 197 2710 rum
212 2665 318 2728 agmen
333 2644 363 2709 S.
380 2643 548 2706 Beruardus
560 2642 681 2705 claudit.
692 2677 734 2689 -
769 2653 904 2724 pastores
922 2654 948 2708 cl
970 2647 1100 2708 mslorca
1116 2679 1133 2692 ·
1152 2647 1243 2708 donec
1270 2665 1380 2710 occur-

129 2731 250 2809 Patros,
270 2747 397 2811 quorum
426 2727 538 2808 scripta
556 2726 655 2808 quoad
676 2727 732 2788 do·
773 2747 878 2792 remus
897 2746 999 2792 omnes
1017 2730 1051 2792 in
1068 2731 1213 2794 unitatem
1230 2731 1318 2809 fidei,
1337 2767 1380 2780 -

129 2825 228 2896 gmata
255 2815 324 2877 lidci
349 2821 379 2876 et
401 2829 518 2874 morum
538 2813 575 2875 ab
598 2811 733 2874 Ecclesia
773 2822 806 2874 ul
823 2813 886 2878 iuni
903 2831 965 2876 uon
981 2814 1076 2876 simus
1089 2815 1212 2893 porcilli
1225 2815 1379 2894 ductisun-

129 2901 334 2983 approbanlur
347 2905 377 2959 et
398 2897 659 2971 commendantur,
680 2913 733 2977 per
772 2904 813 2959 lca
825 2906 852 2960 et
863 2897 1114 2976 circumferamur
1127 2899 1209 2962 omni
1220 2906 1307 2961 ceroto
1322 2901 1379 2964 clo-

129 2983 365 3049 antonomasiam
376 2979 732 3060 Ecclesiaedoctoresap-
772 2981 899 3046 ctrinac.
911 3015 951 3028 -
966 2981 1123 3059 Deusergc
1139 3001 1199 3044 non
1217 2983 1315 3044 solum
1334 2983 1379 3046 A·

129 3071 290 3150 pellantur.
301 3066 468 3128 Talessrrnt
480 3072 608 3144 quatuor
623 3064 653 3124 in
669 3063 729 3126 Ec·
772 3066 921 3145 postolos,
941 3065 1164 3150 Evangelistas,
1183 3066 1351 3147 Prophetas
1368 3113 1377 3142 ,

128 3154 220 3216 clesia
238 3150 393 3226 orientali,
413 3165 521 3227 nempe
540 3149 570 3212 S.
593 3147 730 3212 allona·
771 3149 954 3227 Pastores,i.
972 3168 999 3213 e.
1021 3149 1195 3230 Episcopos
1212 3151 1262 3212 sed
1284 3151 1376 3212 etiam

128 3238 204 3312 sius,
218 3236 250 3299 S.
266 3233 409 3308 Basilius,
423 3231 454 3295 S.
475 3232 638 3314 Gregorius
648 3233 729 3296 Nos.
771 3233 925 3308 Doctores,
944 3232 966 3294 i.
980 3253 1008 3296 e.
1025 3231 1076 3296 SS.
1088 3233 1189 3296 Patres
1207 3235 1312 3296 adosse
1328 3245 1379 3296 io·

128 3322 161 3386 S.
181 3321 225 3384 io.
247 3319 486 3398 Cltrgaostomus:
506 3318 577 3380 olim
597 3314 740 3395 etiamid
772 3316 828 3378 luit
843 3317 880 3380 ad
898 3316 1042 3380 unitatem
1063 3326 1092 3379 et
1110 3317 1280 3381 firmitatem
1303 3318 1375 3382 duci

127 3403 262 3470 Ecclesia
283 3401 461 3464 occidentali
474 3409 604 3481 quatuor
621 3417 731 3462 nume·
771 3400 1107 3472 obtinendam-Ideo
1119 3401 1296 3464 universalis
1312 3401 1374 3466 Ec-

121 3489 294 3564 ,rabanlur3
316 3487 455 3548 nimirum
482 3486 513 3549 S.
534 3483 729 3560 Ambrosius,
771 3483 864 3548 clesia
882 3485 914 3548 iu
935 3485 1025 3550 rebus
1049 3485 1117 3548 fidei
1142 3485 1263 3548 maximi
1291 3504 1376 3550 sem·

127 3575 160 3639 8.
174 3572 375 3652 Augustinus,
389 3570 424 3635 S.
438 3568 640 3650 Hierortymus
653 3575 683 3628 et
696 3567 728 3631 S.
772 3587 826 3650 per
843 3569 913 3634 lecit
931 3569 1137 3634 auctoritatem
1163 3569 1297 3634 Parrum.
1325 3567 1375 3632 Sic

129 3657 295 3740 Gregorius
307 3657 352 3722 M.
356 3678 371 3729 ;
384 3653 430 3716 his
452 3659 551 3714 aulem
573 3658 633 3714 tres
649 3652 730 3714 solc-
771 3652 934 3718 Concilium
945 3653 1127 3734 epauleum
1135 3653 1307 3726 declararit,
1322 3672 1377 3735 po·

119 3744 239 3812 ‚mniter
252 3739 379 3822 appositi
399 3743 480 3812 sunt,
496 3734 661 3800 videliceta
677 3735 732 3798 Be·
771 3737 858 3802 steria
876 3737 951 3804 nihil
971 3737 1052 3800 aliud
1080 3737 1262 3800 credendum
1286 3755 1374 3814 esse,

127 3827 247 3889 aedicto
276 3821 340 3886 XIV
356 3822 389 3887 S.
408 3821 466 3884 Leo
483 3820 541 3896 M,
563 3839 579 3882 a
594 3819 647 3883 Pio
665 3819 731 3884 litt
771 3821 950 3902 quamquod
963 3821 1115 3886 sucrcsidi
1127 3821 1372 3888 corcmnlianeSS.

128 3911 160 3975 8.
180 3908 371 3984 chordus,
391 3915 420 3968 et
436 3924 453 3968 a
470 3903 523 3966 Pio
537 3903 576 3968 IX
592 3903 625 3972 S.
646 3905 731 3970 Hila·
770 3907 899 3970 Putrem
915 3906 1055 3969 terruisset
1073 3905 1248 3985 antiquitus.
1264 3903 1374 3968 Conci-

94 4054 99 4074 ,
127 3995 205 4056 rius.
771 3988 843 4050 lium
865 3989 1098 4054 chalcedonense
1121 3991 1167 4071 (3)
1184 3989 1245 4051 ait:
1265 3989 1375 4068 Seurri·

171 4077 202 4136 E.
221 4071 435 4135 Auctoritatem
456 4069 507 4134 SS.
527 4071 649 4131 Parrum
667 4077 728 4130 tum
771 4089 841 4133 mur
858 4073 911 4136 SS.
936 4074 1042 4135 Patres
1060 4083 1087 4136 cl
1105 4073 1242 4135 Doctores
1261 4073 1293 4135 S.
1311 4075 1374 4135 Ec·

129 4166 224 4218 rccloc
254 4155 381 4218 rollonis
411 4155 579 4227 iudicium,
608 4159 668 4212 tum
696 4152 727 4213 8.
771 4154 886 4229 clectos,
906 4161 933 4217 et
951 4157 1064 4226 omnio,
1081 4165 1155 4234 pune
1173 4157 1208 4218 cl
1222 4157 1268 4218 lois
1287 4157 1323 4217 dc
1336 4157 1374 4235 pi·

130 4238 304 4316 Scripturas
320 4241 454 4319 effetum,
475 4247 536 4297 tum
553 4233 732 4297 urriucrsolis
770 4238 807 4299 dc
818 4248 908 4313 recto,
921 4245 948 4299 el
961 4239 1000 4300 cd
1014 4240 1286 4302 courdemuutionem
1301 4239 1374 4302 loe-

160 4339 191 4398 n)
209 4343 241 4388 ue
252 4345 299 4389 roe.
313 4345 386 4390 tneor.
476 4341 508 4399 (a)
521 4339 580 4401 non.
596 4339 618 4400 a,
638 4339 670 4386 u.
801 4341 832 4402 pl
848 4341 871 4390 r.
887 4343 925 4397 111.
937 4357 959 4390 e.
977 4345 997 4392 r.
