2928 4734
461 205 535 250 nans
552 205 585 250 ιι.
605 203 708 252 sncrvo
722 205 754 250 ιι.
774 203 867 250 carun
884 204 917 249 ιι.
1216 184 1276 245 183

76 290 338 361 conquererentur.
350 281 389 348 lit
407 284 474 368 quis
492 284 605 362 credat,
619 303 674 347 vva-
714 293 805 347 tao...
824 291 851 347 et
870 283 996 347 comedes
1010 281 1144 363 fractam
1162 278 1243 345 atari
1262 282 1317 358 tvai,

77 363 183 428 donoro
202 366 338 447 periculo
357 369 444 431 tamis
462 369 675 450 periodicaese
714 378 864 432 aticorocc
884 368 1016 450 filiorem
1041 375 1173 442 tuorem,
1193 363 1317 446 et'fila'o·

58 450 256 529 exposuisse,
274 451 332 514 nisi
352 451 578 532 promissionem
595 451 675 534 idoq-
714 469 782 516 rem
797 459 957 515 tauram...
971 451 1004 513 io
1023 451 1163 532 depastio
1182 457 1207 512 ct
1225 468 1240 511 ι·
1249 450 1318 514 tati-

74 531 110 596 sis
122 543 266 598 accnrate
275 534 465 617 adimpletam
478 536 677 600 observasset.l
710 545 784 612 tam,
802 553 860 615 qou
875 537 1017 615 opprimet
1028 543 1058 598 'te
1072 534 1161 598 hostia
1179 541 1261 598 tama.
1278 567 1318 582 -

74 617 236 682 —Ilcloto'o
251 619 325 682 satis
337 639 391 700 per
405 621 529 682 seelera
543 629 600 697 est;
612 620 676 702 ipsa
694 614 697 622 ⁴
713 619 825 684 Harum
846 617 1066 700 prophetiarum
1091 618 1197 680 veritas
1224 617 1319 681 listo-

72 699 146 761 enim
167 702 332 782 promissio
350 704 387 765 ad
405 705 516 768 cultum
530 705 673 782 divinum,
711 705 779 767 rico
791 723 825 766 ax
838 702 1039 765 Pentateucho
1059 699 1268 782 antiquissimo
1283 718 1319 761 a·

72 802 147 848 auno
168 785 326 850 sabbatico
353 789 579 870 praescriptum,
604 807 676 870 pro·
716 788 815 850 bonde
834 797 960 863 constat3
982 787 1182 866 philosophico
1201 801 1236 846 en
1252 783 1320 847 eins

73 870 592 948 movendumordinatnrqetredieus
603 890 677 953 quo·
695 839 700 938 l
716 871 815 934 indole
829 871 942 933 ostendi
981 879 1066 933 otest
1075 869 1138 931 Non
1147 865 1226 931 enim
1240 885 1319 929 sem·

73 949 145 1013 libet
159 963 244 1020 sexto
264 966 489 1032 auraemalae,
505 955 678 1036 prophetiae
718 964 811 1037 peret
831 955 942 1036 ubique
959 891 1040 1018 heus
1058 951 1272 1034 temporalibus
1286 969 1320 1012 ac

76 1037 678 1121 respondens,auctoritatembdoysis‚ceu
717 1035 1320 1120 publicisaerumnispraevaricatoresle·

51 1191 53 1196 ¹
76 1118 161 1197 legati
178 1119 286 1199 divini,
307 1121 338 1186 in
357 1133 502 1204 perpetua
515 1123 679 1186 reparatio·
716 1124 761 1200 gis
777 1123 895 1204 punire,
910 1142 946 1185 ac
957 1122 1155 1204 obsequentes
1173 1119 1229 1182 sibi
1242 1128 1320 1181 tam-

51 1221 111 1264 'ne
136 1205 323 1269 conservavit
340 1207 418 1287 apud
437 1225 488 1270 eos
505 1205 609 1283 etiarn,
627 1207 678 1288 qui
718 1207 868 1286 paratibus
895 1205 980 1269 bonis
1008 1204 1193 1269 rernunerari
1224 1205 1317 1266 solet:

73 1283 193 1367 Moysen
208 1289 679 1370 ipsumnonviderunt.-Huic
716 1291 796 1352 baud
825 1308 892 1352 raro
916 1291 957 1371 pii
983 1287 1134 1353 aerumnis
1167 1287 1319 1433 oppressi,

74 1371 217 1434 vaticinio
237 1373 317 1436 ahud
333 1375 447 1438 aduecti
465 1383 572 1455 potest,
591 1375 679 1437 nimi·
717 1375 801 1455 impii
811 1374 897 1436 bonis
912 1373 1126 1456 ternporalibu‘s
1136 1391 1189 1454 rep
1202 1373 1242 1435 eti
1253 1390 1321 1433 con·

73 1471 135 1519 rum
163 1467 360 1538 ,praecaptum
389 1458 532 1521 Israelitis
558 1459 677 1537 datum,
718 1458 895 1539 spiciuntur:
910 1458 967 1540 ipsi
982 1453 1320 1521 lsratlitaeiuloboiu-

73 1545 104 1602 ol
120 1539 300 1606 tribusavmi
318 1544 501 1624 temporibus
513 1543 679 1605 ouiniema-
718 1552 763 1604 stu
779 1542 1020 1605 tribulationibus
1036 1542 1143 1605 obruto
1154 1539 1320 1620 eiemplum

72 1623 190 1699 saulus,
205 1625 323 1688 deserta
342 1627 460 1709 propria
478 1627 610 1704 regione,
629 1647 680 1708 ap·
719 1626 893 1708 prophetiae
912 1627 1058 1688 mosaicae
1075 1625 1206 1707 ipsorum
1222 1623 1320 1685 natio-

73 1716 195 1786 pareret
204 1709 235 1770 in
250 1720 407 1790 conspecta
421 1710 551 1787 Dovuini,
570 1711 599 1772 iu
615 1712 679 1774 loeo
718 1729 786 1772 nean
806 1711 1147 1792 spectanticontrarium
1174 1724 1321 1786 cognove-

73 1791 190 1854 scilicet
213 1792 308 1858 eleclo
336 1814 353 1856 a
374 1793 517 1870 Dounino,
541 1793 680 1858 adiuncta
718 1803 798 1856 runt.
812 1791 963 1876 -Neque
981 1794 1087 1856 electio
1106 1791 1206 1869 Regis,
1227 1800 1257 1853 el
1272 1789 1319 1854 ab

74 1875 295 1953 promissione,
317 1877 395 1959 qaod
415 1870 518 1940 nullus
540 1879 681 1942 inimicus
718 1877 818 1940 dnbtio
838 1877 917 1940 illios
936 1897 1002 1939 cum
1020 1878 1129 1959 populo
1145 1877 1176 1938 in
1195 1875 1320 1956 captivi·

76 1959 194 2020 interea
219 1969 328 2024 terram
355 1979 459 2024 eorum
489 1981 680 2041 aggressurus
720 1970 808 2023 tatem
826 1962 1000 2026 staturaliter
1015 1960 1179 2042 praevideri
1194 1967 1319 2042 poterat.

75 2041 113 2102 sit
140 2043 203 2122 (1).
228 2043 307 2108 llaec
332 2045 462 2126 prolecto
494 2048 558 2109 sine
583 2047 680 2109 divina
719 2043 796 2118 Quid
823 2045 956 2108 dicamus
977 2045 1019 2108 de
1043 2044 1241 2108 destructione
1268 2061 1320 2104 ur-

75 2125 184 2188 virtute
204 2127 248 2188 oti
265 2147 323 2189 nou
337 2129 507 2210 pertici,.sic
521 2149 576 2192 nee
591 2150 679 2212 prae·
720 2130 815 2207 biorn,
842 2140 871 2192 et
889 2149 1039 2192 taurorum
1069 2129 1320 2204 firmissimorum,

75 2209 168 2272 videri
185 2219 335 2292 poterunt3
352 2221 541 2294 elnunquam
559 2215 679 2294 legitur,
720 2225 749 2276 et
767 2214 926 2296 praecipue
945 2215 982 2276 de
1001 2214 1103 2275 ultima
1125 2212 1320 2274 circumstan-

75 2293 124 2353 tali
137 2303 272 2375 tempore
286 2295 414 2357 bostium
429 2295 623 2378 irruptionem
638 2299 680 2361 ia·
719 2299 772 2372 tia,
800 2317 876 2379 qnae
904 2297 1089 2361 incredibilis
1113 2297 1243 2373 videtur,
1263 2313 1321 2378 qua

75 2385 150 2438 ctam
170 2377 277 2454 luisse,
295 2398 384 2460 quae,
403 2380 477 2442 siin
497 2379 681 2461 reipublicae
720 2383 909 2470 praedit-titur,
925 2393 1034 2444 inatres
1048 2381 1123 2443 filios
1135 2399 1206 2443 suos
1225 2396 1321 2442 come·

75 2459 286 2524 detrimentum
298 2464 481 2542 contigisset,
494 2474 573 2528 certe
584 2467 679 2544 legem
720 2476 816 2528 sturas
834 2465 966 2528 esscl-
978 2467 1124 2530 Eocvvtevo
1138 2474 1236 2528 autem
1254 2483 1320 2528 om·

76 2543 162 2609 istam
187 2544 341 2612 israelitae
364 2549 490 2630 implere
516 2549 680 2612 detrectas·
719 2551 766 2612 nis
784 2549 906 2612 hisboria
929 2548 1127 2612 israelitarum
1154 2552 1319 2612 conburunt.

76 2637 151 2690 teni·
720 2633 869 2698 israelitae
891 2634 970 2695 enim
991 2634 1047 2714 legi
1068 2634 1184 2695 divinae
1203 2633 1321 2698 obtem·

116 2711 167 2775 111.
189 2711 316 2794 Saepiqs
331 2713 442 2796 Moyses
459 2714 600 2780 Israelitis
618 2737 682 2780 om·
721 2729 859 2786 perantes
886 2717 986 2778 salices
1008 2727 1103 2787 crant,
1123 2717 1322 2777 illnmtrane-

77 2813 129 2858 nes
141 2817 160 2860 a
174 2797 237 2867 Deo
257 2798 477 2864 benedictiones
493 2801 639 2881 promisit,
656 2803 680 2865 si
722 2787 815 2864 50⁵⁵}
829 2787 1096 2868 &salibusseffllll
1107 2793 1323 2852 0²¹³ffllll¹¹¹¹¹¹¹⁸

77 2880 215 2944 mandata
237 2882 301 2943 eius
319 2881 553 2962 observaverint,
573 2903 681 2948 econ·
723 2873 1238 2957 ⁰¹tl¹10b³¹¹l¹1l31¹t(3)⁰Sle¹¹del¹1fl
1257 2875 1320 2938 Reti

78 2972 128 3028 tra·
140 2984 211 3028 vero
231 2965 322 3044 bella,
341 2968 455 3043 clades,
474 2969 596 3046 famem,
616 2970 680 3032 eni·
722 2961 874 3029 techouias
888 2983 954 3026 cnm
971 2983 1074 3041 magua
1085 2963 1184 3045 populi
1197 2965 1242 3026 sni
1258 2983 1322 3046 par·

78 3047 134 3125 lia,
155 3049 315 3130 omnisqire
337 3052 457 3130 generis
484 3053 679 3131 calamitates,
723 3061 752 3114 te
769 3053 801 3113 in
822 3052 1011 3132 captivitatem
1035 3051 1237 3131 babylonicam
1266 3053 1321 3114 ab·

77 3131 101 3192 si
118 3152 154 3196 ee
172 3134 347 3198 violaverint
371 3135 431 3214 (tl.
460 3171 498 3184 ·-
517 3135 551 3198 In
582 3136 680 3217 specie
724 3140 830 3204 ductus
855 3141 919 3214 luit,
931 3141 1114 3221 eandemque
1135 3150 1244 3203 sortem
1269 3159 1321 3203 rex

78 3212 162 3279 Deul·
189 3215 319 3294 XXVlll,
341 3219 382 3282 49
407 3227 464 3282 ele·
488 3219 679 3302 praedicitur,
724 3229 860 3292 Sedecias
875 3237 940 3302 post
957 3227 1056 3300 viginti
1076 3247 1168 3290 aurius
1182 3249 1248 3291 cum
1272 3249 1322 3292 re-

78 3296 202 3380 Regem,
219 3319 311 3382 ,qoem
344 3304 464 3368 electuri
490 3313 586 3380 erant,
608 3325 678 3366 cum
720 3307 821 3385 liqairs
840 3308 942 3386 populi
962 3312 1098 3382 expertus
1125 3309 1181 3363 est.
1202 3304 1293 3377 Porro
1306 3336 1322 3350 ·

77 3381 148 3462 ipsis
186 3387 424 3448 transferendum
449 3405 513 3452 esse
538 3388 575 3450 ad
605 3407 681 3466 gen·
720 3387 777 3449 iam
798 3387 829 3448 in
854 3385 1009 3448 obsidione
1033 3383 1182 3450 Samariae
1211 3386 1287 3448 iacta
1306 3407 1333 3456 a,

79 3475 123 3530 tes
143 3479 260 3532 exteras
284 3479 313 3531 et
331 3469 507 3548 incognitas:
529 3473 557 3534 in
577 3473 680 3534 eodem
720 3469 880 3548 Beuadab,
904 3489 971 3548 repe
999 3465 1098 3550 Syriae
1121 3469 1186 3550 (d),
1207 3470 1275 3534 dein
1291 3470 1322 3532 iu

77 3551 283 3632 capitanatum
298 3553 438 3631 dignaest
451 3555 591 3618 terribilis
604 3575 684 3618 com·
722 3553 1101 3636 obsidioneHierosolymac
1113 3553 1323 3634 pcrNabucbo-

78 3637 213 3701 minatio:
233 3638 367 3702 Adducet
383 3640 529 3704 Damianos
553 3657 643 3720 saper
656 3650 683 3703 tc
721 3640 898 3702 donosorem
916 3639 974 3720 (5),
988 3645 1015 3700 et
1034 3638 1198 3699 teodemiri
1218 3638 1322 3699 ultima

75 3730 190 3799 pectam
206 3721 241 3784 de
257 3722 455 3802 lonqinquo...
473 3741 616 3803 quartana
629 3725 682 3788 de·
721 3724 777 3786 sub
795 3723 879 3800 Tito,
909 3732 982 3785 teste
1000 3721 1125 3802 Iosepbo
1143 3720 1242 3783 Flavio
1261 3721 1274 3800 (
1296 3719 1321 3798 ).

76 3804 153 3882 serat
170 3805 248 3880 eat,
261 3807 504 3873 aecvvva'seveatar
517 3809 679 3888 parvuli...
723 3808 861 3870 mulieres
879 3808 956 3869 tilios
975 3825 1045 3868 suos
1062 3803 1273 3880 cornederunt,
1292 3815 1323 3863 er

78 3888 683 3969 donectedv'aperdot,atcovvteratiocao·
722 3891 800 3952 inuri
825 3891 987 3954 firmissimi
1015 3887 1156 3952 destructi
1186 3893 1266 3948 suut.
1281 3919 1325 3978 -7

77 3974 345 4049 ctisurhv'havtaia,
363 3983 390 4037 et
408 3976 599 4040 deatroorvtor
612 3995 682 4039 me·
720 3976 822 4038 Nenos
843 3975 973 4037 vaticinii
988 3991 1058 4035 com
1084 3969 1237 4046 Religione
1257 3968 1323 4030 evi—

78 4056 107 4116 ri
122 4058 168 4120 tui
178 4058 272 4137 firmi,
290 4068 377 4136 atqve
393 4059 542 4135 sublimes,
561 4060 595 4122 io
611 4062 681 4138 qai·
721 4058 912 4120 deotissimus
928 4067 983 4120 ost:
1001 4074 1054 4138 per
1067 4051 1140 4115 illud
1150 4051 1231 4112 euim
1246 4051 1324 4134 blop-

81 4137 130 4218 laa
151 4141 275 4208 taletas
292 4142 433 4223 fiduciam
452 4143 485 4205 io
503 4145 585 4209 omrai
601 4153 683 4208 tarro
721 4161 768 4205 ses
784 4142 1005 4221 legislatoruon
1021 4137 1169 4213 hominos,
1186 4153 1248 4200 non
1271 4155 1337 4220 rra-¹

106 4271 126 4328 <a
153 4272 192 4318 aa.
208 4273 347 4330 aeneae.
394 4269 511 4334 'taloan
528 4273 606 4321 aeae
649 4290 653 4304 ·
751 4271 961 4334 plasmasse.
1296 4215 1389 4356 s

106 4333 130 4390 15
154 4334 264 4390 iaaeq.
405 4333 437 4385 tat
452 4335 479 4380 ιι
497 4335 586 4390 aeno.
751 4333 903 4388 vaineoeva
918 4330 964 4375 raa.
980 4328 995 4373 ι.
1011 4327 1061 4387 aa.
1076 4323 1100 4372 u.
