2910 4732
35 4468 86 4608 Ι

210 182 252 248 ld
604 203 790 250 moncons
811 201 976 250 ommam

164 279 258 342 uerri.
273 277 378 344 Totum
390 278 564 346 Universum
578 290 689 346 attente
700 301 772 346 eon·
810 281 892 344 dium
903 279 1077 366 requisitum
1087 299 1140 362 pro
1150 279 1329 356 moralitate,
1342 278 1417 364 guia

167 361 311 425 sideranti
336 366 422 430 lacile
440 376 533 448 patet,
552 367 672 443 omnia,
693 386 770 448 quae
809 366 874 428 sine
888 364 1107 443 Religionenec
1121 383 1225 428 omnes
1237 364 1415 440 relationes,

166 443 266 507 initio
286 450 477 528 reperiuntur
494 451 575 512 entia
587 447 707 531 Opiliois
720 451 767 512 sui
808 467 864 512 nee
881 451 983 512 omnia
1007 450 1126 525 officia,
1149 467 1205 510 nec
1232 448 1416 512 sufficientia

164 530 363 610 perfectiones
396 533 606 609 manifestare,
643 535 766 614 eiusque
806 533 916 595 motiva
934 539 1195 612 cognoscerentur.
1212 530 1365 596 lloralitas
1381 553 1417 596 e·

160 613 285 691 gloriam
305 625 489 695 promovere.
518 616 549 679 ld
567 629 665 680 autem
685 628 765 680 certe
806 617 867 678 nim
896 616 1078 694 Religionem
1103 615 1265 696 supponit,
1286 616 1323 678 ab
1350 615 1414 679 liae

161 714 219 758 non
239 715 275 758 ex
299 700 358 761 alio
377 702 435 762 line
454 700 616 779 contingit,
643 701 701 762 nisi
733 710 765 763 ut
802 699 854 762 illa
871 699 1045 781 imperatur,
1064 709 1094 762 et
1113 701 1145 761 in
1164 699 1218 761 hac
1236 699 1287 762 illa
1306 702 1413 762 conti-

161 778 310 857 homines,
330 785 446 846 ratione
463 785 598 866 praediti,
618 783 764 848 Creatoris
803 793 908 846 netur:
943 784 1116 846 autonomia
1150 793 1249 845 autem
1280 783 1413 870 rationis

159 863 206 925 sui
223 865 483 948 omnipotentiam,
498 867 687 949 sapientiam,
706 869 762 932 bo·
802 869 950 948 practicae
971 867 1088 930 admitti
1115 867 1289 948 neutiquam
1307 875 1412 948 potest

46 1015 49 1026 Ι
159 947 763 1032 nitatem,omnipraesentiam,providen-
802 951 843 1032 (5.
871 951 938 1033 35).
958 951 992 1032 h)
1011 951 1131 1014 Falsum
1149 951 1260 1032 pariter
1275 959 1332 1027 est,
1351 970 1410 1014 as-

159 1029 229 1093 tiam
248 1041 306 1096 etc.
326 1043 517 1114 cognoscant,
536 1035 694 1117 ipsumque
712 1037 763 1099 de-
801 1053 899 1098 serere
921 1053 988 1099 marr
1003 1035 1254 1112 Eudaemoru'stis,
1271 1033 1410 1113 Religio·

158 1112 221 1178 bito
241 1117 329 1180 modo
344 1118 454 1181 colant.
474 1117 546 1191 Quis
565 1137 634 1200 ergo
652 1139 712 1182 non
724 1140 760 1182 a·
800 1136 868 1180 nem
881 1139 917 1182 er
928 1137 963 1182 en
978 1127 1092 1180 tantum
1110 1119 1308 1182 necessariam
1323 1138 1407 1196 esse,

156 1209 276 1284 gnoscet
290 1202 496 1280 gravissimum
507 1202 669 1282 Religionis
677 1220 761 1266 exer·
800 1203 870 1283 quia
883 1212 928 1266 est
943 1203 1076 1266 medium
1095 1201 1294 1265 necessarium
1309 1203 1347 1264 ad
1359 1203 1409 1265 ie-

156 1284 269 1346 cendae
285 1285 427 1362 cilicium,
446 1286 483 1348 ad
498 1306 588 1368 quarn
603 1288 692 1350 horno
707 1307 761 1369 per
800 1286 952 1350 licitatern.
981 1287 1061 1348 Deus
1092 1287 1172 1348 enim
1201 1305 1262 1347 non
1289 1287 1407 1372 solum,

156 1385 274 1445 omnes,
309 1387 383 1450 quas
415 1371 577 1452 conspicit,
610 1379 759 1436 creaturas
799 1371 1087 1451 quianobisbonus,
1107 1371 1158 1432 sed
1177 1370 1267 1432 etiam
1283 1369 1354 1450 quia
1370 1371 1406 1432 in

155 1453 349 1531 provocaturi
799 1473 831 1514 se
848 1454 1015 1530 bonusest,
1032 1473 1051 1515 a
1067 1453 1155 1516 nobis
1171 1454 1229 1516 coli
1246 1453 1346 1515 debet.
1371 1457 1406 1533 c)

199 1535 230 1597 5.
247 1553 286 1598 er
302 1553 445 1600 consenso
461 1538 606 1617 gentiam.
626 1536 709 1602 Sicut
722 1559 758 1602 e·
798 1536 916 1600 Falsum
935 1537 1068 1615 tandem,
1084 1547 1114 1600 et
1130 1537 1255 1599 maxime
1273 1537 1405 1618 impium

155 1619 218 1682 nim
237 1638 342 1684 omnes
360 1629 464 1700 gentes
489 1621 671 1686 divinitatem
700 1625 757 1686 ali·
798 1630 854 1698 est,
874 1623 975 1685 dicere
1005 1640 1074 1684 eum
1101 1622 1297 1697 Mardiooetli,
1316 1620 1407 1684 Reli-

156 1721 246 1785 quam
266 1703 462 1782 admiserunt,
478 1705 520 1768 sic
538 1707 627 1769 etiam
645 1705 758 1788 ubique
796 1703 915 1782 gionenr
933 1725 993 1768 non
1010 1705 1125 1786 requiri
1142 1706 1199 1768 risi
1218 1715 1251 1766 ut
1267 1704 1407 1768 medium

153 1789 287 1850 locorum
303 1807 460 1870 persuasae
474 1790 757 1867 luerunt,interlli·
798 1790 999 1852 necessarium
1022 1791 1059 1852 ad
1083 1789 1272 1852 securitatem
1299 1799 1405 1851 exter-

154 1871 321 1948 trinitatem,
333 1881 362 1935 et
376 1873 511 1934 homines
522 1875 680 1937 relationes
694 1897 768 1942 rno-¹
799 1891 865 1934 narn
881 1873 1003 1936 instato
1017 1873 1096 1935 cirili
1106 1871 1309 1936 obtinendam.
1323 1871 1407 1936 Con-

151 1957 233 2038 rales
256 1956 333 2035 dari,
361 1956 502 2038 illamque
526 1959 635 2020 summi
665 1962 757 2022 aesti-
797 1957 921 2018 tracium
940 1976 1012 2022 sane
1036 1957 1126 2020 allata
1143 1957 1203 2020 iarn
1224 1965 1405 2036 argumenta

154 2041 315 2118 mandam,
335 2037 517 2119 timendam,
542 2042 756 2126 colendamque
796 2040 947 2105 evincunt.

153 2141 229 2186 esse.
250 2123 321 2187 ltleo
335 2125 415 2207 apud
433 2143 548 2202 onrneS,
560 2125 630 2190 licet
648 2127 756 2190 harba-

151 2226 200 2269 ros
217 2210 357 2290 populos,
377 2209 491 2289 species
508 2210 653 2290 quaedam
672 2209 754 2274 Reli·
1007 2216 1133 2268 catur
1148 2216 1184 2264 V·

151 2291 248 2370 gionis
266 2292 385 2355 inventa
403 2301 459 2354 est.
477 2293 518 2354 Ex
533 2295 590 2356 isto
609 2304 706 2357 autem
721 2317 755 2358 u·
898 2314 947 2357 :or
969 2321 1089 2358 renarro
1110 2315 1281 2356 ιιιιιιιοιιιι

152 2375 291 2438 niversali
301 2394 447 2438 consensu
459 2387 593 2458 apparet,
608 2380 752 2442 rationem
1025 2435 1029 2458 ,
1044 2417 1074 2490 3·
1093 2424 1146 2471 45·

151 2459 257 2540 ipsam,
278 2461 411 2522 naturali
434 2461 547 2522 lumine
576 2463 773 2526 illustratam·
861 2505 863 2510 .

150 2542 312 2620 Religionis
331 2553 522 2625 praeceptum
545 2545 667 2610 dictare.
834 2541 947 2622 Religio
965 2553 1011 2606 est
1027 2545 1131 2608 relatio
1149 2545 1270 2607 moralis
1295 2543 1402 2608 homi-

193 2625 278 2688 Ratio
289 2673 298 2704 ,
323 2646 391 2688 cum
417 2630 455 2690 sit
480 2647 534 2690 ens
564 2631 752 2710 contingens,
793 2627 839 2689 nis
857 2627 894 2689 ad
912 2627 1017 2690 licum.
1034 2627 1128 2691 Sicuti
1137 2638 1236 2690 autem
1248 2637 1327 2692 totus
1342 2630 1401 2692 lro·

151 2718 271 2792 propter
295 2711 481 2792 semetipsam
502 2714 751 2794 aestimationem,
794 2730 841 2772 mo
861 2730 878 2774 a
896 2711 957 2773 Deo
984 2713 1111 2793 pendet,
1136 2713 1179 2774 sic
1204 2712 1291 2775 etiam
1314 2722 1402 2776 totus

150 2804 180 2857 et
194 2793 369 2877 obsequium
382 2815 440 2857 non
458 2806 598 2873 meretur,
617 2799 667 2860 sed
683 2801 752 2880 quia
793 2794 881 2857 ltoma
899 2795 937 2856 ad
954 2795 1048 2858 Deum
1067 2796 1240 2871 referendus
1259 2806 1315 2873 est,
1340 2816 1401 2878 per

150 2886 194 2940 est
213 2897 320 2959 praeco
340 2880 469 2957 summi,
488 2889 517 2940 et
543 2881 670 2944 absoluti
693 2883 753 2946 Le·
793 2879 920 2941 liberum
948 2881 1108 2942 voluntatis
1126 2890 1244 2957 actum,
1269 2880 1321 2961 qui
1340 2900 1400 2943 oo·

148 2961 316 3041 gislatoris,
350 2963 435 3025 cuius
461 2964 548 3026 nobis
572 2966 751 3030 voluntatem
791 2961 975 3040 gnitionem,
994 2982 1048 3026 seu
1073 2964 1160 3026 fidem
1183 2963 1336 3044 supponit,
1364 2978 1401 3027 et

149 3047 330 3109 manifestat.
359 3047 438 3110 Deus
458 3066 527 3126 ergo
549 3047 613 3129 ipse
631 3069 684 3129 per
701 3071 752 3113 ra·
791 3047 1140 3110 felicitatem-moralitati
1154 3047 1398 3128 corresponden-

150 3129 260 3192 tionem
280 3129 366 3192 nobis
389 3130 572 3210 Religionem
595 3135 751 3215 praecipit,
792 3139 849 3192 tem
870 3140 1011 3193 meretur.
1028 3129 1060 3192 ln
1080 3131 1135 3194 lroc
1153 3132 1288 3194 consistit
1303 3149 1399 3195 verns

148 3212 213 3275 sine
232 3233 291 3294 qna
309 3214 345 3276 atl
363 3215 451 3278 finem
472 3226 604 3278 nostrum
623 3217 765 3282 felicitat
791 3213 953 3291 Religionis
963 3215 1096 3296 spiritus,
1115 3216 1167 3297 qui
1186 3216 1217 3295 l)
1231 3215 1397 3296 praecipue

148 3306 438 3379 temqneperennem
450 3300 673 3384 pervenirenorn
685 3321 752 3382 pos·
792 3297 909 3378 quidem
928 3299 1056 3362 interius
1069 3299 1208 3375 residere,
1222 3298 1256 3378 2)
1271 3299 1320 3360 sed
1340 3317 1399 3364 esr-

149 3399 265 3444 sumns.
589 3411 594 3422 ·
791 3381 884 3444 terias
907 3399 1018 3462 peropto
1036 3400 1067 3446 oa
1090 3384 1282 3463 marciscatcre
1299 3383 1402 3446 debet..

189 3465 267 3528 Noto
293 3465 321 3527 l.
350 3465 393 3528 Ex
410 3466 497 3529 dictis
515 3476 648 3549 apparet,
668 3467 751 3532 Reli·
790 3464 904 3544 Religio
919 3485 1001 3545 ergo,
1015 3475 1047 3529 ut
1061 3469 1207 3547 compieta
1217 3468 1267 3543 sit,
1279 3466 1398 3547 finique

148 3547 265 3625 gionem
280 3549 335 3612 snb
351 3550 460 3630 triplici
473 3552 632 3632 praecipue
651 3570 752 3634 respe-
791 3567 844 3610 suo
862 3549 1042 3628 satisfaciat,
1061 3567 1120 3612 non
1143 3553 1239 3612 solum
1258 3552 1396 3630 interno,

149 3641 197 3694 ctu
217 3634 412 3710 necessariam
433 3652 509 3696 esse.
536 3634 614 3697 Deus
633 3637 712 3723 enim
734 3657 751 3698 a
791 3633 948 3706 sedetiam
965 3643 1089 3699 eaterrro
1105 3635 1145 3697 sit
1161 3635 1339 3717 oportet?
1354 3641 1364 3646 ”
1400 3648 1403 3653 “

149 3715 236 3777 nohis
256 3717 399 3778 colendus
417 3724 462 3778 est
479 3719 508 3778 l.
526 3719 595 3798 quia
614 3730 658 3781 est
676 3722 752 3784 irase
1202 3717 1204 3720 ⁵
1362 3751 1375 3780 s

144 3799 387 3878 perfectissimos,
407 3800 438 3861 i.
460 3800 529 3880 qrria
546 3809 589 3862 est
614 3804 748 3881 Creator,
917 3875 922 3880 ,
1037 3772 1068 3845 3
1086 3779 1153 3826 ‘¹⁰‘
1179 3866 1189 3871 ..
1232 3863 1235 3868 .
1333 3804 1366 3823 ““
1409 3818 1411 3824 ’

147 3892 174 3945 et
195 3883 383 3946 Gubernator
402 3886 547 3959 omairrm,
568 3885 598 3946 3.
620 3887 688 3964 quia
706 3898 751 3951 est
937 3873 953 3921 ¹·
967 3874 1000 3966 ΡΘ
1015 3876 1126 3932 '⁰¹¹3¹⁰¹¹⁰
1142 3875 1242 3920 ¹⁰¹⁰‘¹¹³·
1332 3885 1335 3891 ’

148 3967 273 4030 attimaro
290 3967 375 4029 Finis
393 3977 503 4043 noster,
522 3987 611 4047 quem
631 3988 683 4049 per
700 3991 749 4033 so·
831 3973 869 4037 Ut
885 3973 997 4056 Religio
1017 3997 1075 4039 nnn
1095 3977 1125 4039 in
1144 3977 1399 4058 hypocrisim‘aul

149 4051 208 4116 lam
225 4049 408 4128 Religionem
423 4051 566 4129 attingere
580 4071 748 4133 possumus.
791 4061 1024 4122 mechanismnm
1037 4062 1205 4140 degeneret,
1222 4063 1251 4122 in
1269 4064 1399 4146 mentisg

191 4135 269 4198 Noto
291 4135 321 4196 ⁹2.
344 4136 375 4215 a)
402 4134 519 4196 Falsum
539 4154 608 4212 ergo
627 4145 682 4214 est,
702 4139 750 4200 di-
791 4144 942 4224 animique
960 4146 1075 4207 actibus
1095 4146 1397 4226 praeprimisconsi-

149 4235 215 4280 aare
236 4238 301 4280 corn
321 4220 493 4296 Kootioots,
508 4217 689 4304 Religionem
703 4242 752 4283 so·
791 4236 868 4290 stere
886 4229 983 4290 debet.
1003 4228 1064 4290 lmo
1079 4240 1110 4290 ut
1126 4231 1256 4310 perlecta
1272 4233 1396 4292 moralis

149 4299 301 4366 luminotlo
320 4303 517 4368 necessariam
538 4303 601 4367 e‘sse
621 4325 674 4369 ceu
690 4325 752 4370 me·
790 4311 862 4371 unio
880 4331 947 4372 euro
969 4311 1027 4375 lteo
1047 4313 1229 4390 obtinentur,
1249 4314 1339 4378 horno
1358 4333 1396 4378 ο-
