2910 4732
457 189 531 236 nans
553 191 573 236 r.
597 190 699 240 suone
721 191 742 236 r.
767 191 860 238 menn
881 192 914 239 u.
1224 175 1262 238 et

69 267 135 336 dum
154 267 239 334 enirn
253 267 326 348 sint,
343 266 395 352 qni
408 267 617 350 singularibus,
632 285 668 332 ac
708 278 752 348 ut,
767 269 820 351 qui
832 289 906 331 ausu
919 269 1076 334 temerario
1087 269 1118 332 in
1130 287 1240 332 arcena
1252 289 1308 334 nt·-

69 356 193 419 insolitis
210 355 411 430 delectentur,
425 353 491 418 ideo
506 354 551 432 fit,
566 362 600 416 ut
613 373 668 416 no·
707 361 792 416 turae
812 354 956 428 involant,
979 363 1067 436 atque
1086 355 1165 416 intre
1183 362 1308 416 naturae

66 441 148 502 randi
167 439 270 502 studio
287 438 381 501 illecti
397 447 571 518 argumenta
593 457 667 501 noua
707 437 865 512 cancellos,
883 446 914 519 et
931 437 1040 498 limites
1055 437 1155 499 omnia
1171 437 1308 500 nituntur

63 523 192 586 libenter
208 523 367 603 adoptent,
384 530 474 604 atque
492 523 534 584 ita
552 523 666 585 collau·
707 522 919 600 constringere,
936 539 1047 582 causus
1063 521 1176 600 primae
1193 521 1308 584 nullam

64 607 145 684 dent,
163 615 199 669 ut
214 616 317 668 vetera
344 615 547 687 contemnent.
575 604 632 667 hlii
650 623 666 668 e
706 607 833 686 amplius
850 606 996 666 renonem
1015 603 1155 666 habeant.

63 700 166 754 contra
182 690 292 768 solitis,
309 709 343 752 ac
362 690 438 752 tritis
452 687 574 766 assueti,
595 689 665 750 dum
748 691 778 752 5.
802 688 973 752 lncredulos
991 687 1080 750 etiam
1101 687 1237 767 producit
1247 689 1308 752 im·

63 795 149 853 aegre
178 775 279 837 lerunt
302 773 451 837 contemni
475 783 590 846 vetera,
610 772 666 834 da·
705 775 833 836 modesto
846 791 907 834 sese
920 771 1071 852 efferendi,
1088 779 1115 834 et
1130 772 1165 834 ab
1178 771 1248 834 eliis
1259 775 1307 835 diu

64 867 169 922 merant
187 878 276 921 nora.
303 858 393 920 Porro
419 859 444 920 si
467 866 540 920 teste
568 857 665 920 Tullio
705 857 986 938 stinerreudilibido,
1003 875 1062 936 qua
1077 854 1175 932 multi,
1191 857 1307 918 vesanis

64 943 104 1004 nil
123 951 186 1005 tam
208 944 333 1006 stultum
351 950 414 1016 est,
436 942 515 1023 quod
534 961 595 1004 non
613 941 668 1002 ali·
706 941 895 1022 praeiudiciis
910 941 1007 1022 capti,
1025 958 1080 1002 scu
1097 946 1191 1000 status
1209 939 1307 1016 digni-

66 1029 129 1109 quis
149 1027 353 1108 Philosophus
378 1025 531 1100 docuerit,
558 1026 667 1087 mirum
707 1033 798 1086 tatem
816 1024 905 1100 tueri,
931 1043 983 1086 seu
1006 1022 1179 1104 Philosophi
1198 1041 1307 1085 nomen

67 1109 179 1172 nemini
193 1109 288 1173 rideri
297 1111 397 1189 dehet,
409 1110 435 1172 si
447 1109 522 1171 nihil
532 1117 593 1172 tam
605 1127 669 1170 cer·
707 1109 861 1190 acquirere
879 1108 1027 1169 affectant.

68 1204 126 1256 tum
148 1194 200 1271 sit,
222 1196 301 1276 quod
322 1214 381 1258 non
399 1195 507 1276 aliquis
531 1193 669 1256 Philoso-
749 1195 780 1254 d.
802 1192 884 1254 llaud
910 1191 997 1272 pauci
1019 1191 1051 1251 in
1071 1185 1227 1266 atheismi,
1255 1210 1307 1252 seu

64 1279 139 1359 phus
155 1279 386 1360 impugnaverit.
414 1278 546 1342 Tandem
564 1277 667 1354 dubia,
708 1275 923 1338 incredulitatis
951 1276 1088 1355 abyssum
1107 1275 1306 1355 praecipitan-

65 1383 140 1442 quac
168 1383 186 1424 e
213 1363 366 1426 nonnullis
389 1372 492 1426 contra
514 1361 594 1424 varia
616 1380 669 1441 pro
709 1361 1307 1442 tur,quiaineredttloruetsermouosau-

63 1445 116 1508 llei
152 1447 311 1510 existentia
343 1443 469 1510 adducta
496 1453 670 1524 argumenta
687 1469 691 1514 t
708 1445 791 1521 dire,
812 1453 841 1506 et
865 1444 974 1522 scripte
998 1444 1094 1521 legere
1120 1461 1179 1504 non
1197 1443 1306 1506 erube·

64 1531 220 1612 proposita
248 1539 334 1608 sunt,
365 1531 460 1594 solide
485 1531 546 1594 iam
574 1531 671 1592 soluta
687 1523 691 1586 l
707 1539 806 1605 scunt,
825 1529 876 1590 sed
896 1545 949 1608 pro
967 1527 1037 1603 illis,
1057 1526 1109 1607 qui
1124 1525 1306 1604 Religionem

64 1616 161 1677 tuere.
709 1624 770 1676 tum
788 1612 897 1689 verbis,
914 1620 976 1673 tum
998 1610 1115 1691 scriptis
1132 1611 1305 1689 defendunt,
1360 1661 1364 1670 .

106 1697 159 1760 lll.
172 1697 669 1774 Ceresueinvalescentishtlreismi,
709 1717 763 1759 nec
779 1715 877 1772 aures,
903 1714 958 1757 nec
977 1695 1077 1756 oculos
1096 1695 1217 1757 hahent.

66 1790 96 1844 et
114 1781 335 1846 incredulitatis
352 1783 383 1844 in
401 1782 574 1846 veritatibus
592 1781 692 1846 Reli-t
753 1783 782 1844 l.
806 1781 910 1860 Turpis
927 1779 1112 1859 introeuntia,
1135 1779 1178 1840 ecl
1201 1797 1305 1842 curru·

65 1867 164 1945 gionis
182 1867 280 1928 variae
295 1867 441 1945 assignari
457 1876 592 1949 possunt.
689 1847 751 1946 ¹pti
767 1883 861 1927 utores
879 1865 970 1926 Deum
991 1863 1203 1944 profitentium,
1221 1883 1307 1944 prue-

110 1951 140 2011 l.
161 1949 245 2014 etate
259 1953 392 2014 educatio
407 1971 547 2033 persaepe
567 1949 672 2012 lunda·
710 1949 810 2011 sertim
827 1967 943 2021 eorum,
961 1947 1011 2027 qui
1027 1947 1101 2008 alios
1115 1947 1145 2007 in
1158 1945 1307 2024 Religione

67 2044 171 2096 menta
197 2033 296 2115 ponit,
320 2037 390 2096 dum
410 2037 455 2097 vel
474 2054 509 2098 ex
527 2036 672 2097 industria
711 2032 877 2108 instituere,
890 2033 986 2113 iisque
998 2031 1077 2092 bono
1087 2031 1220 2109 exemplo
1227 2049 1310 2110 prae·

67 2119 155 2180 malis
178 2118 331 2200 principiis
342 2138 503 2200 puerorum
518 2138 602 2182 mens
616 2120 672 2180 im·
689 2113 692 2132 ³
710 2119 810 2180 lucere
828 2117 983 2190 deberent,
1003 2115 1155 2195 nonnullis
1169 2114 1309 2175 scandalo

66 2202 183 2277 buitur,
203 2203 249 2264 rel
276 2204 308 2266 in
330 2203 517 2266 institutione
534 2203 671 2281 religiosa
710 2209 790 2277 sunt,
814 2219 868 2281 per
888 2201 966 2281 quod
986 2198 1059 2280 ipsis
1078 2197 1175 2260 omnis
1196 2197 1310 2278 Religio

67 2293 120 2347 aut
135 2287 201 2348 sola
219 2287 363 2349 momoria
377 2295 543 2368 torquetur,
563 2297 614 2348 aut
627 2287 673 2348 in·
710 2294 847 2365 suspecta
870 2286 913 2345 lit.

67 2370 204 2431 tellectus
227 2377 340 2431 tantum
362 2371 527 2449 excolitur,
547 2380 599 2432 aut
612 2369 672 2432 Re·
753 2370 783 2431 8.
800 2368 963 2449 Praecipua
974 2385 1041 2429 uero
1054 2365 1209 2440 Atheismi‚
1223 2375 1253 2428 et
1267 2365 1312 2428 in-

66 2452 138 2529 ligio
157 2453 213 2514 sub
239 2454 314 2515 tristi
334 2473 452 2535 semper
469 2463 588 2535 aspectu
619 2474 672 2517 ceu
711 2452 893 2515 credulitatis
912 2471 1001 2515 causa
1019 2460 1063 2512 cst
1076 2450 1215 2532 effraenis
1236 2451 1312 2513 oitoo

68 2556 145 2597 onus
164 2537 291 2615 durum,
311 2547 341 2600 et
359 2538 577 2600 formidandum
601 2558 672 2620 pro·
710 2538 878 2616 deprecatio
888 2533 1312 2616 proprio‚morumquelic.eo·

71 2620 205 2700 ponitur.
712 2620 752 2682 tia
768 2621 799 2682 in
819 2640 907 2682 omne
927 2621 1037 2682 malum
1057 2619 1163 2694 ellusa,
1180 2617 1313 2680 modera·

99 2704 130 2764 i.
142 2703 294 2766 Hincinde
304 2725 406 2768 ansam
420 2705 570 2768 hthcisrno
584 2725 672 2786 prae·
711 2711 804 2766 torem
822 2724 973 2782 recusans,
992 2712 1021 2766 et
1032 2703 1163 2764 iudicem
1177 2701 1314 2762 reformi-

67 2786 120 2848 bet
136 2787 322 2867 Superstitio.
341 2789 413 2852 Nam
433 2791 458 2851 si
476 2791 598 2851 iuvenes
612 2809 673 2852 ma·
711 2789 796 2851 dans.

69 2880 253 2933 turesccnles
282 2872 530 2955 deprehendunt,
558 2874 615 2935 sihi
642 2875 671 2936 in
754 2876 784 2936 9.
802 2871 903 2953 Neque
917 2870 1036 2933 reticeri
1048 2878 1145 2951 potest
1158 2867 1234 2930 alius
1249 2885 1315 2929 sco·

69 2955 434 3037 pueritiasuperstltiosa,
454 2957 538 3038 quasi
557 2959 594 3019 ad
613 2957 672 3021 Re·
712 2957 823 3039 pulus,
861 2956 1000 3018 nimirum
1032 2954 1128 3017 nimio
1157 2952 1314 3031 speculatio

71 3039 674 3121 ligionemspectent‚communicatasuis·
712 3040 941 3116 nonnullorum,
962 3039 1012 3120 qui
1041 3037 1134 3098 Deum
1164 3035 1313 3098 inlinitum

70 3142 114 3198 se,
132 3123 202 3186 idco
223 3123 333 3200 omnia,
353 3145 428 3206 quae
448 3127 533 3207 pueri
558 3126 671 3188 didice-
712 3123 962 3205 comprehendere
992 3123 1120 3197 vellent,
1140 3120 1216 3203 quod
1242 3121 1314 3182 dum

72 3214 152 3283 runt,
173 3219 311 3289 suspecta
329 3209 457 3286 habent,
480 3220 509 3271 et
526 3211 673 3290 supersti-
712 3229 773 3270 non
792 3207 972 3289 perficiunt,
992 3224 1081 3285 saepe
1104 3205 1146 3280 iti,
1173 3206 1250 3284 quod
1270 3215 1316 3268 est

73 3290 148 3350 tiosa
164 3291 313 3355 eradicare
328 3293 492 3369 studentes,
505 3295 605 3356 omnia
623 3313 672 3356 re·
712 3290 1013 3373 incomprehensibile
1027 3289 1153 3366 homini,
1173 3288 1316 3370 impossi·

72 3373 177 3452 ligiosa
195 3375 345 3438 evellenda
365 3396 429 3439 csse
448 3387 564 3459 putant.
712 3377 773 3438 bile
791 3378 870 3437 inse
888 3381 1027 3454 reputant
1045 3373 1106 3452 (l).

113 3459 153 3520 3..
176 3457 345 3522 lncredulos
374 3461 552 3542 quandoque
571 3462 673 3543 progi-
754 3459 801 3523 IV,
828 3459 964 3538 lmpietos
990 3455 1136 3519 Atheismi
1160 3455 1229 3517 talis
1252 3464 1315 3530 est,

69 3541 134 3619 gnit
152 3542 354 3622 Philosophiae
371 3546 502 3607 studium
522 3563 673 3623 mortuum,
713 3553 746 3605 ut
761 3544 857 3605 maior
871 3542 991 3620 eogitari
1009 3541 1183 3622 nonpossit.
1200 3539 1316 3600 Atheis·

69 3633 96 3688 et
113 3626 329 3705 imperfectum,
354 3629 431 3709 quod
454 3629 593 3709 equidem
616 3629 674 3690 du·
714 3627 877 3690 musenim
896 3626 989 3705 esta)
1009 3625 1228 3706 ingratissimus
1244 3639 1317 3702 erpo

70 3709 167 3769 bitere
186 3708 283 3785 docet,
309 3720 338 3772 et
361 3712 545 3775 difficultates
565 3731 690 3793 propo»
714 3715 820 3787 Deum,
834 3729 922 3791 quem
938 3729 992 3770 ceu
1009 3718 1188 3783 creatorem,
1206 3715 1235 3768 et
1247 3724 1318 3766 con-

70 3791 126 3868 nit,
141 3793 194 3853 sed
208 3812 267 3854 non
284 3795 383 3872 solvit,
404 3795 692 3876 quieveritatisin⁴⁴
715 3805 892 3858 seruatorem
922 3813 982 3855 non
1008 3792 1162 3871 agnoscit,
1195 3790 1256 3850 irno
1280 3787 1320 3848 do·

70 3875 237 3955 quirendac
252 3876 384 3940 laborem
400 3879 518 3956 refugit.
537 3879 607 3942 ldeo
621 3881 675 3941 ad·
715 3881 812 3942 medio
831 3880 933 3941 tollere
957 3886 1092 3952 conatum
1107 3909 1149 3922 «-
1163 3873 1197 3952 h)
1214 3871 1316 3934 meei-

71 3959 171 4036 agium
182 3959 266 4021 dicit:
283 3961 499 4043 «Philosophia
511 3964 614 4025 leviter
625 3983 677 4041 gu·
715 3964 900 4042 ruo‘iuiquus
926 3978 997 4041 erqo
1015 3960 1223 4038 semetipsum,
1248 3953 1319 4033 quie

72 4051 146 4103 stata
157 4043 278 4105 abducit
293 4064 310 4106 a
328 4044 401 4122 lieo,
415 4046 467 4108 sed
487 4047 606 4126 penitus
624 4067 693 4109 eur
715 4047 773 4110 sibi
792 4065 874 4127 spem
897 4043 1146 4115 immortalitatis,
1175 4048 1205 4098 et
1232 4055 1317 4096 sum-

72 4125 179 4188 hausta
196 4128 314 4190 reducit
331 4129 369 4191 ad
392 4149 502 4192 eum.)
703 4150 798 4192 vmum
815 4131 926 4193 bonum
939 4125 1259 4208 cripit,Legislatorem
1273 4138 1319 4180 sa·

110 4210 377 4275 troarnensium
405 4214 598 4276 scientiarum
620 4232 677 4276 oo·
717 4215 936 4296 pientissimum
957 4229 1011 4271 ceu
1027 4207 1168 4287 optimam
1185 4222 1256 4265 suae
1271 4221 1317 4262 vo·

75 4293 219 4357 toralium
237 4297 372 4360 studium
389 4315 456 4364 non
481 4313 549 4358 raro
570 4297 677 4373 efficit,
741 4319 773 4372 <tt
790 4315 814 4364 v,
830 4317 861 4363 cr.
875 4317 947 4363 erint.
964 4317 1021 4360 rom.
1037 4312 1053 4356 1.
1069 4307 1089 4366 e.
1107 4307 1150 4351 ⁴80
1164 4328 1171 4338 ·
1185 4305 1239 4352 tete
