2918 4734
442 199 517 246 ruas
533 201 566 246 u.
587 200 688 246 suerro
705 201 727 248 t.
746 201 841 250 meur
858 203 891 248 tv.
1189 187 1248 252 13¹l

69 274 266 340 theoticitatem
295 285 431 356 testatur,
459 297 535 361 quae
561 279 652 362 igitur
730 283 816 363 lieep.
840 281 977 347 Ridicula
1001 303 1122 366 prorsus
1148 292 1193 348 est
1218 285 1289 348 baec

70 361 161 422 admitti
181 381 244 422 non
264 372 373 443 potest.
690 359 838 430 ratiolbn
854 387 913 430 non
929 369 1011 448 prins
1029 369 1095 431 libri
1112 368 1155 432 illi
1174 369 1289 435 debue-

95 445 173 526 llesp.
195 442 440 527 operationem,
458 449 548 523 Liuii,
566 449 651 514 Cieo-
690 457 759 512 runt
776 449 913 525 existere,
934 460 965 514 et
986 460 1018 515 ut
1036 453 1096 514 veri
1115 472 1150 516 ac
1166 453 1291 532 genuini

65 529 131 590 mnia
153 537 215 592 etc.
245 529 283 592 ab
308 531 447 594 erunibus
473 533 596 595 eruditis
618 541 651 595 ut
690 534 823 614 agnosci,
837 545 996 616 antequam
1012 554 1115 598 eorum
1130 538 1287 600 beretcol·

63 611 177 689 genuina
200 613 363 691 habentur,
387 617 521 696 quamvis
546 635 649 680 eorum
690 618 794 681 lectio‘i
812 617 928 684 Scimus
942 639 992 682 eos
1006 619 1130 682 diversis
1145 621 1291 703 tempori·

63 695 649 781 authenticitatemcoaeviscriptoresnon
691 702 745 764 bus
761 703 946 784 diversisque
964 703 994 766 in
1014 703 1088 765 locis
1104 703 1196 766 luisse
1214 705 1291 766 scri·

63 788 264 843 contestentur.
291 781 350 844 Cur
370 802 424 864 pro
449 784 533 846 libris
557 783 592 845 N.
612 783 646 847 Τ.
690 795 767 866 ptos,
781 796 811 848 et
825 787 991 869 quemlibet
1008 787 1116 850 librum
1133 787 1233 850 statim
1247 797 1292 852 at·
1334 817 1339 828 ¹

63 863 185 940 exigitur,
202 865 282 945 quod
298 885 351 946 pro
366 866 432 928 aliis
446 869 649 932 necessarium
689 889 747 951 que
762 870 859 932 editus
873 871 941 948 luit,
958 891 1016 934 non
1033 871 1141 934 minori
1156 890 1223 935 curu
1237 871 1292 934 ob·

64 965 112 1007 nou
131 951 317 1030 reputatur?
332 949 480 1012 Increduli
503 951 560 1033 ipsi
585 952 649 1014 sine
689 953 835 1016 servantia
847 954 939 1017 luisse
951 964 1212 1036 servatum,quam
1225 962 1292 1036 post

65 1032 130 1091 omni
156 1032 355 1096 haesitatione
379 1034 489 1116 scripta
512 1036 651 1118 Censorii
689 1038 813 1100 canonis
823 1038 1128 1102 conlectionemlmo
1142 1039 1292 1119 baecipsa
1381 1081 1384 1088 .

65 1116 263 1179 etllobometis
275 1126 307 1178 ut
323 1119 454 1196 genuina
467 1119 571 1197 citant3
584 1119 651 1201 quis
690 1141 748 1183 non
762 1129 807 1186 est
821 1123 878 1186 nisi
893 1124 1035 1186 solemnis
1050 1123 1223 1199 declaratio,
1236 1123 1291 1188 bos

65 1207 146 1260 autem
157 1217 194 1260 eu
204 1200 401 1282 scriptoribus
410 1202 526 1266 coaevis
537 1203 651 1266 iudaeis
690 1205 781 1286 libros
798 1205 857 1268 iam
878 1214 1012 1288 tempore
1030 1207 1236 1288 praecedenti,
1260 1216 1292 1270 et

63 1291 103 1343 aut
123 1283 289 1362 gentilibus
311 1303 415 1348 eorum
438 1287 650 1350 authenticita·
690 1309 707 1350 a
725 1290 842 1352 coaevis
865 1299 898 1352 ut
915 1292 1063 1368 genuinos
1079 1292 1287 1374 Apostolorum

63 1373 109 1426 tem
127 1369 338 1430 contestatur?
353 1370 482 1432 -Ante
500 1371 650 1433 inventam
692 1375 789 1437 loetus
807 1374 922 1458 agnitos
941 1375 1045 1438 luisse.

62 1461 141 1512 artem
162 1453 404 1534 typographicam
424 1455 494 1518 libri
512 1474 572 1517 uon
591 1464 650 1516 tarn
988 1504 1032 1551 34

63 1531 108 1594 cito
124 1544 156 1596 ut
172 1536 282 1597 nostris
296 1537 480 1619 temporibus
498 1539 532 1600 ad
550 1538 650 1619 publi·
941 1499 971 1567 ς’
1283 1585 1285 1590 ,

62 1635 116 1678 cam
141 1620 278 1680 notitiam
304 1621 458 1702 pervenire
476 1630 649 1704 potuerunt;
739 1605 774 1652 ¹¹¹·
789 1605 873 1652 [Μ’
888 1605 954 1718 NJ·
970 1607 1243 1720 ⁸N¹¹¹¹¹⁰⁸7J¹Jl¹¹⁰¹¹³¹¹³¹

63 1701 130 1763 unde
145 1703 252 1764 rnirum
271 1709 402 1781 nonest,
419 1707 549 1786 quotide
567 1705 651 1768 libris
807 1675 975 1734 supportante
994 1686 1090 1734 ΜΡΝ
1125 1682 1177 1723 ¹¹⁸*

61 1782 90 1846 N.
102 1785 133 1848 Τ.
148 1787 320 1850 testimonia
335 1809 392 1850 non
411 1791 533 1852 tulerint
551 1791 651 1852 coaevi
732 1784 954 1866 lncreduli,qui
966 1787 1292 1866 posttotsaeculaoon·

62 1868 149 1931 iudaei
164 1881 195 1932 et
212 1871 337 1950 ethuici,
351 1873 403 1953 qui
420 1873 597 1937 christianos
608 1874 652 1936 vi·
693 1870 830 1946 tendunt,
849 1870 941 1932 libros
958 1869 993 1932 N.
1010 1869 1045 1932 T.
1061 1871 1209 1967 Apostolis
1224 1891 1289 1966 esse

63 1951 267 2033 lipeudebaut,
287 1964 316 2017 et
338 1956 375 2018 de
399 1956 488 2019 rebus
513 1959 549 2019 ad
570 1957 652 2039 ipsos
690 1955 928 2030 reconderentur
937 1955 991 2016 sub
1003 1973 1104 2016 eorum
1118 1956 1288 2018 nominibus

63 2038 270 2114 pertinentibus
290 2059 393 2121 parum
409 2041 531 2104 solliciti
554 2050 648 2104 erant.
690 2038 819 2100 secundo
838 2048 889 2100 aut
911 2039 997 2100 tertio
1019 2039 1137 2100 saeculo
1156 2039 1285 2108 couscri-

63 2118 207 2184 Cbristiani
227 2133 326 2185 autem
345 2125 467 2202 coaevi,
487 2145 539 2188 seu
563 2126 651 2207 primi
690 2129 767 2203 ptos,
787 2121 931 2184 deberent
946 2123 1048 2204 utique
1067 2131 1212 2186 assertum
1233 2123 1286 2186 boc

63 2204 162 2282 toetes,
178 2207 204 2267 si
220 2225 281 2268 non
299 2208 428 2288 scriptis,
445 2210 548 2271 saltem
565 2210 651 2272 iactis
690 2224 797 2268 novum
814 2215 843 2267 et
861 2206 1014 2269 insolitum
1030 2207 1117 2268 certis
1133 2225 1285 2287 argumen-

18 2305 22 2318 ·
64 2286 93 2348 de
110 2285 332 2354 autberrticitale
347 2291 489 2354 librorum
502 2293 538 2355 N.
552 2293 585 2356 Τ.
603 2304 649 2356 te·
688 2289 727 2350 tis
741 2289 886 2353 stabilire.
903 2290 940 2353 At
955 2291 1068 2351 nullum
1085 2291 1286 2373 bucusquerte

63 2372 222 2436 stimonium
243 2377 395 2454 tulerunt,
415 2378 485 2458 quia
506 2377 598 2453 istos,
618 2386 650 2440 ut
689 2373 844 2454 probabile
863 2373 983 2455 quidem
1009 2383 1213 2454 argumentum
1240 2385 1285 2438 at·
1340 2447 1341 2452 γ
1438 2383 1440 2394 ⁴

63 2445 651 2541 ab'lpostolisconscriptosmauimeve·
688 2458 832 2536 tulerunt,
853 2476 950 2539 neque
969 2457 1288 2540 buiussuppnsitionis

64 2541 245 2618 uerebantur,
262 2543 292 2603 iu
308 2543 435 2625 publicis
449 2546 584 2608 coetibus
598 2565 649 2608 sa·
689 2542 733 2604 vel
748 2543 859 2620 locum,
869 2547 913 2605 vet
928 2545 1109 2622 tempus,vel
1122 2555 1286 2621 auctorem,

64 2624 112 2684 cris
132 2627 359 2706 praelegebant‚
381 2629 411 2690 in
437 2629 511 2692 alias
533 2629 649 2709 linguas
688 2627 733 2688 vel
758 2626 851 2688 ullum
876 2626 957 2688 aliud
976 2627 1129 2704 vestigium
1155 2627 1286 2690 indicare

65 2709 220 2786 vertebant,
238 2730 274 2772 ex
290 2712 351 2774 ittis
368 2713 494 2776 revelata
513 2712 650 2790 dogmata
689 2718 860 2791 potueruut.
888 2707 976 2773 Onrui
1002 2711 1067 2772 iure
1093 2710 1194 2791 itaque
1215 2711 1287 2774 satis

65 2788 311 2872 demonstrabant,
333 2804 362 2858 et
385 2801 499 2859 errores
517 2797 649 2860 haereti·
689 2803 758 2856 noto
774 2793 919 2875 principio
934 2794 1111 2856 insistimus:
1129 2793 1206 2874 qood
1221 2813 1286 2888 gra·

65 2891 151 2937 corum
171 2878 359 2941 refellebant.
375 2879 454 2942 Haec
471 2891 571 2944 autern
586 2901 650 2945 om·
675 2879 727 2941 ‘tis
741 2879 893 2952 asseritur,
905 2879 997 2958 gratis
1011 2887 1145 2956 negatur.
1161 2876 1220 2938 Nos
1234 2895 1286 2938 au·

67 2957 105 3019 nia
118 2961 191 3024 iacta
209 2971 280 3024 sunt
296 2963 393 3026 adbuc
406 2966 533 3042 vivente,
546 2973 576 3027 et
588 2985 647 3028 uon
689 2971 749 3024 tem
774 2963 899 3026 ulterius
920 2961 1058 3044 progredi
1084 2970 1113 3024 et
1130 2961 1286 3057 ostendere

67 3043 144 3104 solum
159 3046 332 3109 nullatenus
349 3049 581 3125 contradicente,
597 3050 648 3112 sed
690 3065 857 3127 possumus,
877 3045 1110 3126 suppositionem
1134 3047 1295 3108 moraliter

67 3124 138 3188 etiarn
157 3129 342 3211 approbante
361 3132 391 3195 S.
416 3133 648 3217 loanneEvan-
688 3131 902 3211 impossibilem
922 3129 1024 3190 luisse.
1219 3212 1250 3228 ..

66 3210 162 3284 gelista.
177 3213 248 3277 l'ale
260 3224 358 3278 autem
374 3218 574 3280 testimoninm
591 3218 649 3299 pri·
730 3216 759 3292 l.
776 3213 884 3295 Nequit
898 3212 976 3308 enirn
991 3219 1095 3308 unctor
1107 3221 1284 3292 steppoettao-

66 3311 163 3358 morum
187 3298 415 3363 christianorum
431 3347 440 3378 ,
459 3301 497 3363 de
521 3321 647 3382 quorum
688 3298 737 3361 rtis
752 3297 879 3372 ostendi,
892 3316 944 3377 qur
959 3296 1002 3358 vel
1020 3297 1155 3374 iudaeus,
1170 3298 1214 3359 vel
1230 3317 1284 3380 pa-

66 3381 157 3445 raretis
181 3383 318 3446 moribus
339 3384 440 3447 ludaei
465 3393 495 3447 et
518 3384 649 3458 Gentiles
688 3400 793 3459 ganas,
813 3383 858 3443 vel
877 3380 1056 3442 christianus
1078 3382 1284 3444 essedebuis·

65 3465 164 3542 egregia
190 3467 361 3529 testimonia
387 3470 538 3545 tulerunt,
563 3471 649 3548 longe
689 3476 743 3527 set.
764 3464 848 3528 Certe
866 3473 963 3526 autem
984 3464 1040 3547 ipsi
1061 3465 1207 3528 inereduli
1225 3485 1283 3528 non

65 3547 170 3610 maioris
187 3559 232 3611 est
246 3553 441 3630 auctoritatis,
458 3572 547 3634 quam
564 3555 649 3616 testi·
689 3550 859 3626 diffitentur,
880 3548 1040 3626 iudaeum,
1058 3550 1102 3611 vel
1120 3547 1283 3628 Paganum,

65 3633 181 3693 monium
207 3633 296 3707 unius
319 3636 476 3708 alteriusve
496 3637 650 3719 scriptoris
689 3632 718 3694 in
739 3633 912 3695 infidelitate
929 3633 1147 3714 persistentem,
1164 3633 1285 3698 dictaei

64 3717 160 3778 coaevi.
688 3717 766 3780 tacta
776 3717 882 3780 Christi
894 3736 948 3778 nec
959 3716 1162 3794 voluisse,nec
1175 3718 1285 3798 potuis·

95 3798 156 3863 Odi.
169 3800 202 3863 ἓ.
215 3799 316 3864 Canon
328 3802 471 3867 librorum
482 3803 517 3866 N.
530 3804 564 3867 T.
579 3823 650 3868 con·
688 3819 720 3863 se
739 3803 779 3862 ita
797 3819 974 3884 proponere,
995 3809 1082 3882 prout
1098 3801 1129 3862 in
1149 3801 1283 3877 Evange-

63 3877 143 3946 iertus
153 3903 215 3948 uon
227 3893 272 3948 est
286 3886 343 3949 nisi
356 3897 422 3969 post
438 3888 646 3969 Apostolorum
688 3886 736 3946 liis
747 3894 778 3946 et
793 3887 899 3948 ceteris
912 3884 947 3949 N.
961 3884 995 3946 T.
1013 3885 1097 3950 libris
1111 3901 1283 3965 proponun-

63 3976 193 4048 mortem,
212 3979 321 4051 atque,
342 3981 374 4034 ut
398 3972 498 4034 multis
520 3973 646 4052 videtur,
690 3979 747 4031 tur.
761 3969 944 4032 Christianus
958 3966 1215 4049 autemquomodo
1230 3983 1283 4026 au·

63 4053 166 4116 saeculo
184 4054 329 4132 secundo,
344 4063 406 4132 aut,
424 4065 457 4118 ut
471 4057 646 4134 abiuntum,
687 4073 737 4116 sus
755 4054 860 4116 luisset
877 4073 952 4134 opus
971 4073 986 4114 a
1005 4071 1037 4115 se
1055 4051 1219 4112 coniectum
1240 4049 1282 4110 Α·

63 4138 165 4198 saeculo
186 4137 273 4200 tertio
293 4139 337 4200 vel
355 4148 478 4221 quarto:
500 4140 647 4220 quanrob-
688 4138 801 4218 postulo
820 4137 949 4200 tribuere
970 4133 1079 4217 Spiritu
1098 4131 1127 4194 S.
1148 4132 1283 4212 repleto‘i

63 4228 114 4276 rem
133 4221 301 4285 testimonie
317 4243 424 4290 coaeva
438 4225 557 4307 penitus
571 4223 647 4288 deli-
687 4223 711 4284 si
727 4221 793 4284 talis
811 4230 913 4283 auctor
932 4217 1278 4312 bouusiuissetlmins·
1334 4226 1338 4232 ’

62 4297 144 4366 cturn.
604 4340 630 4380 ·.
688 4305 931 4380 modiiraudem,
950 4302 1085 4378 religioni
1104 4299 1282 4366 cltrtsbanae
