2910 4732
167 153 212 220 ’38
568 171 753 219 rucocoomu
775 171 936 219 canentum
963 179 968 186 ·
999 223 1002 232 ,
1036 221 1043 234 .
1150 221 1152 224 ,
1219 217 1222 224 .

128 250 254 316 luntatis
283 245 414 330 regulam
433 257 543 328 negat,
573 268 664 331 seque
692 251 729 313 ad
769 249 887 327 iectire,
907 259 936 313 et
954 238 1120 316 subiective¹
1133 251 1165 316 in
1183 271 1215 316 se
1232 251 1296 336 ipso
1315 251 1374 316 ha·

130 335 331 399 conditionem
352 337 507 396 brutorum
525 333 678 415 deprimit;
699 333 729 415 c)
770 335 832 410 bet,
851 336 1053 417 continetque:
1074 339 1175 400 omma
1191 357 1259 400 uero
1276 347 1373 401 euter-

124 439 267 501 perpuom
278 419 460 500 perniciosus
469 419 730 498 Reipubliooe;jne·
770 437 809 481 na
827 419 858 480 in
880 419 963 481 illum
982 419 1057 482 nihil
1075 427 1177 500 agunt,
1201 421 1272 502 qnia
1292 441 1374 484 non·

126 512 194 583 gato
212 503 293 566 enim
307 502 462 580 .lleo,hdcs
477 503 569 578 nulla,
584 503 729 564 nullaiu·
770 503 828 564 nisi
847 503 1047 584 apparitiones
1067 513 1148 582 sunt,
1167 507 1244 586 quae
1262 505 1372 568 suisio

128 588 221 664 stitia,
234 587 347 648 nullum
360 585 547 648 iuriiurando
560 585 663 662 robur,
680 603 730 666 pa·
770 586 844 648 ideis
863 586 1007 650 obiectire
1026 588 1063 650 ab
1080 588 1146 668 ipso
1169 589 1289 650 homine
1301 608 1375 668 pra-

126 671 182 733 ctis
202 670 283 732 nulla
304 669 467 746 stabilitas,
487 671 569 731 nulla
595 671 729 750 aequitas
769 669 845 732 ctica
860 671 974 732 ratione
993 689 1046 732 sua
1064 672 1282 752 producuntur,
1296 681 1328 734 at
1342 673 1374 734 in

126 773 144 815 a
161 754 357 835 principibus,
377 754 493 814 nullum
512 752 688 833 obsequium
712 771 729 814 a
770 753 849 816 illius
868 755 968 815 anima
986 763 1068 817 ortae
1082 764 1162 832 sunt,
1180 755 1290 838 quibus
1302 756 1375 817 hinc

125 838 263 914 subditis,
282 837 341 898 nisi
358 845 503 918 quantum
523 836 550 897 ri
570 846 727 914 coguntur,
768 837 1037 902 ideissuisuonnisi
1047 838 1134 901 homo
1145 840 1208 921 ipse
1218 840 1374 920 proprium

125 922 273 1004 expectari
291 929 388 1004 potest
402 921 462 1002 (l).
768 921 947 983 obiectivum
961 930 1052 999 creat,
1069 922 1262 1005 producitque
1281 941 1375 984 mun·

377 1045 407 1118 ς.
425 1051 479 1099 ⁸3·
672 1004 684 1082 j
769 1003 851 1066 dum.
872 1005 926 1067 llic
945 1013 1042 1068 autam
1061 1005 1237 1069 Idealismus
1255 1017 1377 1069 nonest

686 1102 689 1107 ’
769 1090 826 1151 nisi
844 1089 1234 1170 spiritualisPantheismus,
1248 1110 1301 1152 seu
1312 1090 1379 1152 Au·

109 1255 110 1258 ¹
623 1221 627 1230 .
769 1174 958 1236 totheismus.
974 1162 1047 1234 Nam
1059 1174 1090 1235 in
1102 1173 1307 1236 ldealistarum
1323 1193 1375 1254 sp-

125 1264 133 1296 ·'
165 1259 189 1322 l.
210 1258 390 1322 Pootheismi
413 1259 515 1336 notio,
539 1267 566 1320 et
591 1259 724 1322 historio.
769 1266 893 1320 stemate
911 1256 990 1319 Deus
1016 1276 1070 1319 ceu
1089 1276 1142 1320 ens
1160 1258 1334 1320 distinctum
1358 1278 1375 1319 a

124 1341 313 1406 Pantlreistae
335 1342 487 1419 dicuntur,
507 1343 559 1424 qui
577 1342 671 1404 Ileum
690 1344 727 1406 ab
769 1341 927 1422 spirituum
947 1341 1070 1417 ordine,
1100 1359 1153 1404 seu
1181 1361 1198 1403 a
1225 1341 1378 1422 spirituali

125 1428 181 1489 hac
198 1445 297 1488 rernm
316 1425 509 1489 universitate
535 1444 596 1487 non
619 1427 727 1488 distin·
767 1425 1029 1503 intelligentiarum
1060 1426 1182 1502 mundo,
1203 1427 1376 1488 nullatenus

124 1518 230 1590 gount,
245 1511 297 1572 scd
309 1509 409 1571 omnia
420 1510 454 1572 ad
471 1510 666 1572 substantiam
683 1511 729 1572 di·
769 1510 935 1571 admittitnr
959 1509 1019 1590 (Ξ).
1046 1544 1088 1556 -
1107 1511 1253 1590 Sohelliup
1277 1509 1375 1570 Deum

124 1594 255 1656 vinitatis
272 1593 438 1675 pertinere,
459 1603 488 1656 et
511 1594 591 1655 illam
614 1596 727 1656 consti·
769 1593 841 1655 dicit
860 1594 1031 1655 universum
1052 1593 1242 1670 ahsolutum,
1262 1592 1294 1655 in
1313 1612 1375 1673 quo

125 1686 208 1740 tuere
222 1685 367 1740 asserunt.
385 1677 617 1759 Antiquissimus
629 1679 728 1740 esthic
769 1678 898 1752 finitum,
915 1687 945 1740 ct
956 1678 1118 1753 inlinitum,
1136 1678 1245 1753 ideale,
1261 1685 1291 1738 et
1303 1695 1376 1738 rea-

127 1781 209 1824 error
229 1782 247 1823 a
265 1761 449 1842 temporibus
471 1781 566 1843 usque
584 1760 729 1839 Stratonis
770 1763 796 1824 le
819 1780 912 1822 unum
927 1769 982 1823 est.
999 1761 1078 1822 Deus
1093 1780 1163 1840 ergo
1180 1761 1217 1822 ab
1236 1761 1376 1822 universo

125 1846 329 1928 Lampsaceni.
372 1846 561 1909 Parmenides
590 1847 728 1925 adagium
770 1865 829 1907 non
849 1845 1051 1922 distinguitur:
1069 1863 1156 1926 porro
1176 1845 1255 1906 iuxta
1272 1842 1379 1906 Schel-

124 1940 201 1992 erat:
229 1939 316 1996 ’,Ενκαι
339 1955 392 2002 παν,
422 1929 537 2005 Unum,
562 1938 592 1992 et
609 1928 726 2012 Omnia
770 1931 831 2008 ling
848 1929 925 1990 Deus
947 1930 1010 2010 ipse
1028 1929 1186 1991 areodem
1209 1929 1378 2006 caliginoso

123 2015 216 2078 Stoici
233 2022 331 2076 autem
345 2013 655 2094 dictitabantzlupiter
672 2024 727 2090 ost,
771 2014 916 2094 principio
928 2032 981 2074 seu
996 2013 1069 2074 chao
1083 2013 1236 2093 (dtcnhlem
1251 2013 1379 2092 mone)
1437 2073 1439 2082 4

123 2100 325 2180 quodcunque
338 2098 432 2170 rides,
445 2099 644 2178 quodcunque
664 2117 730 2174 mo·
771 2098 924 2172 evolvitur,
945 2115 979 2157 ex
995 2116 1053 2178 qno
1073 2098 1205 2178 reliquae
1223 2105 1382 2158 creaturae

126 2191 222 2244 vetur.
243 2217 286 2228 -
303 2182 438 2243 Eundem
456 2201 588 2244 errorem
607 2199 730 2260 geome-
772 2182 929 2262 prodeunt,
947 2199 1015 2258 ergo
1034 2200 1051 2242 a
1066 2190 1172 2242 natura
1190 2200 1249 2242 non
1264 2181 1380 2256 dillert,

128 2267 203 2328 trica
233 2266 371 2328 methodo
385 2266 590 2328 demonstrare
608 2265 732 2328 conatus
772 2275 899 2346 aquaet
911 2266 973 2344 ipse
987 2265 1182 2343 progreditur.
1200 2263 1272 2336 Quis
1288 2265 1383 2325 theo-

128 2359 173 2412 est
189 2353 263 2414 Bou.
281 2351 422 2430 Spioozd.
443 2347 576 2420 Quatuor
595 2351 732 2431 proposi·
772 2351 845 2410 riam
867 2349 942 2409 hanc
958 2369 975 2409 a
990 2349 1180 2410 Pantheismo
1201 2348 1384 2409 uindicabit‘?

129 2435 225 2496 tiones
239 2434 319 2496 illius
329 2435 729 2515 systemacomprehendunt:
773 2434 913 2513 -Hepel
941 2451 972 2494 se
997 2452 1052 2494 ceu
1077 2431 1299 2508 Pantheistam‚
1325 2451 1384 2493 sen

130 2519 159 2579 l.
175 2517 394 2599 praeterllaum
409 2518 491 2578 nulla
502 2519 667 2580 substantia
683 2519 734 2580 da·
774 2518 899 2578 Atheum
926 2517 998 2577 satis
1025 2519 1104 2578 clare
1135 2517 1281 2590 ostendit,
1306 2516 1383 2576 dum

129 2612 189 2677 tur;
215 2602 245 2662 h.
275 2599 340 2662 Una
362 2603 435 2662 haec
464 2601 630 2663 substantia
651 2602 733 2682 omni
775 2610 877 2678 negat,
909 2600 1001 2662 Deum
1022 2601 1218 2681 personaliter
1236 2598 1383 2674 existere,

129 2685 346 2768 perfectionum
381 2703 488 2762 genere
523 2695 568 2747 ast
596 2687 732 2763 donata,
775 2685 933 2746 sedtaiem
962 2684 1149 2746 solummodo
1169 2684 1306 2758 adstruit,
1328 2686 1386 2762 qui

130 2770 257 2831 maxime
280 2787 350 2832 uero
382 2770 579 2844 extensione,
608 2779 637 2830 et
665 2789 733 2851 per·
775 2770 805 2830 in
823 2768 953 2829 hominis
980 2769 1095 2829 ratione
1114 2768 1160 2828 sui
1179 2768 1316 2828 conscius
1334 2767 1384 2828 stt.

130 2853 268 2935 ceptione
290 2853 372 2935 (seu
395 2853 535 2914 facultate
557 2853 731 2933 cogitandi).
775 2853 907 2916 Tandem
944 2852 1193 2916 Son-Simoniani
1221 2851 1386 2912 Pantheis-

132 2939 163 2999 3.
195 2935 301 3000 Omnia
326 2936 416 2998 totius
433 2934 570 2998 Universi
588 2937 668 2997 entia
687 2938 734 2998 ni·
777 2955 879 3012 inum,
899 2955 953 2998 seu
973 2936 1205 2999 autotheismurr.
1224 2935 1386 2997 universa-

132 3020 174 3082 hil
201 3021 280 3083 eliud
304 3030 393 3095 sunt,
424 3039 514 3100 quam
539 3021 627 3081 huius
647 3017 736 3083 unius
776 3022 834 3082 lem
862 3021 951 3081 totius
980 3022 1098 3100 generis
1117 3020 1240 3080 humani
1258 3019 1386 3099 proedi-

132 3103 315 3166 suhstantiae
345 3103 606 3182 modificationes,
634 3113 664 3164 et
689 3114 736 3166 at·
777 3112 856 3180 cant,
876 3105 954 3184 quod
977 3105 1063 3165 unire
1083 3113 1221 3182 satagunt
1238 3103 1269 3164 in
1289 3121 1385 3162 unam

132 3187 254 3251 tributa.
292 3189 323 3249 l.
354 3188 426 3250 Cum
465 3188 538 3250 haec
572 3189 738 3250 substantia
777 3189 919 3251 familiam
933 3189 1102 3268 aequalium
1117 3205 1388 3267 personarum,ex-

134 3272 237 3352 (quam
260 3269 384 3352 Spinoza
403 3272 531 3333 divinam
558 3274 655 3352 vocat)
682 3292 737 3334 ne·
778 3275 861 3333 clusa
880 3272 962 3333 omui
980 3273 1204 3352 inaequalitate,
1220 3271 1266 3332 vel
1285 3269 1386 3350 privi-

134 3355 264 3416 cessaria
278 3355 328 3432 sit,
342 3356 442 3416 omnia
457 3357 607 3418 debentia
627 3357 737 3418 mundo
779 3356 853 3434 legio
873 3363 936 3416 orto
955 3375 990 3416 ex
1011 3355 1174 3416 nativitate.
1196 3353 1264 3416 ldeo
1284 3352 1388 3414 socie-

136 3438 272 3500 absoluta
294 3439 468 3501 necessitate
487 3441 619 3516 evenire,
639 3440 737 3500 nulla·
780 3448 882 3515 tatem,
898 3448 928 3500 et
947 3439 1090 3500 mundum
1109 3439 1206 3520 ipsum
1226 3437 1319 3498 Deum
1335 3437 1389 3498 di-

135 3541 193 3602 que
218 3522 341 3602 proinde
361 3531 405 3584 est
423 3523 638 3602 contingentia,
658 3525 739 3585 nulla
779 3533 851 3584 cunt
870 3523 930 3604 (3).
1024 3585 1026 3600 ,

135 3606 365 3670 libertas-De
377 3605 568 3668 Pantheismo
581 3607 670 3667 etiam
686 3627 739 3668 va-
821 3606 857 3668 ll.
883 3607 1061 3669 Absurditos
1081 3605 1275 3676 Pentheum,
1295 3623 1387 3684 quem

135 3677 448 3756 riiinterrecentiores
458 3690 649 3770 philosophos
661 3690 740 3751 haud
780 3688 906 3771 Spinoze
924 3709 991 3751 cum
1020 3691 1086 3751 aliis
1114 3691 1217 3763 docet,
1244 3707 1279 3749 ex
1296 3689 1389 3750 variis

136 3773 287 3834 immerito
303 3782 490 3835 accusantur.
508 3774 697 3836 Fiohteenim
710 3775 740 3834 in
780 3775 946 3835 rationibus
964 3782 1097 3854 apparet:
1119 3774 1149 3851 a)
1167 3771 1285 3834 Certum
1306 3771 1389 3832 euim

136 3856 257 3918 homine
276 3857 382 3918 statuit
401 3863 430 3918 to
450 3857 510 3936 Ego
533 3857 674 3937 primum,
697 3859 741 3918 ul·
782 3867 837 3932 est,
851 3858 1009 3932 ¹actiones,
1038 3867 1068 3918 et
1092 3857 1244 3938 passiones
1268 3857 1390 3937 proprie

138 3942 257 4019 timum,
274 3949 304 4002 et
317 3959 479 4018 summum,
499 3941 584 4002 cuius
602 3941 741 4002 reflexio·
783 3940 1053 4003 modificationibus
1065 3959 1124 4001 non
1138 3939 1240 4014 tribui,
1257 3940 1309 3999 sed
1320 3939 1390 4000 suh·

138 4043 188 4100 ne,
208 4044 242 4086 ac
260 4025 497 4086 consideratione
517 4024 629 4098 omnia,
647 4043 742 4104 qnae·
783 4026 877 4085 iactis¹
899 4023 998 4094 Quare
1017 4025 1042 4084 si
1061 4023 1139 4084 Deus
1156 4030 1200 4084 est
1217 4022 1306 4083 unica
1319 4023 1391 4084 sub-

139 4126 258 4189 cunque
271 4109 326 4170 hoo
341 4109 372 4170 in
390 4109 501 4170 mundo
518 4108 674 4189 conspicit,
691 4109 743 4170 ob·
783 4108 903 4184 stantia,
920 4115 949 4170 et
961 4107 986 4169 si
1000 4107 1116 4188 reliqua
1132 4107 1232 4168 omnia
1250 4125 1309 4168 non
1320 4115 1392 4167 sunt

54 4235 56 4254 ¹
170 4236 200 4292 (tt
218 4235 243 4283 V.
259 4237 413 4290 storcheuau.
428 4235 578 4298 philosophie
593 4237 636 4283 der
647 4237 746 4294 religion
814 4237 848 4292 (2)
864 4235 896 4283 cl.
912 4235 984 4294 FeJdr,
996 4237 1050 4282 lust.
1066 4236 1144 4294 dogm.
1161 4237 1178 4284 t.
1193 4238 1209 4282 l.
1224 4233 1246 4294 g.
1261 4236 1300 4282 tn·

35 4342 39 4351 ,
139 4293 300 4358 b.l,u.2.,
634 4299 685 4311 ”’“·“’
814 4299 845 4356 lot
863 4298 889 4342 V.
906 4297 1088 4347 Patronetll.
1104 4308 1126 4354 p.
1142 4295 1169 4342 lt.
1183 4308 1203 4342 c.
1219 4292 1398 4355 l.l.23&‚.,

275 1149 299 1196 Β.
314 1149 417 1194 Censura
431 1145 580 1194 Penthelaml.
