<?xml version="1.0" encoding="UTF-8"?>
<!DOCTYPE html PUBLIC "-//W3C//DTD XHTML 1.0 Transitional//EN"
    "http://www.w3.org/TR/xhtml1/DTD/xhtml1-transitional.dtd">
<html xmlns="http://www.w3.org/1999/xhtml" xml:lang="en" lang="en">
 <head>
  <title>
</title>
<meta http-equiv="Content-Type" content="text/html;charset=utf-8" />
  <meta name='ocr-system' content='tesseract 3.04.00' />
  <meta name='ocr-capabilities' content='ocr_page ocr_carea ocr_par ocr_line ocrx_word'/>
</head>
<body>
  <div class='ocr_page' id='page_1' title='image "./institutionesth00knolgoog_0185.png"; bbox 0 0 2928 4734; ppageno 0'>
   <div class='ocr_carea' id='block_1_1' title="bbox 435 185 1252 259">
    <p class='ocr_par' dir='ltr' id='par_1_1' title="bbox 435 185 1252 259">
     <span class='ocr_line' id='line_1_1' title="bbox 435 185 1252 259; baseline -0.017 1"><span class='ocrx_word' id='word_1_1' title='bbox 435 201 508 259; x_wconf 79' lang='lat' dir='ltr'><strong>Plus</strong></span> <span class='ocrx_word' id='word_1_2' title='bbox 523 203 555 248; x_wconf 95' lang='grc' dir='ltr'><strong>ιι.</strong></span> <span class='ocrx_word' id='word_1_3' title='bbox 575 201 677 256; x_wconf 80' lang='lat' dir='ltr'><strong>sceno</strong></span> <span class='ocrx_word' id='word_1_4' title='bbox 691 205 724 250; x_wconf 92' lang='grc' dir='ltr'><strong>ιι.</strong></span> <span class='ocrx_word' id='word_1_5' title='bbox 745 205 838 254; x_wconf 77' lang='lat' dir='ltr'><strong>carus</strong></span> <span class='ocrx_word' id='word_1_6' title='bbox 857 205 889 251; x_wconf 94' lang='grc' dir='ltr'><strong>ιι.</strong></span> <span class='ocrx_word' id='word_1_7' title='bbox 1191 185 1252 247; x_wconf 78' lang='lat'><strong>{75</strong></span> 
     </span>
    </p>
   </div>
   <div class='ocr_carea' id='block_1_2' title="bbox 51 277 1324 3798">
    <p class='ocr_par' dir='ltr' id='par_1_2' title="bbox 51 277 1324 3798">
     <span class='ocr_line' id='line_1_2' title="bbox 57 277 1292 360; baseline -0.003 -14"><span class='ocrx_word' id='word_1_8' title='bbox 57 281 237 346; x_wconf 77' lang='lat' dir='ltr'><strong>inuadereet</strong></span> <span class='ocrx_word' id='word_1_9' title='bbox 252 278 406 342; x_wconf 86' lang='lat' dir='ltr'><strong>devastare</strong></span> <span class='ocrx_word' id='word_1_10' title='bbox 420 289 591 360; x_wconf 82' lang='lat' dir='ltr'><strong>potuerunt:</strong></span> <span class='ocrx_word' id='word_1_11' title='bbox 608 289 653 346; x_wconf 87' lang='lat' dir='ltr'><strong>ta·</strong></span> <span class='ocrx_word' id='word_1_12' title='bbox 691 301 758 346; x_wconf 91' lang='lat' dir='ltr'><strong>cum</strong></span> <span class='ocrx_word' id='word_1_13' title='bbox 784 301 884 347; x_wconf 85' lang='lat' dir='ltr'><strong>rerum</strong></span> <span class='ocrx_word' id='word_1_14' title='bbox 909 300 1059 346; x_wconf 87' lang='lat' dir='ltr'><strong>sacrarum</strong></span> <span class='ocrx_word' id='word_1_15' title='bbox 1082 279 1202 344; x_wconf 77' lang='lat' dir='ltr'><strong>irrisore</strong></span> <span class='ocrx_word' id='word_1_16' title='bbox 1219 277 1292 343; x_wconf 89' lang='lat' dir='ltr'><strong>llol·</strong></span> 
     </span>
     <span class='ocr_line' id='line_1_3' title="bbox 58 364 1301 450; baseline -0.002 -21"><span class='ocrx_word' id='word_1_17' title='bbox 58 367 100 429; x_wconf 85' lang='lat' dir='ltr'><strong>les</strong></span> <span class='ocrx_word' id='word_1_18' title='bbox 116 369 190 444; x_wconf 84' lang='lat' dir='ltr'><strong>leges</strong></span> <span class='ocrx_word' id='word_1_19' title='bbox 204 383 223 425; x_wconf 88' lang='lat' dir='ltr'><strong>a</strong></span> <span class='ocrx_word' id='word_1_20' title='bbox 239 364 301 426; x_wconf 79' lang='lat' dir='ltr'><strong>lieo</strong></span> <span class='ocrx_word' id='word_1_21' title='bbox 322 372 401 424; x_wconf 88' lang='lat' dir='ltr'><strong>certe</strong></span> <span class='ocrx_word' id='word_1_22' title='bbox 417 381 476 424; x_wconf 91' lang='lat' dir='ltr'><strong>non</strong></span> <span class='ocrx_word' id='word_1_23' title='bbox 495 374 575 427; x_wconf 90' lang='lat' dir='ltr'><strong>sunt.</strong></span> <span class='ocrx_word' id='word_1_24' title='bbox 692 368 779 429; x_wconf 91' lang='lat' dir='ltr'><strong>tairio</strong></span> <span class='ocrx_word' id='word_1_25' title='bbox 798 375 945 450; x_wconf 86' lang='lat' dir='ltr'><strong>quaerunt</strong></span> <span class='ocrx_word' id='word_1_26' title='bbox 962 365 1120 428; x_wconf 88' lang='lat' dir='ltr'><strong>increduli.</strong></span> <span class='ocrx_word' id='word_1_27' title='bbox 1135 364 1223 444; x_wconf 79' lang='lat' dir='ltr'><strong>lleqel</strong></span> <span class='ocrx_word' id='word_1_28' title='bbox 1236 383 1301 427; x_wconf 87' lang='lat' dir='ltr'><strong>eo··</strong></span> 
     </span>
     <span class='ocr_line' id='line_1_4' title="bbox 94 447 1290 534; baseline -0.003 -21"><span class='ocrx_word' id='word_1_29' title='bbox 94 453 175 530; x_wconf 84' lang='lat' dir='ltr'><strong>llcsp.</strong></span> <span class='ocrx_word' id='word_1_30' title='bbox 191 447 286 510; x_wconf 88' lang='lat' dir='ltr'><strong>Nemo</strong></span> <span class='ocrx_word' id='word_1_31' title='bbox 301 447 465 523; x_wconf 85' lang='lat' dir='ltr'><strong>contendit,</strong></span> <span class='ocrx_word' id='word_1_32' title='bbox 477 447 572 527; x_wconf 81' lang='lat' dir='ltr'><strong>legem</strong></span> <span class='ocrx_word' id='word_1_33' title='bbox 588 467 653 512; x_wconf 92' lang='lat' dir='ltr'><strong>mo·</strong></span> <span class='ocrx_word' id='word_1_34' title='bbox 691 470 787 532; x_wconf 91' lang='lat' dir='ltr'><strong>usque</strong></span> <span class='ocrx_word' id='word_1_35' title='bbox 806 469 977 534; x_wconf 81' lang='lat' dir='ltr'><strong>progressus</strong></span> <span class='ocrx_word' id='word_1_36' title='bbox 995 457 1058 525; x_wconf 87' lang='lat' dir='ltr'><strong>cst,</strong></span> <span class='ocrx_word' id='word_1_37' title='bbox 1078 457 1111 509; x_wconf 90' lang='grc' dir='ltr'><strong>ιι</strong></span> <span class='ocrx_word' id='word_1_38' title='bbox 1127 448 1290 527; x_wconf 71' lang='lat' dir='ltr'><strong>generatim</strong></span> 
     </span>
     <span class='ocr_line' id='line_1_5' title="bbox 51 531 1291 614; baseline -0.002 -18"><span class='ocrx_word' id='word_1_39' title='bbox 51 534 156 596; x_wconf 86' lang='lat' dir='ltr'><strong>sairam</strong></span> <span class='ocrx_word' id='word_1_40' title='bbox 169 549 322 594; x_wconf 90' lang='lat' dir='ltr'><strong>summum</strong></span> <span class='ocrx_word' id='word_1_41' title='bbox 336 531 523 612; x_wconf 85' lang='lat' dir='ltr'><strong>perlectionis</strong></span> <span class='ocrx_word' id='word_1_42' title='bbox 535 533 649 614; x_wconf 80' lang='lat' dir='ltr'><strong>apicem</strong></span> <span class='ocrx_word' id='word_1_43' title='bbox 691 534 820 614; x_wconf 86' lang='lat' dir='ltr'><strong>diceret,</strong></span> <span class='ocrx_word' id='word_1_44' title='bbox 840 535 965 597; x_wconf 87' lang='lat' dir='ltr'><strong>ludaeos</strong></span> <span class='ocrx_word' id='word_1_45' title='bbox 989 532 1128 596; x_wconf 88' lang='lat' dir='ltr'><strong>ornnihus</strong></span> <span class='ocrx_word' id='word_1_46' title='bbox 1150 531 1217 594; x_wconf 88' lang='lat' dir='ltr'><strong>aliis</strong></span> <span class='ocrx_word' id='word_1_47' title='bbox 1235 551 1291 612; x_wconf 84' lang='lat' dir='ltr'><strong>po·</strong></span> 
     </span>
     <span class='ocr_line' id='line_1_6' title="bbox 51 615 1292 701; baseline -0.001 -22"><span class='ocrx_word' id='word_1_48' title='bbox 51 617 190 696; x_wconf 80' lang='lat' dir='ltr'><strong>attigissc3</strong></span> <span class='ocrx_word' id='word_1_49' title='bbox 205 615 365 695; x_wconf 75' lang='lat' dir='ltr'><strong>Apostolus</strong></span> <span class='ocrx_word' id='word_1_50' title='bbox 378 615 488 677; x_wconf 77' lang='lat' dir='ltr'><strong>diserte</strong></span> <span class='ocrx_word' id='word_1_51' title='bbox 500 615 552 678; x_wconf 89' lang='lat' dir='ltr'><strong>ait:</strong></span> <span class='ocrx_word' id='word_1_52' title='bbox 566 619 652 682; x_wconf 84' lang='lat' dir='ltr'><strong>Nihil</strong></span> <span class='ocrx_word' id='word_1_53' title='bbox 692 619 769 700; x_wconf 77' lang='lat' dir='ltr'><strong>pulis</strong></span> <span class='ocrx_word' id='word_1_54' title='bbox 785 620 943 701; x_wconf 88' lang='lat' dir='ltr'><strong>nequiores</strong></span> <span class='ocrx_word' id='word_1_55' title='bbox 952 617 1152 690; x_wconf 88' lang='lat' dir='ltr'><strong>characteres,</strong></span> <span class='ocrx_word' id='word_1_56' title='bbox 1161 615 1292 696; x_wconf 87' lang='lat' dir='ltr'><strong>peiores·</strong></span> 
     </span>
     <span class='ocr_line' id='line_1_7' title="bbox 52 698 1291 784; baseline -0.002 -20"><span class='ocrx_word' id='word_1_57' title='bbox 52 703 86 764; x_wconf 91' lang='lat' dir='ltr'><strong>od</strong></span> <span class='ocrx_word' id='word_1_58' title='bbox 98 701 265 781; x_wconf 71' lang='lat' dir='ltr'><strong>perfectum</strong></span> <span class='ocrx_word' id='word_1_59' title='bbox 286 699 413 762; x_wconf 78' lang='grc' dir='ltr'><strong>ιιιιιιιιιι</strong></span> <span class='ocrx_word' id='word_1_60' title='bbox 430 699 490 774; x_wconf 75' lang='lat' dir='ltr'><strong>lec,</strong></span> <span class='ocrx_word' id='word_1_61' title='bbox 510 701 651 766; x_wconf 83' lang='lat' dir='ltr'><strong>introdu·</strong></span> <span class='ocrx_word' id='word_1_62' title='bbox 690 721 749 784; x_wconf 90' lang='lat' dir='ltr'><strong>que</strong></span> <span class='ocrx_word' id='word_1_63' title='bbox 765 721 862 765; x_wconf 88' lang='lat' dir='ltr'><strong>mores</strong></span> <span class='ocrx_word' id='word_1_64' title='bbox 877 701 1026 764; x_wconf 88' lang='lat' dir='ltr'><strong>habuisse:</strong></span> <span class='ocrx_word' id='word_1_65' title='bbox 1046 698 1077 760; x_wconf 88' lang='lat' dir='ltr'><strong>id</strong></span> <span class='ocrx_word' id='word_1_66' title='bbox 1093 707 1192 760; x_wconf 91' lang='lat' dir='ltr'><strong>autem</strong></span> <span class='ocrx_word' id='word_1_67' title='bbox 1207 716 1291 780; x_wconf 89' lang='lat' dir='ltr'><strong>repe·</strong></span> 
     </span>
     <span class='ocr_line' id='line_1_8' title="bbox 51 782 1291 867; baseline -0.002 -19"><span class='ocrx_word' id='word_1_68' title='bbox 51 787 102 848; x_wconf 83' lang='lat' dir='ltr'><strong>clio</strong></span> <span class='ocrx_word' id='word_1_69' title='bbox 115 801 187 847; x_wconf 83' lang='lat' dir='ltr'><strong>cero</strong></span> <span class='ocrx_word' id='word_1_70' title='bbox 203 782 338 846; x_wconf 76' lang='lat' dir='ltr'><strong>melioris</strong></span> <span class='ocrx_word' id='word_1_71' title='bbox 350 784 411 862; x_wconf 81' lang='lat' dir='ltr'><strong>spei</strong></span> <span class='ocrx_word' id='word_1_72' title='bbox 422 783 481 862; x_wconf 85' lang='lat' dir='ltr'><strong>(l).</strong></span> <span class='ocrx_word' id='word_1_73' title='bbox 495 783 586 862; x_wconf 84' lang='lat' dir='ltr'><strong>Deus,</strong></span> <span class='ocrx_word' id='word_1_74' title='bbox 598 785 650 867; x_wconf 91' lang='lat' dir='ltr'><strong>qui</strong></span> <span class='ocrx_word' id='word_1_75' title='bbox 691 787 726 849; x_wconf 90' lang='lat' dir='ltr'><strong>tit</strong></span> <span class='ocrx_word' id='word_1_76' title='bbox 743 805 778 848; x_wconf 84' lang='lat' dir='ltr'><strong>ex</strong></span> <span class='ocrx_word' id='word_1_77' title='bbox 795 787 869 848; x_wconf 84' lang='lat' dir='ltr'><strong>salsa</strong></span> <span class='ocrx_word' id='word_1_78' title='bbox 883 785 1005 848; x_wconf 89' lang='lat' dir='ltr'><strong>notione</strong></span> <span class='ocrx_word' id='word_1_79' title='bbox 1019 783 1084 856; x_wconf 84' lang='lat' dir='ltr'><strong>liei,</strong></span> <span class='ocrx_word' id='word_1_80' title='bbox 1101 801 1189 864; x_wconf 89' lang='lat' dir='ltr'><strong>quem</strong></span> <span class='ocrx_word' id='word_1_81' title='bbox 1206 801 1223 843; x_wconf 87' lang='lat' dir='ltr'><strong>a</strong></span> <span class='ocrx_word' id='word_1_82' title='bbox 1237 802 1291 846; x_wconf 85' lang='lat' dir='ltr'><strong>sue</strong></span> 
     </span>
     <span class='ocr_line' id='line_1_9' title="bbox 52 865 1290 952; baseline -0.001 -23"><span class='ocrx_word' id='word_1_83' title='bbox 52 867 221 931; x_wconf 89' lang='lat' dir='ltr'><strong>hominibus</strong></span> <span class='ocrx_word' id='word_1_84' title='bbox 238 866 352 927; x_wconf 88' lang='lat' dir='ltr'><strong>nullam</strong></span> <span class='ocrx_word' id='word_1_85' title='bbox 371 867 578 930; x_wconf 75' lang='lat' dir='ltr'><strong>revelationem</strong></span> <span class='ocrx_word' id='word_1_86' title='bbox 594 871 649 931; x_wconf 89' lang='lat' dir='ltr'><strong>de·</strong></span> <span class='ocrx_word' id='word_1_87' title='bbox 690 878 795 932; x_wconf 90' lang='lat' dir='ltr'><strong>natura</strong></span> <span class='ocrx_word' id='word_1_88' title='bbox 809 880 839 932; x_wconf 92' lang='lat' dir='ltr'><strong>et</strong></span> <span class='ocrx_word' id='word_1_89' title='bbox 853 887 980 952; x_wconf 83' lang='lat' dir='ltr'><strong>persona</strong></span> <span class='ocrx_word' id='word_1_90' title='bbox 993 866 1119 930; x_wconf 87' lang='lat' dir='ltr'><strong>divisum</strong></span> <span class='ocrx_word' id='word_1_91' title='bbox 1137 875 1167 928; x_wconf 87' lang='lat' dir='ltr'><strong>et</strong></span> <span class='ocrx_word' id='word_1_92' title='bbox 1182 865 1224 927; x_wconf 97' lang='grc' dir='ltr'><strong>ιιι</strong></span> <span class='ocrx_word' id='word_1_93' title='bbox 1237 885 1290 928; x_wconf 83' lang='lat' dir='ltr'><strong>ex-</strong></span> 
     </span>
     <span class='ocr_line' id='line_1_10' title="bbox 51 949 1290 1035; baseline -0.003 -21"><span class='ocrx_word' id='word_1_94' title='bbox 51 953 125 1029; x_wconf 87' lang='lat' dir='ltr'><strong>huit,</strong></span> <span class='ocrx_word' id='word_1_95' title='bbox 145 971 197 1034; x_wconf 86' lang='lat' dir='ltr'><strong>pro</strong></span> <span class='ocrx_word' id='word_1_96' title='bbox 217 950 372 1012; x_wconf 87' lang='lat' dir='ltr'><strong>liberrimo</strong></span> <span class='ocrx_word' id='word_1_97' title='bbox 389 968 443 1012; x_wconf 91' lang='lat' dir='ltr'><strong>suo</strong></span> <span class='ocrx_word' id='word_1_98' title='bbox 462 953 586 1014; x_wconf 89' lang='lat' dir='ltr'><strong>consilio</strong></span> <span class='ocrx_word' id='word_1_99' title='bbox 603 955 649 1015; x_wconf 87' lang='lat' dir='ltr'><strong>el·</strong></span> <span class='ocrx_word' id='word_1_100' title='bbox 689 955 801 1015; x_wconf 90' lang='lat' dir='ltr'><strong>celsum</strong></span> <span class='ocrx_word' id='word_1_101' title='bbox 814 955 969 1035; x_wconf 86' lang='lat' dir='ltr'><strong>putabant,</strong></span> <span class='ocrx_word' id='word_1_102' title='bbox 981 959 1014 1014; x_wconf 91' lang='lat' dir='ltr'><strong>ut</strong></span> <span class='ocrx_word' id='word_1_103' title='bbox 1027 951 1128 1012; x_wconf 87' lang='lat' dir='ltr'><strong>omnia</strong></span> <span class='ocrx_word' id='word_1_104' title='bbox 1140 949 1178 1012; x_wconf 87' lang='lat' dir='ltr'><strong>ad</strong></span> <span class='ocrx_word' id='word_1_105' title='bbox 1193 949 1290 1030; x_wconf 87' lang='lat' dir='ltr'><strong>ipsum</strong></span> 
     </span>
     <span class='ocr_line' id='line_1_11' title="bbox 51 1033 1289 1116; baseline -0.001 -19"><span class='ocrx_word' id='word_1_106' title='bbox 51 1039 137 1098; x_wconf 86' lang='lat' dir='ltr'><strong>licere</strong></span> <span class='ocrx_word' id='word_1_107' title='bbox 154 1034 263 1116; x_wconf 87' lang='lat' dir='ltr'><strong>potuit,</strong></span> <span class='ocrx_word' id='word_1_108' title='bbox 283 1043 316 1095; x_wconf 92' lang='lat' dir='ltr'><strong>ut</strong></span> <span class='ocrx_word' id='word_1_109' title='bbox 334 1035 488 1096; x_wconf 79' lang='lat' dir='ltr'><strong>huius-lux</strong></span> <span class='ocrx_word' id='word_1_110' title='bbox 504 1037 650 1116; x_wconf 87' lang='lat' dir='ltr'><strong>pedeten·</strong></span> <span class='ocrx_word' id='word_1_111' title='bbox 689 1038 845 1100; x_wconf 80' lang='lat' dir='ltr'><strong>referenda</strong></span> <span class='ocrx_word' id='word_1_112' title='bbox 869 1038 949 1100; x_wconf 89' lang='lat' dir='ltr'><strong>sint:</strong></span> <span class='ocrx_word' id='word_1_113' title='bbox 969 1036 1010 1098; x_wconf 87' lang='lat' dir='ltr'><strong>ita</strong></span> <span class='ocrx_word' id='word_1_114' title='bbox 1032 1035 1165 1116; x_wconf 88' lang='lat' dir='ltr'><strong>loquitur</strong></span> <span class='ocrx_word' id='word_1_115' title='bbox 1184 1033 1214 1094; x_wconf 91' lang='lat' dir='ltr'><strong>in</strong></span> <span class='ocrx_word' id='word_1_116' title='bbox 1237 1053 1289 1096; x_wconf 89' lang='lat' dir='ltr'><strong>sua</strong></span> 
     </span>
     <span class='ocr_line' id='line_1_12' title="bbox 52 1117 1322 1200; baseline 0 -20"><span class='ocrx_word' id='word_1_117' title='bbox 52 1121 103 1181; x_wconf 90' lang='lat' dir='ltr'><strong>tim</strong></span> <span class='ocrx_word' id='word_1_118' title='bbox 122 1120 191 1200; x_wconf 89' lang='lat' dir='ltr'><strong>ipsis</strong></span> <span class='ocrx_word' id='word_1_119' title='bbox 211 1118 361 1194; x_wconf 82' lang='lat' dir='ltr'><strong>all&#39;ulgeat.</strong></span> <span class='ocrx_word' id='word_1_120' title='bbox 383 1117 572 1182; x_wconf 75' lang='lat' dir='ltr'><strong>——Ceterum</strong></span> <span class='ocrx_word' id='word_1_121' title='bbox 593 1141 650 1182; x_wconf 92' lang='lat' dir='ltr'><strong>no·</strong></span> <span class='ocrx_word' id='word_1_122' title='bbox 689 1121 858 1184; x_wconf 83' lang='lat' dir='ltr'><strong>hesthetico</strong></span> <span class='ocrx_word' id='word_1_123' title='bbox 875 1129 905 1183; x_wconf 88' lang='lat' dir='ltr'><strong>et</strong></span> <span class='ocrx_word' id='word_1_124' title='bbox 930 1121 960 1182; x_wconf 92' lang='lat' dir='ltr'><strong>in</strong></span> <span class='ocrx_word' id='word_1_125' title='bbox 984 1117 1287 1196; x_wconf 75' lang='lat' dir='ltr'><strong>Phoenomcnolopia.</strong></span> <span class='ocrx_word' id='word_1_126' title='bbox 1319 1123 1322 1192; x_wconf 70' lang='grc' dir='ltr'><strong>ξ</strong></span> 
     </span>
     <span class='ocr_line' id='line_1_13' title="bbox 51 1201 1322 1285; baseline -0.002 -21"><span class='ocrx_word' id='word_1_127' title='bbox 51 1203 169 1265; x_wconf 76' lang='lat' dir='ltr'><strong>mudum</strong></span> <span class='ocrx_word' id='word_1_128' title='bbox 188 1210 252 1277; x_wconf 88' lang='lat' dir='ltr'><strong>est,</strong></span> <span class='ocrx_word' id='word_1_129' title='bbox 270 1203 348 1279; x_wconf 80' lang='lat' dir='ltr'><strong>leges</strong></span> <span class='ocrx_word' id='word_1_130' title='bbox 365 1201 395 1263; x_wconf 91' lang='lat' dir='ltr'><strong>in</strong></span> <span class='ocrx_word' id='word_1_131' title='bbox 415 1221 447 1264; x_wconf 90' lang='lat' dir='ltr'><strong>se</strong></span> <span class='ocrx_word' id='word_1_132' title='bbox 467 1205 650 1283; x_wconf 81' lang='lat' dir='ltr'><strong>perfectissi·</strong></span> <span class='ocrx_word' id='word_1_133' title='bbox 729 1207 815 1285; x_wconf 82' lang='lat' dir='ltr'><strong>Resp.</strong></span> <span class='ocrx_word' id='word_1_134' title='bbox 836 1203 867 1267; x_wconf 86' lang='lat' dir='ltr'><strong>S.</strong></span> <span class='ocrx_word' id='word_1_135' title='bbox 887 1203 1037 1284; x_wconf 75' lang='lat' dir='ltr'><strong>Scriptura</strong></span> <span class='ocrx_word' id='word_1_136' title='bbox 1057 1220 1115 1264; x_wconf 89' lang='lat' dir='ltr'><strong>non</strong></span> <span class='ocrx_word' id='word_1_137' title='bbox 1138 1202 1234 1263; x_wconf 89' lang='lat' dir='ltr'><strong>solum</strong></span> <span class='ocrx_word' id='word_1_138' title='bbox 1258 1211 1291 1262; x_wconf 89' lang='lat' dir='ltr'><strong>ut</strong></span> <span class='ocrx_word' id='word_1_139' title='bbox 1319 1201 1322 1281; x_wconf 52' lang='grc' dir='ltr'>ᾗ</span> 
     </span>
     <span class='ocr_line' id='line_1_14' title="bbox 53 1286 1290 1369; baseline -0.002 -19"><span class='ocrx_word' id='word_1_140' title='bbox 53 1306 112 1350; x_wconf 90' lang='lat' dir='ltr'><strong>roas</strong></span> <span class='ocrx_word' id='word_1_141' title='bbox 129 1305 191 1348; x_wconf 91' lang='lat' dir='ltr'><strong>non</strong></span> <span class='ocrx_word' id='word_1_142' title='bbox 214 1303 333 1366; x_wconf 90' lang='lat' dir='ltr'><strong>semper</strong></span> <span class='ocrx_word' id='word_1_143' title='bbox 349 1287 437 1348; x_wconf 86' lang='lat' dir='ltr'><strong>etiam</strong></span> <span class='ocrx_word' id='word_1_144' title='bbox 463 1287 650 1368; x_wconf 88' lang='lat' dir='ltr'><strong>sapientissi·</strong></span> <span class='ocrx_word' id='word_1_145' title='bbox 689 1307 765 1369; x_wconf 87' lang='lat' dir='ltr'><strong>opus</strong></span> <span class='ocrx_word' id='word_1_146' title='bbox 782 1288 958 1363; x_wconf 75' lang='lat' dir='ltr'><strong>doctrinale,</strong></span> <span class='ocrx_word' id='word_1_147' title='bbox 978 1287 1028 1348; x_wconf 88' lang='lat' dir='ltr'><strong>sed</strong></span> <span class='ocrx_word' id='word_1_148' title='bbox 1047 1286 1137 1348; x_wconf 87' lang='lat' dir='ltr'><strong>ctiam</strong></span> <span class='ocrx_word' id='word_1_149' title='bbox 1160 1293 1193 1346; x_wconf 94' lang='grc' dir='ltr'><strong>ιι</strong></span> <span class='ocrx_word' id='word_1_150' title='bbox 1215 1303 1290 1366; x_wconf 91' lang='lat' dir='ltr'><strong>opus</strong></span> 
     </span>
     <span class='ocr_line' id='line_1_15' title="bbox 53 1368 1290 1451; baseline -0.002 -18"><span class='ocrx_word' id='word_1_151' title='bbox 53 1390 110 1433; x_wconf 88' lang='lat' dir='ltr'><strong>mas</strong></span> <span class='ocrx_word' id='word_1_152' title='bbox 128 1387 208 1432; x_wconf 88' lang='lat' dir='ltr'><strong>esse.</strong></span> <span class='ocrx_word' id='word_1_153' title='bbox 229 1368 339 1446; x_wconf 81' lang='lat' dir='ltr'><strong>Legum</strong></span> <span class='ocrx_word' id='word_1_154' title='bbox 359 1369 437 1430; x_wconf 90' lang='lat' dir='ltr'><strong>enim</strong></span> <span class='ocrx_word' id='word_1_155' title='bbox 454 1371 601 1451; x_wconf 83' lang='lat' dir='ltr'><strong>sapientia</strong></span> <span class='ocrx_word' id='word_1_156' title='bbox 615 1391 650 1433; x_wconf 84' lang='lat' dir='ltr'><strong>ex</strong></span> <span class='ocrx_word' id='word_1_157' title='bbox 690 1372 864 1434; x_wconf 90' lang='lat' dir='ltr'><strong>historicum</strong></span> <span class='ocrx_word' id='word_1_158' title='bbox 888 1371 1104 1434; x_wconf 83' lang='lat' dir='ltr'><strong>consideranda</strong></span> <span class='ocrx_word' id='word_1_159' title='bbox 1127 1377 1189 1444; x_wconf 91' lang='lat' dir='ltr'><strong>est,</strong></span> <span class='ocrx_word' id='word_1_160' title='bbox 1210 1369 1290 1449; x_wconf 89' lang='lat' dir='ltr'><strong>quod</strong></span> 
     </span>
     <span class='ocr_line' id='line_1_16' title="bbox 53 1452 1321 1538; baseline -0.002 -22"><span class='ocrx_word' id='word_1_161' title='bbox 53 1473 150 1516; x_wconf 87' lang='lat' dir='ltr'><strong>earum</strong></span> <span class='ocrx_word' id='word_1_162' title='bbox 171 1453 307 1515; x_wconf 89' lang='lat' dir='ltr'><strong>bonitate</strong></span> <span class='ocrx_word' id='word_1_163' title='bbox 324 1453 446 1515; x_wconf 80' lang='lat' dir='ltr'><strong>relatiua</strong></span> <span class='ocrx_word' id='word_1_164' title='bbox 467 1455 649 1518; x_wconf 87' lang='lat' dir='ltr'><strong>desumenda</strong></span> <span class='ocrx_word' id='word_1_165' title='bbox 689 1475 744 1538; x_wconf 87' lang='lat' dir='ltr'><strong>per</strong></span> <span class='ocrx_word' id='word_1_166' title='bbox 762 1457 840 1519; x_wconf 89' lang='grc' dir='ltr'><strong>ιιιιι</strong></span> <span class='ocrx_word' id='word_1_167' title='bbox 864 1463 895 1518; x_wconf 87' lang='lat' dir='ltr'><strong>et</strong></span> <span class='ocrx_word' id='word_1_168' title='bbox 918 1456 996 1518; x_wconf 86' lang='lat' dir='ltr'><strong>mala</strong></span> <span class='ocrx_word' id='word_1_169' title='bbox 1019 1453 1155 1536; x_wconf 83' lang='lat' dir='ltr'><strong>exempla</strong></span> <span class='ocrx_word' id='word_1_170' title='bbox 1179 1452 1288 1517; x_wconf 91' lang='lat' dir='ltr'><strong>erudit.</strong></span> <span class='ocrx_word' id='word_1_171' title='bbox 1319 1473 1321 1477; x_wconf 91' lang='lat'>·</span> 
     </span>
     <span class='ocr_line' id='line_1_17' title="bbox 52 1536 1289 1622; baseline -0.002 -22"><span class='ocrx_word' id='word_1_172' title='bbox 52 1546 101 1601; x_wconf 88' lang='lat' dir='ltr'><strong>est.</strong></span> <span class='ocrx_word' id='word_1_173' title='bbox 113 1536 246 1600; x_wconf 90' lang='lat' dir='ltr'><strong>Stultum</strong></span> <span class='ocrx_word' id='word_1_174' title='bbox 260 1543 338 1598; x_wconf 87' lang='lat' dir='ltr'><strong>essct</strong></span> <span class='ocrx_word' id='word_1_175' title='bbox 351 1537 486 1600; x_wconf 90' lang='lat' dir='ltr'><strong>homines</strong></span> <span class='ocrx_word' id='word_1_176' title='bbox 496 1539 587 1602; x_wconf 88' lang='lat' dir='ltr'><strong>rudes</strong></span> <span class='ocrx_word' id='word_1_177' title='bbox 599 1547 651 1602; x_wconf 91' lang='grc' dir='ltr'><strong>ιιι</strong></span> <span class='ocrx_word' id='word_1_178' title='bbox 689 1539 817 1616; x_wconf 90' lang='lat' dir='ltr'><strong>Scelere,</strong></span> <span class='ocrx_word' id='word_1_179' title='bbox 836 1558 913 1622; x_wconf 87' lang='lat' dir='ltr'><strong>quae</strong></span> <span class='ocrx_word' id='word_1_180' title='bbox 931 1547 1213 1611; x_wconf 86' lang='lat' dir='ltr'><strong>commemorantur,</strong></span> <span class='ocrx_word' id='word_1_181' title='bbox 1230 1555 1289 1598; x_wconf 85' lang='lat' dir='ltr'><strong>non</strong></span> 
     </span>
     <span class='ocr_line' id='line_1_18' title="bbox 52 1620 1291 1703; baseline -0.001 -20"><span class='ocrx_word' id='word_1_182' title='bbox 52 1640 156 1703; x_wconf 88' lang='lat' dir='ltr'><strong>pueros</strong></span> <span class='ocrx_word' id='word_1_183' title='bbox 171 1620 278 1682; x_wconf 87' lang='lat' dir='ltr'><strong>iisdem</strong></span> <span class='ocrx_word' id='word_1_184' title='bbox 294 1621 410 1699; x_wconf 82' lang='lat' dir='ltr'><strong>legibus</strong></span> <span class='ocrx_word' id='word_1_185' title='bbox 422 1640 536 1700; x_wconf 78' lang='lat' dir='ltr'><strong>regere,</strong></span> <span class='ocrx_word' id='word_1_186' title='bbox 548 1642 583 1684; x_wconf 88' lang='lat' dir='ltr'><strong>ac</strong></span> <span class='ocrx_word' id='word_1_187' title='bbox 597 1623 651 1685; x_wconf 94' lang='lat' dir='ltr'><strong>ho·</strong></span> <span class='ocrx_word' id='word_1_188' title='bbox 690 1624 859 1701; x_wconf 88' lang='lat' dir='ltr'><strong>laudantur,</strong></span> <span class='ocrx_word' id='word_1_189' title='bbox 881 1624 931 1686; x_wconf 90' lang='lat' dir='ltr'><strong>sed</strong></span> <span class='ocrx_word' id='word_1_190' title='bbox 952 1622 1223 1703; x_wconf 86' lang='lat' dir='ltr'><strong>reprehenduntur,</strong></span> <span class='ocrx_word' id='word_1_191' title='bbox 1240 1639 1291 1682; x_wconf 92' lang='lat' dir='ltr'><strong>eo·</strong></span> 
     </span>
     <span class='ocr_line' id='line_1_19' title="bbox 52 1705 1290 1789; baseline -0.001 -23"><span class='ocrx_word' id='word_1_192' title='bbox 52 1706 143 1766; x_wconf 87' lang='lat' dir='ltr'><strong>mines</strong></span> <span class='ocrx_word' id='word_1_193' title='bbox 152 1705 298 1779; x_wconf 84' lang='lat' dir='ltr'><strong>excultos,</strong></span> <span class='ocrx_word' id='word_1_194' title='bbox 311 1712 406 1767; x_wconf 87' lang='lat' dir='ltr'><strong>aetate</strong></span> <span class='ocrx_word' id='word_1_195' title='bbox 417 1714 447 1767; x_wconf 91' lang='lat' dir='ltr'><strong>et</strong></span> <span class='ocrx_word' id='word_1_196' title='bbox 458 1706 577 1784; x_wconf 78' lang='lat' dir='ltr'><strong>ingenio</strong></span> <span class='ocrx_word' id='word_1_197' title='bbox 590 1726 651 1769; x_wconf 90' lang='lat' dir='ltr'><strong>ma·</strong></span> <span class='ocrx_word' id='word_1_198' title='bbox 689 1727 815 1789; x_wconf 89' lang='lat' dir='ltr'><strong>rumque</strong></span> <span class='ocrx_word' id='word_1_199' title='bbox 835 1709 904 1770; x_wconf 83' lang='lat' dir='ltr'><strong>mali</strong></span> <span class='ocrx_word' id='word_1_200' title='bbox 923 1707 1046 1769; x_wconf 79' lang='lat' dir='ltr'><strong>effectus</strong></span> <span class='ocrx_word' id='word_1_201' title='bbox 1063 1714 1092 1768; x_wconf 89' lang='lat' dir='ltr'><strong>et</strong></span> <span class='ocrx_word' id='word_1_202' title='bbox 1117 1722 1231 1785; x_wconf 88' lang='lat' dir='ltr'><strong>poenae</strong></span> <span class='ocrx_word' id='word_1_203' title='bbox 1254 1723 1290 1765; x_wconf 92' lang='lat' dir='ltr'><strong>o-</strong></span> 
     </span>
     <span class='ocr_line' id='line_1_20' title="bbox 53 1786 1290 1866; baseline 0 -18"><span class='ocrx_word' id='word_1_204' title='bbox 53 1796 140 1851; x_wconf 89' lang='lat' dir='ltr'><strong>turos.</strong></span> <span class='ocrx_word' id='word_1_205' title='bbox 154 1786 267 1850; x_wconf 88' lang='lat' dir='ltr'><strong>-Sed</strong></span> <span class='ocrx_word' id='word_1_206' title='bbox 281 1789 327 1850; x_wconf 82' lang='lat' dir='ltr'><strong>lex</strong></span> <span class='ocrx_word' id='word_1_207' title='bbox 341 1789 481 1866; x_wconf 89' lang='lat' dir='ltr'><strong>mosaica,</strong></span> <span class='ocrx_word' id='word_1_208' title='bbox 493 1799 526 1851; x_wconf 91' lang='lat' dir='ltr'><strong>ut</strong></span> <span class='ocrx_word' id='word_1_209' title='bbox 536 1790 648 1852; x_wconf 90' lang='lat' dir='ltr'><strong>dictum</strong></span> <span class='ocrx_word' id='word_1_210' title='bbox 688 1791 878 1854; x_wconf 88' lang='lat' dir='ltr'><strong>stenduntur.</strong></span> <span class='ocrx_word' id='word_1_211' title='bbox 898 1791 1040 1854; x_wconf 87' lang='lat' dir='ltr'><strong>Homines</strong></span> <span class='ocrx_word' id='word_1_212' title='bbox 1059 1789 1149 1851; x_wconf 89' lang='lat' dir='ltr'><strong>etiam</strong></span> <span class='ocrx_word' id='word_1_213' title='bbox 1175 1787 1290 1865; x_wconf 75' lang='lat' dir='ltr'><strong>tragili-</strong></span> 
     </span>
     <span class='ocr_line' id='line_1_21' title="bbox 53 1871 1289 1955; baseline -0.002 -21"><span class='ocrx_word' id='word_1_214' title='bbox 53 1882 109 1950; x_wconf 89' lang='lat' dir='ltr'><strong>cst,</strong></span> <span class='ocrx_word' id='word_1_215' title='bbox 126 1871 317 1953; x_wconf 80' lang='lat' dir='ltr'><strong>paedagogus</strong></span> <span class='ocrx_word' id='word_1_216' title='bbox 335 1872 403 1948; x_wconf 83' lang='lat' dir='ltr'><strong>luit,</strong></span> <span class='ocrx_word' id='word_1_217' title='bbox 423 1892 531 1955; x_wconf 91' lang='lat' dir='ltr'><strong>pucros</strong></span> <span class='ocrx_word' id='word_1_218' title='bbox 549 1883 579 1936; x_wconf 87' lang='lat' dir='ltr'><strong>et</strong></span> <span class='ocrx_word' id='word_1_219' title='bbox 596 1893 650 1936; x_wconf 92' lang='lat' dir='ltr'><strong>ru·</strong></span> <span class='ocrx_word' id='word_1_220' title='bbox 690 1877 757 1938; x_wconf 88' lang='lat' dir='ltr'><strong>tatis</strong></span> <span class='ocrx_word' id='word_1_221' title='bbox 782 1895 853 1938; x_wconf 86' lang='lat' dir='ltr'><strong>suae</strong></span> <span class='ocrx_word' id='word_1_222' title='bbox 879 1875 989 1938; x_wconf 91' lang='lat' dir='ltr'><strong>conscii</strong></span> <span class='ocrx_word' id='word_1_223' title='bbox 1016 1873 1196 1946; x_wconf 87' lang='lat' dir='ltr'><strong>redduntur,</strong></span> <span class='ocrx_word' id='word_1_224' title='bbox 1221 1890 1289 1933; x_wconf 93' lang='lat' dir='ltr'><strong>cum</strong></span> 
     </span>
     <span class='ocr_line' id='line_1_22' title="bbox 54 1954 1287 2041; baseline 0 -24"><span class='ocrx_word' id='word_1_225' title='bbox 54 1957 101 2018; x_wconf 87' lang='lat' dir='ltr'><strong>les</strong></span> <span class='ocrx_word' id='word_1_226' title='bbox 119 1956 259 2018; x_wconf 90' lang='lat' dir='ltr'><strong>homines</strong></span> <span class='ocrx_word' id='word_1_227' title='bbox 278 1956 424 2034; x_wconf 85' lang='lat' dir='ltr'><strong>instituit,</strong></span> <span class='ocrx_word' id='word_1_228' title='bbox 444 1975 496 2039; x_wconf 83' lang='lat' dir='ltr'><strong>pro</strong></span> <span class='ocrx_word' id='word_1_229' title='bbox 520 1957 649 2020; x_wconf 91' lang='lat' dir='ltr'><strong>circum·</strong></span> <span class='ocrx_word' id='word_1_230' title='bbox 689 1960 782 2022; x_wconf 89' lang='lat' dir='ltr'><strong>iustos</strong></span> <span class='ocrx_word' id='word_1_231' title='bbox 795 1959 923 2041; x_wconf 86' lang='lat' dir='ltr'><strong>praviter</strong></span> <span class='ocrx_word' id='word_1_232' title='bbox 934 1957 1076 2021; x_wconf 89' lang='lat' dir='ltr'><strong>cecidisse</strong></span> <span class='ocrx_word' id='word_1_233' title='bbox 1088 1954 1287 2037; x_wconf 88' lang='lat' dir='ltr'><strong>comperiunt.</strong></span> 
     </span>
     <span class='ocr_line' id='line_1_23' title="bbox 53 2038 1289 2124; baseline -0.001 -24"><span class='ocrx_word' id='word_1_234' title='bbox 53 2041 168 2101; x_wconf 87' lang='lat' dir='ltr'><strong>stantiis</strong></span> <span class='ocrx_word' id='word_1_235' title='bbox 188 2040 291 2122; x_wconf 84' lang='lat' dir='ltr'><strong>populi</strong></span> <span class='ocrx_word' id='word_1_236' title='bbox 313 2048 343 2102; x_wconf 89' lang='lat' dir='ltr'><strong>et</strong></span> <span class='ocrx_word' id='word_1_237' title='bbox 368 2041 510 2122; x_wconf 86' lang='lat' dir='ltr'><strong>temporis</strong></span> <span class='ocrx_word' id='word_1_238' title='bbox 527 2043 650 2124; x_wconf 91' lang='lat' dir='ltr'><strong>sapien·</strong></span> <span class='ocrx_word' id='word_1_239' title='bbox 688 2043 749 2105; x_wconf 82' lang='lat' dir='ltr'><strong>lieo</strong></span> <span class='ocrx_word' id='word_1_240' title='bbox 774 2062 843 2124; x_wconf 82' lang='lat' dir='ltr'><strong>ergo</strong></span> <span class='ocrx_word' id='word_1_241' title='bbox 869 2043 1024 2122; x_wconf 85' lang='lat' dir='ltr'><strong>indignum</strong></span> <span class='ocrx_word' id='word_1_242' title='bbox 1049 2059 1108 2102; x_wconf 90' lang='lat' dir='ltr'><strong>non</strong></span> <span class='ocrx_word' id='word_1_243' title='bbox 1132 2049 1198 2115; x_wconf 90' lang='lat' dir='ltr'><strong>cst,</strong></span> <span class='ocrx_word' id='word_1_244' title='bbox 1218 2038 1289 2100; x_wconf 92' lang='lat' dir='ltr'><strong>illu-</strong></span> 
     </span>
     <span class='ocr_line' id='line_1_24' title="bbox 53 2123 1290 2208; baseline 0 -24"><span class='ocrx_word' id='word_1_245' title='bbox 53 2124 166 2185; x_wconf 88' lang='lat' dir='ltr'><strong>lissima</strong></span> <span class='ocrx_word' id='word_1_246' title='bbox 181 2124 254 2200; x_wconf 88' lang='lat' dir='ltr'><strong>luit,</strong></span> <span class='ocrx_word' id='word_1_247' title='bbox 272 2130 301 2185; x_wconf 91' lang='lat' dir='ltr'><strong>ct</strong></span> <span class='ocrx_word' id='word_1_248' title='bbox 322 2124 377 2203; x_wconf 82' lang='lat' dir='ltr'><strong>legi</strong></span> <span class='ocrx_word' id='word_1_249' title='bbox 398 2126 512 2186; x_wconf 90' lang='lat' dir='ltr'><strong>meliori</strong></span> <span class='ocrx_word' id='word_1_250' title='bbox 528 2145 562 2187; x_wconf 85' lang='lat' dir='ltr'><strong>ac</strong></span> <span class='ocrx_word' id='word_1_251' title='bbox 581 2145 650 2208; x_wconf 84' lang='lat' dir='ltr'><strong>per·</strong></span> <span class='ocrx_word' id='word_1_252' title='bbox 689 2127 793 2189; x_wconf 91' lang='lat' dir='ltr'><strong>strium</strong></span> <span class='ocrx_word' id='word_1_253' title='bbox 817 2128 1007 2208; x_wconf 85' lang='lat' dir='ltr'><strong>caeteroquin</strong></span> <span class='ocrx_word' id='word_1_254' title='bbox 1032 2125 1163 2187; x_wconf 84' lang='lat' dir='ltr'><strong>uirorum</strong></span> <span class='ocrx_word' id='word_1_255' title='bbox 1189 2123 1290 2204; x_wconf 85' lang='lat' dir='ltr'><strong>lapsus</strong></span> 
     </span>
     <span class='ocr_line' id='line_1_25' title="bbox 53 2207 1289 2291; baseline 0 -23"><span class='ocrx_word' id='word_1_256' title='bbox 53 2207 163 2270; x_wconf 88' lang='lat' dir='ltr'><strong>lectiori</strong></span> <span class='ocrx_word' id='word_1_257' title='bbox 178 2208 257 2268; x_wconf 85' lang='lat' dir='ltr'><strong>viam</strong></span> <span class='ocrx_word' id='word_1_258' title='bbox 277 2209 471 2288; x_wconf 86' lang='lat' dir='ltr'><strong>praeparauit.</strong></span> <span class='ocrx_word' id='word_1_259' title='bbox 487 2208 547 2271; x_wconf 86' lang='lat' dir='ltr'><strong>Nec</strong></span> <span class='ocrx_word' id='word_1_260' title='bbox 561 2210 650 2291; x_wconf 89' lang='lat' dir='ltr'><strong>quid·</strong></span> <span class='ocrx_word' id='word_1_261' title='bbox 689 2229 841 2274; x_wconf 86' lang='lat' dir='ltr'><strong>enarrare.</strong></span> <span class='ocrx_word' id='word_1_262' title='bbox 861 2210 1043 2274; x_wconf 79' lang='lat' dir='ltr'><strong>horrendam</strong></span> <span class='ocrx_word' id='word_1_263' title='bbox 1069 2220 1168 2270; x_wconf 90' lang='lat' dir='ltr'><strong>aulem</strong></span> <span class='ocrx_word' id='word_1_264' title='bbox 1190 2208 1235 2269; x_wconf 86' lang='lat' dir='ltr'><strong>uel</strong></span> <span class='ocrx_word' id='word_1_265' title='bbox 1260 2207 1289 2268; x_wconf 93' lang='lat' dir='ltr'><strong>i-</strong></span> 
     </span>
     <span class='ocr_line' id='line_1_26' title="bbox 54 2290 1291 2376; baseline 0.002 -25"><span class='ocrx_word' id='word_1_266' title='bbox 54 2309 138 2371; x_wconf 90' lang='lat' dir='ltr'><strong>quam</strong></span> <span class='ocrx_word' id='word_1_267' title='bbox 152 2291 231 2353; x_wconf 89' lang='lat' dir='ltr'><strong>hono</strong></span> <span class='ocrx_word' id='word_1_268' title='bbox 241 2290 360 2372; x_wconf 88' lang='lat' dir='ltr'><strong>publico</strong></span> <span class='ocrx_word' id='word_1_269' title='bbox 370 2293 489 2354; x_wconf 88' lang='lat' dir='ltr'><strong>noxium</strong></span> <span class='ocrx_word' id='word_1_270' title='bbox 502 2302 532 2354; x_wconf 93' lang='lat' dir='ltr'><strong>et</strong></span> <span class='ocrx_word' id='word_1_271' title='bbox 543 2294 650 2356; x_wconf 87' lang='lat' dir='ltr'><strong>rationi</strong></span> <span class='ocrx_word' id='word_1_272' title='bbox 680 2296 889 2374; x_wconf 71' lang='lat' dir='ltr'><strong>gnomonem,</strong></span> <span class='ocrx_word' id='word_1_273' title='bbox 904 2295 949 2357; x_wconf 86' lang='lat' dir='ltr'><strong>uel</strong></span> <span class='ocrx_word' id='word_1_274' title='bbox 965 2294 1146 2376; x_wconf 77' lang='lat' dir='ltr'><strong>impietatem</strong></span> <span class='ocrx_word' id='word_1_275' title='bbox 1161 2291 1291 2354; x_wconf 85' lang='lat' dir='ltr'><strong>ostendit</strong></span> 
     </span>
     <span class='ocr_line' id='line_1_27' title="bbox 54 2375 1291 2460; baseline 0.002 -25"><span class='ocrx_word' id='word_1_276' title='bbox 54 2376 231 2436; x_wconf 87' lang='lat' dir='ltr'><strong>contrarium</strong></span> <span class='ocrx_word' id='word_1_277' title='bbox 251 2377 389 2439; x_wconf 88' lang='lat' dir='ltr'><strong>occurrit.</strong></span> <span class='ocrx_word' id='word_1_278' title='bbox 408 2411 447 2424; x_wconf 86' lang='lat'><em>-</em></span> <span class='ocrx_word' id='word_1_279' title='bbox 463 2375 552 2449; x_wconf 90' lang='lat' dir='ltr'><strong>Quies</strong></span> <span class='ocrx_word' id='word_1_280' title='bbox 570 2377 649 2440; x_wconf 92' lang='lat' dir='ltr'><strong>enim</strong></span> <span class='ocrx_word' id='word_1_281' title='bbox 689 2379 825 2455; x_wconf 84' lang='lat' dir='ltr'><strong>assertio,</strong></span> <span class='ocrx_word' id='word_1_282' title='bbox 846 2399 904 2460; x_wconf 91' lang='lat' dir='ltr'><strong>qua</strong></span> <span class='ocrx_word' id='word_1_283' title='bbox 927 2378 1029 2460; x_wconf 88' lang='lat' dir='ltr'><strong>populi</strong></span> <span class='ocrx_word' id='word_1_284' title='bbox 1048 2376 1243 2458; x_wconf 75' lang='lat' dir='ltr'><strong>polytheismo</strong></span> <span class='ocrx_word' id='word_1_285' title='bbox 1261 2383 1291 2437; x_wconf 89' lang='lat' dir='ltr'><strong>et</strong></span> 
     </span>
     <span class='ocr_line' id='line_1_28' title="bbox 56 2458 1290 2544; baseline 0.002 -25"><span class='ocrx_word' id='word_1_286' title='bbox 56 2459 138 2520; x_wconf 89' lang='lat' dir='ltr'><strong>annis</strong></span> <span class='ocrx_word' id='word_1_287' title='bbox 155 2458 318 2520; x_wconf 87' lang='lat' dir='ltr'><strong>sabbaticis</strong></span> <span class='ocrx_word' id='word_1_288' title='bbox 337 2466 400 2522; x_wconf 90' lang='lat' dir='ltr'><strong>erat</strong></span> <span class='ocrx_word' id='word_1_289' title='bbox 417 2460 515 2537; x_wconf 87' lang='lat' dir='ltr'><strong>utilis,</strong></span> <span class='ocrx_word' id='word_1_290' title='bbox 535 2470 567 2522; x_wconf 93' lang='lat' dir='ltr'><strong>ut</strong></span> <span class='ocrx_word' id='word_1_291' title='bbox 584 2471 651 2524; x_wconf 90' lang='lat' dir='ltr'><strong>stu·</strong></span> <span class='ocrx_word' id='word_1_292' title='bbox 690 2463 975 2526; x_wconf 77' lang='lat' dir='ltr'><strong>idololntriaedediti</strong></span> <span class='ocrx_word' id='word_1_293' title='bbox 985 2462 1080 2544; x_wconf 87' lang='lat' dir='ltr'><strong>quoad</strong></span> <span class='ocrx_word' id='word_1_294' title='bbox 1091 2461 1290 2524; x_wconf 85' lang='lat' dir='ltr'><strong>moralitatem</strong></span> 
     </span>
     <span class='ocr_line' id='line_1_29' title="bbox 56 2541 1291 2630; baseline 0.002 -28"><span class='ocrx_word' id='word_1_295' title='bbox 56 2541 101 2603; x_wconf 88' lang='lat' dir='ltr'><strong>dio</strong></span> <span class='ocrx_word' id='word_1_296' title='bbox 124 2543 197 2620; x_wconf 75' lang='lat' dir='ltr'><strong>legis</strong></span> <span class='ocrx_word' id='word_1_297' title='bbox 222 2551 252 2604; x_wconf 92' lang='lat' dir='ltr'><strong>et</strong></span> <span class='ocrx_word' id='word_1_298' title='bbox 272 2544 365 2605; x_wconf 89' lang='lat' dir='ltr'><strong>cultui</strong></span> <span class='ocrx_word' id='word_1_299' title='bbox 388 2544 527 2623; x_wconf 80' lang='lat' dir='ltr'><strong>religioso</strong></span> <span class='ocrx_word' id='word_1_300' title='bbox 549 2545 650 2608; x_wconf 89' lang='lat' dir='ltr'><strong>ludaei</strong></span> <span class='ocrx_word' id='word_1_301' title='bbox 689 2548 820 2630; x_wconf 88' lang='lat' dir='ltr'><strong>antiquis</strong></span> <span class='ocrx_word' id='word_1_302' title='bbox 836 2542 1291 2629; x_wconf 81' lang='lat' dir='ltr'><strong>praeferunturHebraeis.0m·</strong></span> 
     </span>
     <span class='ocr_line' id='line_1_30' title="bbox 55 2625 1290 2705; baseline 0.002 -19"><span class='ocrx_word' id='word_1_303' title='bbox 55 2643 170 2705; x_wconf 87' lang='lat' dir='ltr'><strong>operam</strong></span> <span class='ocrx_word' id='word_1_304' title='bbox 196 2625 415 2704; x_wconf 77' lang='lat' dir='ltr'><strong>diligentiorem</strong></span> <span class='ocrx_word' id='word_1_305' title='bbox 442 2636 593 2692; x_wconf 87' lang='lat' dir='ltr'><strong>nauarent.</strong></span> <span class='ocrx_word' id='word_1_306' title='bbox 615 2630 652 2692; x_wconf 79' lang='lat' dir='ltr'><strong>lh</strong></span> <span class='ocrx_word' id='word_1_307' title='bbox 691 2631 1290 2704; x_wconf 83' lang='lat' dir='ltr'><strong>neseuimhistoricilatentur,moresnon</strong></span> 
     </span>
     <span class='ocr_line' id='line_1_31' title="bbox 54 2709 1290 2791; baseline 0.002 -22"><span class='ocrx_word' id='word_1_308' title='bbox 54 2709 122 2772; x_wconf 88' lang='lat' dir='ltr'><strong>licet</strong></span> <span class='ocrx_word' id='word_1_309' title='bbox 138 2709 193 2772; x_wconf 93' lang='lat' dir='ltr'><strong>hoc</strong></span> <span class='ocrx_word' id='word_1_310' title='bbox 211 2729 289 2772; x_wconf 90' lang='lat' dir='ltr'><strong>anno</strong></span> <span class='ocrx_word' id='word_1_311' title='bbox 308 2712 413 2774; x_wconf 91' lang='lat' dir='ltr'><strong>messis</strong></span> <span class='ocrx_word' id='word_1_312' title='bbox 430 2714 511 2774; x_wconf 88' lang='lat' dir='ltr'><strong>nulla</strong></span> <span class='ocrx_word' id='word_1_313' title='bbox 527 2713 652 2776; x_wconf 88' lang='lat' dir='ltr'><strong>hahere·</strong></span> <span class='ocrx_word' id='word_1_314' title='bbox 690 2716 786 2778; x_wconf 91' lang='lat' dir='ltr'><strong>solum</strong></span> <span class='ocrx_word' id='word_1_315' title='bbox 805 2714 1023 2791; x_wconf 80' lang='lat' dir='ltr'><strong>harbarorum,</strong></span> <span class='ocrx_word' id='word_1_316' title='bbox 1042 2714 1095 2776; x_wconf 88' lang='lat' dir='ltr'><strong>sed</strong></span> <span class='ocrx_word' id='word_1_317' title='bbox 1118 2711 1207 2774; x_wconf 86' lang='lat' dir='ltr'><strong>etiam</strong></span> <span class='ocrx_word' id='word_1_318' title='bbox 1229 2710 1290 2772; x_wconf 86' lang='lat' dir='ltr'><strong>he-</strong></span> 
     </span>
     <span class='ocr_line' id='line_1_32' title="bbox 56 2795 1290 2880; baseline 0.002 -27"><span class='ocrx_word' id='word_1_319' title='bbox 56 2799 111 2871; x_wconf 92' lang='lat' dir='ltr'><strong>tur,</strong></span> <span class='ocrx_word' id='word_1_320' title='bbox 133 2795 311 2875; x_wconf 86' lang='lat' dir='ltr'><strong>promiserat</strong></span> <span class='ocrx_word' id='word_1_321' title='bbox 335 2795 394 2858; x_wconf 85' lang='lat' dir='ltr'><strong>iam</strong></span> <span class='ocrx_word' id='word_1_322' title='bbox 420 2795 498 2859; x_wconf 88' lang='lat' dir='ltr'><strong>[leus</strong></span> <span class='ocrx_word' id='word_1_323' title='bbox 524 2815 649 2860; x_wconf 88' lang='lat' dir='ltr'><strong>messem</strong></span> <span class='ocrx_word' id='word_1_324' title='bbox 689 2799 869 2880; x_wconf 75' lang='lat' dir='ltr'><strong>gyptiorum,</strong></span> <span class='ocrx_word' id='word_1_325' title='bbox 888 2797 1066 2862; x_wconf 84' lang='lat' dir='ltr'><strong>Graecorum</strong></span> <span class='ocrx_word' id='word_1_326' title='bbox 1087 2805 1117 2857; x_wconf 90' lang='lat' dir='ltr'><strong>et</strong></span> <span class='ocrx_word' id='word_1_327' title='bbox 1136 2795 1290 2856; x_wconf 87' lang='lat' dir='ltr'><strong>Romano·</strong></span> 
     </span>
     <span class='ocr_line' id='line_1_33' title="bbox 56 2877 1309 2964; baseline 0.002 -28"><span class='ocrx_word' id='word_1_328' title='bbox 56 2877 121 2938; x_wconf 88' lang='lat' dir='ltr'><strong>anni</strong></span> <span class='ocrx_word' id='word_1_329' title='bbox 142 2878 348 2958; x_wconf 89' lang='lat' dir='ltr'><strong>praecedentis</strong></span> <span class='ocrx_word' id='word_1_330' title='bbox 370 2880 458 2942; x_wconf 85' lang='lat' dir='ltr'><strong>etium</strong></span> <span class='ocrx_word' id='word_1_331' title='bbox 479 2899 532 2962; x_wconf 92' lang='lat' dir='ltr'><strong>pro</strong></span> <span class='ocrx_word' id='word_1_332' title='bbox 551 2881 650 2944; x_wconf 89' lang='lat' dir='ltr'><strong>luturo</strong></span> <span class='ocrx_word' id='word_1_333' title='bbox 691 2901 755 2945; x_wconf 92' lang='lat' dir='ltr'><strong>rum</strong></span> <span class='ocrx_word' id='word_1_334' title='bbox 773 2884 1011 2964; x_wconf 82' lang='lat' dir='ltr'><strong>corruptissimos</strong></span> <span class='ocrx_word' id='word_1_335' title='bbox 1025 2881 1127 2956; x_wconf 87' lang='lat' dir='ltr'><strong>luisse,</strong></span> <span class='ocrx_word' id='word_1_336' title='bbox 1144 2896 1212 2940; x_wconf 87' lang='lat' dir='ltr'><strong>curn</strong></span> <span class='ocrx_word' id='word_1_337' title='bbox 1227 2887 1309 2939; x_wconf 79' lang='lat' dir='ltr'><strong>sce-&#39;-</strong></span> 
     </span>
     <span class='ocr_line' id='line_1_34' title="bbox 56 2961 1324 3048; baseline 0.003 -28"><span class='ocrx_word' id='word_1_338' title='bbox 56 2961 258 3038; x_wconf 64' lang='lat' dir='ltr'><strong>sufficientem</strong></span> <span class='ocrx_word' id='word_1_339' title='bbox 273 2962 407 3045; x_wconf 89' lang='lat' dir='ltr'><strong>hancque</strong></span> <span class='ocrx_word' id='word_1_340' title='bbox 424 2965 649 3045; x_wconf 86' lang='lat' dir='ltr'><strong>promissionem</strong></span> <span class='ocrx_word' id='word_1_341' title='bbox 690 2968 750 3030; x_wconf 88' lang='lat' dir='ltr'><strong>lera</strong></span> <span class='ocrx_word' id='word_1_342' title='bbox 765 2967 838 3048; x_wconf 90' lang='lat' dir='ltr'><strong>ipsis</strong></span> <span class='ocrx_word' id='word_1_343' title='bbox 851 2967 977 3029; x_wconf 82' lang='lat' dir='ltr'><strong>Deorum</strong></span> <span class='ocrx_word' id='word_1_344' title='bbox 991 2966 1177 3042; x_wconf 83' lang='lat' dir='ltr'><strong>licarumque</strong></span> <span class='ocrx_word' id='word_1_345' title='bbox 1192 2979 1291 3024; x_wconf 83' lang='lat' dir='ltr'><strong>crem·</strong></span> <span class='ocrx_word' id='word_1_346' title='bbox 1321 3009 1324 3015; x_wconf 83' lang='lat'><em>.</em></span> 
     </span>
     <span class='ocr_line' id='line_1_35' title="bbox 54 3043 1291 3132; baseline 0.002 -27"><span class='ocrx_word' id='word_1_347' title='bbox 54 3047 375 3128; x_wconf 67' lang='lat' dir='ltr'><strong>semper-adimpletam</strong></span> <span class='ocrx_word' id='word_1_348' title='bbox 393 3049 590 3110; x_wconf 84' lang='lat' dir='ltr'><strong>observabant</strong></span> <span class='ocrx_word' id='word_1_349' title='bbox 603 3047 652 3112; x_wconf 91' lang='lat' dir='ltr'><strong>lu·</strong></span> <span class='ocrx_word' id='word_1_350' title='bbox 690 3053 746 3132; x_wconf 90' lang='lat' dir='ltr'><strong>phs</strong></span> <span class='ocrx_word' id='word_1_351' title='bbox 761 3043 995 3113; x_wconf 83' lang='lat' dir='ltr'><strong>insinuarentur.</strong></span> <span class='ocrx_word' id='word_1_352' title='bbox 1008 3045 1291 3126; x_wconf 80' lang='lat' dir='ltr'><strong>Quodsiscriplures</strong></span> 
     </span>
     <span class='ocr_line' id='line_1_36' title="bbox 55 3127 1291 3216; baseline 0.004 -29"><span class='ocrx_word' id='word_1_353' title='bbox 55 3127 128 3190; x_wconf 87' lang='lat' dir='ltr'><strong>daci.</strong></span> <span class='ocrx_word' id='word_1_354' title='bbox 147 3164 191 3176; x_wconf 87' lang='lat'><em>-</em></span> <span class='ocrx_word' id='word_1_355' title='bbox 210 3128 257 3192; x_wconf 90' lang='lat' dir='ltr'><strong>Sic</strong></span> <span class='ocrx_word' id='word_1_356' title='bbox 278 3131 388 3210; x_wconf 89' lang='lat' dir='ltr'><strong>pariter</strong></span> <span class='ocrx_word' id='word_1_357' title='bbox 406 3132 484 3194; x_wconf 85' lang='lat' dir='ltr'><strong>Deus</strong></span> <span class='ocrx_word' id='word_1_358' title='bbox 504 3134 651 3214; x_wconf 88' lang='lat' dir='ltr'><strong>promise·</strong></span> <span class='ocrx_word' id='word_1_359' title='bbox 691 3135 801 3197; x_wconf 88' lang='lat' dir='ltr'><strong>ethnici</strong></span> <span class='ocrx_word' id='word_1_360' title='bbox 817 3136 995 3216; x_wconf 82' lang='lat' dir='ltr'><strong>populorum</strong></span> <span class='ocrx_word' id='word_1_361' title='bbox 1011 3147 1132 3194; x_wconf 90' lang='lat' dir='ltr'><strong>suorum</strong></span> <span class='ocrx_word' id='word_1_362' title='bbox 1145 3129 1216 3190; x_wconf 87' lang='grc' dir='ltr'><strong>ιιιιι</strong></span> <span class='ocrx_word' id='word_1_363' title='bbox 1230 3148 1291 3192; x_wconf 87' lang='grc' dir='ltr'><strong>ιιι</strong></span> 
     </span>
     <span class='ocr_line' id='line_1_37' title="bbox 54 3209 1292 3295; baseline 0.004 -24"><span class='ocrx_word' id='word_1_364' title='bbox 54 3221 108 3288; x_wconf 91' lang='grc' dir='ltr'><strong>ιιι,</strong></span> <span class='ocrx_word' id='word_1_365' title='bbox 128 3231 159 3275; x_wconf 91' lang='lat' dir='ltr'><strong>se</strong></span> <span class='ocrx_word' id='word_1_366' title='bbox 179 3214 266 3276; x_wconf 89' lang='lat' dir='ltr'><strong>terris</strong></span> <span class='ocrx_word' id='word_1_367' title='bbox 282 3209 458 3278; x_wconf 89' lang='lat' dir='ltr'><strong>ludaeorum</strong></span> <span class='ocrx_word' id='word_1_368' title='bbox 479 3216 650 3295; x_wconf 81' lang='lat' dir='ltr'><strong>invigilalu·</strong></span> <span class='ocrx_word' id='word_1_369' title='bbox 692 3227 750 3281; x_wconf 90' lang='lat' dir='ltr'><strong>tam</strong></span> <span class='ocrx_word' id='word_1_370' title='bbox 766 3219 890 3282; x_wconf 87' lang='lat' dir='ltr'><strong>candide</strong></span> <span class='ocrx_word' id='word_1_371' title='bbox 906 3217 976 3280; x_wconf 87' lang='lat' dir='ltr'><strong>lassi</strong></span> <span class='ocrx_word' id='word_1_372' title='bbox 990 3223 1071 3289; x_wconf 87' lang='lat' dir='ltr'><strong>sunl,</strong></span> <span class='ocrx_word' id='word_1_373' title='bbox 1084 3223 1116 3275; x_wconf 93' lang='grc' dir='ltr'><strong>ιι</strong></span> <span class='ocrx_word' id='word_1_374' title='bbox 1131 3213 1292 3294; x_wconf 84' lang='lat' dir='ltr'><strong>scriptores</strong></span> 
     </span>
     <span class='ocr_line' id='line_1_38' title="bbox 54 3297 1293 3383; baseline 0.004 -28"><span class='ocrx_word' id='word_1_375' title='bbox 54 3313 116 3356; x_wconf 89' lang='lat' dir='ltr'><strong>rum</strong></span> <span class='ocrx_word' id='word_1_376' title='bbox 128 3297 240 3359; x_wconf 85' lang='lat' dir='ltr'><strong>esselis</strong></span> <span class='ocrx_word' id='word_1_377' title='bbox 252 3300 566 3383; x_wconf 87' lang='lat' dir='ltr'><strong>temporibus‚quibus</strong></span> <span class='ocrx_word' id='word_1_378' title='bbox 578 3310 653 3363; x_wconf 90' lang='lat' dir='ltr'><strong>tem·</strong></span> <span class='ocrx_word' id='word_1_379' title='bbox 691 3304 781 3378; x_wconf 90' lang='lat' dir='ltr'><strong>sacri,</strong></span> <span class='ocrx_word' id='word_1_380' title='bbox 798 3302 903 3364; x_wconf 86' lang='lat' dir='ltr'><strong>exinde</strong></span> <span class='ocrx_word' id='word_1_381' title='bbox 922 3319 1038 3363; x_wconf 87' lang='lat' dir='ltr'><strong>summa</strong></span> <span class='ocrx_word' id='word_1_382' title='bbox 1059 3299 1163 3360; x_wconf 90' lang='lat' dir='ltr'><strong>horum</strong></span> <span class='ocrx_word' id='word_1_383' title='bbox 1179 3297 1293 3361; x_wconf 84' lang='lat' dir='ltr'><strong>ueraci·</strong></span> 
     </span>
     <span class='ocr_line' id='line_1_39' title="bbox 55 3379 1293 3466; baseline 0.003 -26"><span class='ocrx_word' id='word_1_384' title='bbox 55 3379 133 3458; x_wconf 88' lang='lat' dir='ltr'><strong>plum</strong></span> <span class='ocrx_word' id='word_1_385' title='bbox 151 3381 280 3458; x_wconf 85' lang='lat' dir='ltr'><strong>adirent,</strong></span> <span class='ocrx_word' id='word_1_386' title='bbox 301 3401 478 3465; x_wconf 83' lang='lat' dir='ltr'><strong>semperque</strong></span> <span class='ocrx_word' id='word_1_387' title='bbox 497 3385 652 3466; x_wconf 79' lang='lat' dir='ltr'><strong>promissis</strong></span> <span class='ocrx_word' id='word_1_388' title='bbox 693 3397 736 3448; x_wconf 89' lang='lat' dir='ltr'><strong>tas</strong></span> <span class='ocrx_word' id='word_1_389' title='bbox 755 3388 863 3450; x_wconf 88' lang='lat' dir='ltr'><strong>elucet.</strong></span> <span class='ocrx_word' id='word_1_390' title='bbox 888 3419 926 3432; x_wconf 89' lang='lat'>-</span> <span class='ocrx_word' id='word_1_391' title='bbox 945 3384 1084 3464; x_wconf 81' lang='lat' dir='ltr'><strong>Hegelius</strong></span> <span class='ocrx_word' id='word_1_392' title='bbox 1106 3383 1293 3444; x_wconf 87' lang='lat' dir='ltr'><strong>characteres</strong></span> 
     </span>
     <span class='ocr_line' id='line_1_40' title="bbox 55 3464 1294 3551; baseline 0.003 -27"><span class='ocrx_word' id='word_1_393' title='bbox 55 3464 496 3540; x_wconf 86' lang='lat' dir='ltr'><strong>stetit,necenim1udacurum</strong></span> <span class='ocrx_word' id='word_1_394' title='bbox 513 3470 585 3531; x_wconf 83' lang='lat' dir='ltr'><strong>fines</strong></span> <span class='ocrx_word' id='word_1_395' title='bbox 601 3487 653 3551; x_wconf 90' lang='lat' dir='ltr'><strong>per</strong></span> <span class='ocrx_word' id='word_1_396' title='bbox 692 3470 868 3532; x_wconf 88' lang='lat' dir='ltr'><strong>ludaeorum</strong></span> <span class='ocrx_word' id='word_1_397' title='bbox 891 3468 1121 3541; x_wconf 82' lang='lat' dir='ltr'><strong>hodiernorum,</strong></span> <span class='ocrx_word' id='word_1_398' title='bbox 1141 3465 1193 3547; x_wconf 93' lang='lat' dir='ltr'><strong>qui</strong></span> <span class='ocrx_word' id='word_1_399' title='bbox 1216 3465 1294 3528; x_wconf 89' lang='lat' dir='ltr'><strong>sicut</strong></span> 
     </span>
     <span class='ocr_line' id='line_1_41' title="bbox 55 3545 1293 3629; baseline 0.003 -23"><span class='ocrx_word' id='word_1_400' title='bbox 55 3545 106 3608; x_wconf 81' lang='lat' dir='ltr'><strong>loc</strong></span> <span class='ocrx_word' id='word_1_401' title='bbox 131 3557 250 3629; x_wconf 87' lang='lat' dir='ltr'><strong>tempus</strong></span> <span class='ocrx_word' id='word_1_402' title='bbox 273 3550 311 3614; x_wconf 89' lang='lat' dir='ltr'><strong>ab</strong></span> <span class='ocrx_word' id='word_1_403' title='bbox 336 3551 472 3617; x_wconf 84' lang='lat' dir='ltr'><strong>hostibus</strong></span> <span class='ocrx_word' id='word_1_404' title='bbox 491 3561 652 3616; x_wconf 84' lang='lat' dir='ltr'><strong>attentatus</strong></span> <span class='ocrx_word' id='word_1_405' title='bbox 692 3555 788 3617; x_wconf 86' lang='lat' dir='ltr'><strong>allec</strong></span> <span class='ocrx_word' id='word_1_406' title='bbox 808 3554 993 3628; x_wconf 84' lang='lat' dir='ltr'><strong>deiecerunt,</strong></span> <span class='ocrx_word' id='word_1_407' title='bbox 1013 3552 1054 3614; x_wconf 88' lang='lat' dir='ltr'><strong>ita</strong></span> <span class='ocrx_word' id='word_1_408' title='bbox 1072 3566 1089 3614; x_wconf 93' lang='lat' dir='ltr'><strong>a</strong></span> <span class='ocrx_word' id='word_1_409' title='bbox 1108 3551 1169 3614; x_wconf 83' lang='lat' dir='ltr'><strong>lieo</strong></span> <span class='ocrx_word' id='word_1_410' title='bbox 1188 3548 1293 3612; x_wconf 89' lang='lat' dir='ltr'><strong>reiecti</strong></span> 
     </span>
     <span class='ocr_line' id='line_1_42' title="bbox 57 3629 1294 3718; baseline 0.003 -28"><span class='ocrx_word' id='word_1_411' title='bbox 57 3629 145 3694; x_wconf 88' lang='lat' dir='ltr'><strong>luisse</strong></span> <span class='ocrx_word' id='word_1_412' title='bbox 165 3633 283 3710; x_wconf 80' lang='lat' dir='ltr'><strong>legitur.</strong></span> <span class='ocrx_word' id='word_1_413' title='bbox 626 3685 629 3690; x_wconf 90' lang='lat'>.</span> <span class='ocrx_word' id='word_1_414' title='bbox 692 3634 1294 3718; x_wconf 75' lang='lat' dir='ltr'><strong>sunt‚uideturturpitcrconluclissecum</strong></span> 
     </span>
     <span class='ocr_line' id='line_1_43' title="bbox 93 3714 1292 3798; baseline -0.005 -18"><span class='ocrx_word' id='word_1_415' title='bbox 93 3716 159 3780; x_wconf 83' lang='lat' dir='ltr'><strong>Ohr&#39;.</strong></span> <span class='ocrx_word' id='word_1_416' title='bbox 182 3718 213 3779; x_wconf 86' lang='grc'><strong>9.</strong></span> <span class='ocrx_word' id='word_1_417' title='bbox 234 3714 263 3779; x_wconf 92' lang='lat' dir='ltr'><strong>S.</strong></span> <span class='ocrx_word' id='word_1_418' title='bbox 281 3715 436 3798; x_wconf 87' lang='lat' dir='ltr'><strong>Scriptura</strong></span> <span class='ocrx_word' id='word_1_419' title='bbox 448 3717 484 3781; x_wconf 85' lang='lat' dir='ltr'><strong>V.</strong></span> <span class='ocrx_word' id='word_1_420' title='bbox 502 3718 537 3781; x_wconf 79' lang='lat' dir='ltr'><strong>h.</strong></span> <span class='ocrx_word' id='word_1_421' title='bbox 554 3719 653 3783; x_wconf 89' lang='lat' dir='ltr'><strong>histo·</strong></span> <span class='ocrx_word' id='word_1_422' title='bbox 693 3723 915 3786; x_wconf 83' lang='lat' dir='ltr'><strong>characteribus</strong></span> <span class='ocrx_word' id='word_1_423' title='bbox 930 3732 1061 3784; x_wconf 86' lang='lat' dir='ltr'><strong>velerum</strong></span> <span class='ocrx_word' id='word_1_424' title='bbox 1077 3718 1292 3790; x_wconf 83' lang='lat' dir='ltr'><strong>hebraeorum,</strong></span> 
     </span>
    </p>
   </div>
   <div class='ocr_carea' id='block_1_3' title="bbox 55 3796 1318 4388">
    <p class='ocr_par' dir='ltr' id='par_1_3' title="bbox 55 3796 1318 4388">
     <span class='ocr_line' id='line_1_44' title="bbox 55 3796 1291 3888; baseline 0.001 -31"><span class='ocrx_word' id='word_1_425' title='bbox 55 3796 109 3861; x_wconf 86' lang='lat' dir='ltr'><strong>rias</strong></span> <span class='ocrx_word' id='word_1_426' title='bbox 134 3799 270 3862; x_wconf 89' lang='lat' dir='ltr'><strong>continet</strong></span> <span class='ocrx_word' id='word_1_427' title='bbox 296 3803 423 3865; x_wconf 84' lang='lat' dir='ltr'><strong>maxime</strong></span> <span class='ocrx_word' id='word_1_428' title='bbox 450 3805 651 3880; x_wconf 86' lang='lat' dir='ltr'><strong>scandalosns,</strong></span> <span class='ocrx_word' id='word_1_429' title='bbox 693 3807 744 3886; x_wconf 91' lang='lat' dir='ltr'><strong>qui</strong></span> <span class='ocrx_word' id='word_1_430' title='bbox 759 3816 828 3867; x_wconf 92' lang='lat' dir='ltr'><strong>tunc</strong></span> <span class='ocrx_word' id='word_1_431' title='bbox 841 3807 982 3888; x_wconf 87' lang='lat' dir='ltr'><strong>populoru</strong></span> <span class='ocrx_word' id='word_1_432' title='bbox 994 3804 1047 3867; x_wconf 77' lang='lat' dir='ltr'><strong>nei</strong></span> <span class='ocrx_word' id='word_1_433' title='bbox 1060 3803 1291 3870; x_wconf 86' lang='lat' dir='ltr'><strong>constituerunt.</strong></span> 
     </span>
     <span class='ocr_line' id='line_1_45' title="bbox 56 3885 1292 3968; baseline -0.002 -26"><span class='ocrx_word' id='word_1_434' title='bbox 56 3891 199 3946; x_wconf 88' lang='lat' dir='ltr'><strong>eteorum</strong></span> <span class='ocrx_word' id='word_1_435' title='bbox 215 3904 346 3966; x_wconf 88' lang='lat' dir='ltr'><strong>quoque,</strong></span> <span class='ocrx_word' id='word_1_436' title='bbox 364 3887 414 3967; x_wconf 88' lang='lat' dir='ltr'><strong>qui</strong></span> <span class='ocrx_word' id='word_1_437' title='bbox 431 3905 485 3950; x_wconf 89' lang='lat' dir='ltr'><strong>ceu</strong></span> <span class='ocrx_word' id='word_1_438' title='bbox 505 3888 575 3950; x_wconf 87' lang='lat' dir='ltr'><strong>iusti</strong></span> <span class='ocrx_word' id='word_1_439' title='bbox 591 3889 653 3950; x_wconf 89' lang='lat' dir='ltr'><strong>lau·</strong></span> <span class='ocrx_word' id='word_1_440' title='bbox 693 3889 771 3951; x_wconf 87' lang='lat' dir='ltr'><strong>Nihil</strong></span> <span class='ocrx_word' id='word_1_441' title='bbox 798 3900 898 3952; x_wconf 86' lang='lat' dir='ltr'><strong>autern</strong></span> <span class='ocrx_word' id='word_1_442' title='bbox 927 3889 1021 3968; x_wconf 77' lang='lat' dir='ltr'><strong>magis</strong></span> <span class='ocrx_word' id='word_1_443' title='bbox 1046 3885 1206 3966; x_wconf 87' lang='lat' dir='ltr'><strong>insipidum</strong></span> <span class='ocrx_word' id='word_1_444' title='bbox 1230 3889 1292 3954; x_wconf 86' lang='lat' dir='ltr'><strong>est,</strong></span> 
     </span>
     <span class='ocr_line' id='line_1_46' title="bbox 55 3963 1293 4055; baseline 0 -31"><span class='ocrx_word' id='word_1_445' title='bbox 55 3963 172 4044; x_wconf 87' lang='lat' dir='ltr'><strong>dantur,</strong></span> <span class='ocrx_word' id='word_1_446' title='bbox 190 3971 234 4030; x_wconf 85' lang='lat' dir='ltr'><strong>vel</strong></span> <span class='ocrx_word' id='word_1_447' title='bbox 254 3979 285 4030; x_wconf 92' lang='lat' dir='ltr'><strong>ut</strong></span> <span class='ocrx_word' id='word_1_448' title='bbox 300 3968 487 4032; x_wconf 89' lang='lat' dir='ltr'><strong>Patriarchae</strong></span> <span class='ocrx_word' id='word_1_449' title='bbox 504 3989 652 4034; x_wconf 79' lang='lat' dir='ltr'><strong>uenerari·</strong></span> <span class='ocrx_word' id='word_1_450' title='bbox 694 3991 783 4055; x_wconf 89' lang='lat' dir='ltr'><strong>quam</strong></span> <span class='ocrx_word' id='word_1_451' title='bbox 800 3975 888 4048; x_wconf 88' lang='lat' dir='ltr'><strong>ratio,</strong></span> <span class='ocrx_word' id='word_1_452' title='bbox 904 3993 956 4036; x_wconf 90' lang='lat' dir='ltr'><strong>seu</strong></span> <span class='ocrx_word' id='word_1_453' title='bbox 973 3990 1075 4046; x_wconf 88' lang='lat' dir='ltr'><strong>causa,</strong></span> <span class='ocrx_word' id='word_1_454' title='bbox 1088 3988 1122 4030; x_wconf 84' lang='lat' dir='ltr'><strong>cx</strong></span> <span class='ocrx_word' id='word_1_455' title='bbox 1134 3985 1193 4047; x_wconf 89' lang='lat' dir='ltr'><strong>qua</strong></span> <span class='ocrx_word' id='word_1_456' title='bbox 1205 3963 1293 4039; x_wconf 74' lang='lat' dir='ltr'><strong>liegel</strong></span> 
     </span>
     <span class='ocr_line' id='line_1_47' title="bbox 56 4047 1295 4138; baseline -0.005 -25"><span class='ocrx_word' id='word_1_457' title='bbox 56 4057 111 4125; x_wconf 88' lang='lat' dir='ltr'><strong>tur,</strong></span> <span class='ocrx_word' id='word_1_458' title='bbox 127 4051 268 4131; x_wconf 83' lang='lat' dir='ltr'><strong>pudenda</strong></span> <span class='ocrx_word' id='word_1_459' title='bbox 282 4054 509 4128; x_wconf 85' lang='lat' dir='ltr'><strong>scelerarelert,</strong></span> <span class='ocrx_word' id='word_1_460' title='bbox 521 4073 587 4134; x_wconf 75' lang='lat' dir='ltr'><strong>eg.</strong></span> <span class='ocrx_word' id='word_1_461' title='bbox 605 4057 654 4117; x_wconf 90' lang='lat' dir='ltr'><strong>in·</strong></span> <span class='ocrx_word' id='word_1_462' title='bbox 694 4059 917 4138; x_wconf 89' lang='lat' dir='ltr'><strong>corruptionem</strong></span> <span class='ocrx_word' id='word_1_463' title='bbox 939 4057 1064 4138; x_wconf 84' lang='lat' dir='ltr'><strong>repetit:</strong></span> <span class='ocrx_word' id='word_1_464' title='bbox 1086 4050 1225 4112; x_wconf 87' lang='lat' dir='ltr'><strong>innititur</strong></span> <span class='ocrx_word' id='word_1_465' title='bbox 1244 4047 1295 4108; x_wconf 92' lang='lat' dir='ltr'><strong>illa</strong></span> 
     </span>
     <span class='ocr_line' id='line_1_48' title="bbox 57 4130 1318 4219; baseline 0 -29"><span class='ocrx_word' id='word_1_466' title='bbox 57 4144 151 4196; x_wconf 86' lang='lat' dir='ltr'><strong>cestus</strong></span> <span class='ocrx_word' id='word_1_467' title='bbox 166 4134 272 4212; x_wconf 86' lang='lat' dir='ltr'><strong>Luthi,</strong></span> <span class='ocrx_word' id='word_1_468' title='bbox 293 4135 382 4200; x_wconf 91' lang='lat' dir='ltr'><strong>ludae</strong></span> <span class='ocrx_word' id='word_1_469' title='bbox 398 4147 454 4200; x_wconf 90' lang='lat' dir='ltr'><strong>etc.</strong></span> <span class='ocrx_word' id='word_1_470' title='bbox 474 4136 545 4210; x_wconf 88' lang='lat' dir='ltr'><strong>Quis</strong></span> <span class='ocrx_word' id='word_1_471' title='bbox 565 4141 653 4201; x_wconf 86' lang='lat' dir='ltr'><strong>talem</strong></span> <span class='ocrx_word' id='word_1_472' title='bbox 695 4142 769 4203; x_wconf 83' lang='lat' dir='ltr'><strong>salso</strong></span> <span class='ocrx_word' id='word_1_473' title='bbox 798 4159 918 4219; x_wconf 84' lang='lat' dir='ltr'><strong>prorsus</strong></span> <span class='ocrx_word' id='word_1_474' title='bbox 944 4151 974 4202; x_wconf 90' lang='lat' dir='ltr'><strong>et</strong></span> <span class='ocrx_word' id='word_1_475' title='bbox 999 4139 1111 4200; x_wconf 89' lang='lat' dir='ltr'><strong>absono</strong></span> <span class='ocrx_word' id='word_1_476' title='bbox 1135 4130 1294 4213; x_wconf 87' lang='lat' dir='ltr'><strong>principio,</strong></span> <span class='ocrx_word' id='word_1_477' title='bbox 1316 4185 1318 4190; x_wconf 81' lang='grc'><strong>,</strong></span> 
     </span>
     <span class='ocr_line' id='line_1_49' title="bbox 56 4213 1296 4305; baseline 0 -30"><span class='ocrx_word' id='word_1_478' title='bbox 56 4213 162 4280; x_wconf 88' lang='lat' dir='ltr'><strong>librum</strong></span> <span class='ocrx_word' id='word_1_479' title='bbox 182 4227 215 4280; x_wconf 89' lang='lat' dir='ltr'><strong>ut</strong></span> <span class='ocrx_word' id='word_1_480' title='bbox 236 4220 368 4284; x_wconf 85' lang='lat' dir='ltr'><strong>divinum</strong></span> <span class='ocrx_word' id='word_1_481' title='bbox 390 4221 595 4286; x_wconf 78' lang='lat' dir='ltr'><strong>habehit‘l-</strong></span> <span class='ocrx_word' id='word_1_482' title='bbox 610 4221 655 4288; x_wconf 86' lang='grc' dir='ltr'><strong>Ιιι</strong></span> <span class='ocrx_word' id='word_1_483' title='bbox 696 4224 773 4305; x_wconf 88' lang='lat' dir='ltr'><strong>quod</strong></span> <span class='ocrx_word' id='word_1_484' title='bbox 793 4214 872 4286; x_wconf 78' lang='lat' dir='ltr'><strong>[leus</strong></span> <span class='ocrx_word' id='word_1_485' title='bbox 887 4243 945 4284; x_wconf 87' lang='grc' dir='ltr'><strong>ιιι</strong></span> <span class='ocrx_word' id='word_1_486' title='bbox 969 4219 1082 4283; x_wconf 89' lang='lat' dir='ltr'><strong>sitnisi</strong></span> <span class='ocrx_word' id='word_1_487' title='bbox 1111 4241 1138 4272; x_wconf 81' lang='grc' dir='ltr'><strong>τι</strong></span> <span class='ocrx_word' id='word_1_488' title='bbox 1168 4217 1296 4294; x_wconf 78' lang='lat' dir='ltr'><strong>cogitare</strong></span> 
     </span>
     <span class='ocr_line' id='line_1_50' title="bbox 82 4298 1296 4388; baseline -0.007 -19"><span class='ocrx_word' id='word_1_489' title='bbox 82 4322 115 4382; x_wconf 71' lang='lat' dir='ltr'><strong>ln</strong></span> <span class='ocrx_word' id='word_1_490' title='bbox 130 4323 202 4372; x_wconf 77' lang='lat' dir='ltr'><strong>hebr.</strong></span> <span class='ocrx_word' id='word_1_491' title='bbox 216 4325 239 4386; x_wconf 83' lang='grc' dir='ltr'><strong>ι,</strong></span> <span class='ocrx_word' id='word_1_492' title='bbox 251 4325 284 4374; x_wconf 85' lang='grc' dir='ltr'><strong>ιι.</strong></span> <span class='ocrx_word' id='word_1_493' title='bbox 692 4307 816 4388; x_wconf 78' lang='lat' dir='ltr'><strong>purum,</strong></span> <span class='ocrx_word' id='word_1_494' title='bbox 828 4325 880 4369; x_wconf 93' lang='lat' dir='ltr'><strong>seu</strong></span> <span class='ocrx_word' id='word_1_495' title='bbox 893 4307 968 4366; x_wconf 87' lang='lat' dir='ltr'><strong>ratio</strong></span> <span class='ocrx_word' id='word_1_496' title='bbox 980 4299 1197 4382; x_wconf 86' lang='lat' dir='ltr'><strong>impersonalis.</strong></span> <span class='ocrx_word' id='word_1_497' title='bbox 1211 4298 1296 4360; x_wconf 86' lang='lat' dir='ltr'><strong>hune</strong></span> 
     </span>
    </p>
   </div>
   <div class='ocr_carea' id='block_1_4' title="bbox 0 0 1474 4734">
    <p class='ocr_par' dir='ltr' id='par_1_4' title="bbox 0 0 1474 4734">
     <span class='ocr_line' id='line_1_51' title="bbox 0 0 1474 4734; baseline 0 0"><span class='ocrx_word' id='word_1_498' title='bbox 0 0 1474 4734; x_wconf 95' lang='lat' dir='ltr'><strong> </strong></span> 
     </span>
    </p>
   </div>
  </div>
 </body>
</html>
