2918 4734
389 182 462 228 rans
483 183 516 228 11.
540 181 685 230 sacrior.
708 185 802 240 creor
823 183 845 230 1.
1151 161 1214 226 lib

25 262 451 343 testedlortino'llcirtinioll)
466 270 614 340 rtarralnr,
656 263 723 326 litas
753 261 890 328 Samsoni
908 261 1097 338 -concetaisse
1124 257 1256 322 adduas

23 349 96 430 quod
119 356 261 426 regnante
278 349 332 411 loo
355 347 480 427 septimo
506 344 616 408 Sinen·
656 347 762 410 domus
795 349 949 410 columnas
978 344 1191 409 concutiendae
1221 361 1257 405 ex

23 435 94 494 sium
111 433 305 512 imperatore,
330 431 493 504 1111111111
520 432 617 496 11111111
657 449 794 512 perverso
817 433 876 494 fine
901 430 1045 495 ultionem
1066 429 1103 490 de
1128 427 1257 493 inimicis

23 536 78 578 oon
93 517 242 591 occiderit,
262 515 310 576 cui
339 514 501 576 narrationi
523 515 617 576 mira·
657 516 806 592 sumendi,
826 524 856 578 et
873 514 1003 596 seipsum
1020 511 1187 577 occidendi.
1203 510 1256 574 hi·

24 602 110 662 culum
125 601 200 662 solis
213 601 249 662 ad
263 599 421 680 imperium
432 596 519 661 lasne
533 606 617 660 stan·
657 599 723 675 her,
743 600 794 680 qui
816 599 887 664 talia
904 603 1016 674 narrat,
1043 597 1156 662 nullam
1175 613 1258 678 pror.-

24 685 65 758 tis‚
90 694 119 746 et
144 684 224 765 apud
249 681 336 746 Sinas
362 701 481 762 quoqne
503 681 623 747 risibile⁴
658 701 708 746 sus
726 685 819 754 sidem
836 691 975 744 meretur.

22 769 201 830 occasionem
221 769 339 829 dedisse
361 767 489 842 videtur,
510 784 618 847 qoam·
699 768 785 848 Resp.
806 767 839 829 ln
858 767 945 828 allata
971 761 1095 826 historia
1113 769 1258 842 perpetuo

23 853 58 913 ris
74 853 213 913 cinenses
226 852 270 912 illi
285 851 461 926 annalistae,
477 850 619 931 quemad·
659 851 868 914 attendendum
881 847 1116 926 esesamsonam
1129 852 1258 906 nontam

22 937 134 997 nodum
163 937 195 997 in
216 936 283 996 aliis
305 934 464 1009 iaciebant,
488 933 618 994 tabulam
660 952 712 1013 pcr
725 935 801 998 vires
816 935 978 1008 naturales,
992 949 1080 1013 quam
1096 930 1194 1011 potins
1206 946 1259 1009 per

22 1019 242 1095 admiscuerint,
262 1028 293 1080 et
315 1037 377 1080 rem
397 1025 618 1094 exaggerantes,
660 1018 752 1098 robur
765 1018 989 1099 supernaturale
1002 1015 1147 1094 stupenda
1162 1013 1260 1095 perle-

23 1104 73 1164 nni
89 1103 159 1179 diei,
183 1122 245 1183 quo
278 1103 322 1164 sol
352 1109 490 1176 steterat,
516 1101 619 1164 decem
660 1101 746 1170 cisse.
767 1102 859 1164 Deum
880 1103 959 1164 enim
978 1099 1099 1180 gratias,
1119 1117 1192 1180 quas
1210 1097 1259 1158 di·

23 1187 81 1249 dies
100 1186 322 1250 substituerint.
349 1185 500 1247 Absonnm
520 1195 619 1247 autem
660 1196 731 1246 cunt
742 1187 940 1268 gratissimos,
954 1186 1043 1247 etiam
1055 1180 1260 1264 peccatoribus

23 1280 72 1342 est,
95 1271 257 1333 stationem
282 1269 353 1332 solis
384 1269 533 1336 rnedinnle
562 1287 620 1348 po·
662 1269 800 1332 hincinde
818 1270 1001 1344 concedere,
1020 1266 1178 1328 ostendunt
1196 1265 1280 1331 tto-¹

24 1355 87 1417 celio
117 1354 271 1436 explicare
298 1355 392 1414 velle„
411 1352 483 1414 Nam
508 1351 553 1414 rel
578 1353 621 1415 sol
661 1354 740 1416 loom
758 1354 807 1434 (9)
825 1363 854 1416 et
874 1354 1001 1434 captos
1018 1353 1084 1432 (3),
1101 1350 1152 1432 qui
1170 1349 1259 1410 ambo

24 1438 90 1502 inira
108 1439 299 1500 horizontem
325 1437 477 1500 demersus
502 1455 621 1498 cursum
662 1439 911 1517 prophetaverunt
928 1438 987 1517 (l).
1003 1436 1048 1499 lta
1065 1435 1154 1497 etiam
1173 1431 1261 1496 Sam-

25 1541 100 1584 suum
120 1521 322 1597 continuavit,
342 1521 387 1582 tel
406 1539 476 1582 non.
503 1517 534 1583 Si
557 1521 621 1602 pri·
661 1521 744 1597 soni,
766 1521 902 1602 quamvis
923 1521 1017 1602 ipsius
1034 1519 1093 1581 vita
1113 1519 1261 1580 immacu·

26 1625 119 1668 mum:
150 1625 222 1684 ergo
254 1605 388 1686 paralion
412 1605 505 1684 spolio
530 1604 623 1666 unios
661 1605 720 1666 lata
739 1625 798 1668 non
818 1613 908 1681 esset,
927 1604 1152 1686 supernaturale
1170 1601 1262 1664 robur

25 1692 75 1752 tici
98 1689 283 1752 naturaliter
301 1690 461 1770 perdurare
486 1707 544 1749 non
567 1707 622 1768 po·
662 1688 835 1751 concessum
856 1699 912 1766 est;
930 1707 998 1750 narn
1013 1707 1047 1750 ex
1061 1686 1092 1748 S.
1110 1685 1262 1766 Scriptura

25 1775 82 1848 tuit,
102 1783 139 1835 ut
157 1773 288 1854 quilibet
311 1792 370 1837 non
393 1771 515 1834 omnino
541 1771 623 1834 rullis
662 1772 822 1851 colligitur,
842 1772 993 1838 Samsonis
1012 1773 1088 1834 vires
1102 1771 1193 1832 luisse
1212 1789 1263 1832 su·

26 1858 100 1920 lacilc
119 1857 287 1939 perspicit;
316 1856 448 1938 paralion
462 1855 554 1930 eninr,
570 1875 622 1917 seu
663 1860 878 1936 pernaturales‚
894 1877 927 1918 ar
944 1857 1153 1918 miraculosum
1169 1854 1264 1935 quod·

25 1943 156 2004 relractio
176 1941 255 2002 lucis
276 1950 336 2004 111111
356 1940 448 2018 vivax,
468 1946 502 2001 ut
515 1939 624 2017 imagi·
663 1941 730 2002 dam
750 1941 874 2019 donum,
890 1941 960 2022 quia
975 1961 992 2002 a
1006 1938 1115 2021 Spiritu
1131 1937 1196 2014 Dei,
1210 1937 1263 2018 qui

25 2044 84 2086 nem
102 2025 178 2088 solis
199 2024 339 2106 diemque
354 2024 518 2099 exhiberet,
537 2024 624 2104 plane
663 2025 693 2085 in
708 2024 803 2106 ipsum
817 2025 962 2102 irruebat,
976 2022 1189 2105 proveniebant
1200 2022 1260 2102 (5);

25 2127 76 2170 non
99 2110 201 2190 potuit
228 2109 340 2170 tamdiu
365 2108 524 2189 perdurare
538 2151 547 2184 ,
581 2107 624 2170 si·
664 2118 748 2170 erant
773 2110 862 2172 etiam
888 2127 1064 2190 permanens
1086 2107 1196 2168 donum
1215 2114 1263 2168 at-

25 2193 138 2272 quidem
146 2193 192 2255 sol
206 2210 312 2273 reapse
325 2193 525 2266 occubuisset,
538 2199 567 2253 et
579 2191 625 2253 in·
664 2211 722 2273 que
741 2193 910 2269 habituale,
927 2193 1077 2254 voluntate
1096 2189 1148 2252 Dei
1168 2189 1263 2271 ipsius

26 2277 63 2336 tra
75 2277 264 2338 horizontem
278 2295 397 2338 cursum
410 2275 623 2338 continuasset.
665 2295 766 2338 comae
779 2285 808 2340 et
819 2277 1008 2340 Nazaraeatui
1020 2277 1195 2350 adhaerens,
1210 2275 1263 2335 do·

25 2357 51 2422 Si
64 2361 244 2422 secundum:
262 2379 331 2438 ergo
347 2361 404 2421 hoe
416 2361 480 2440 ipso
499 2359 627 2421 miracu·
666 2379 720 2423 nec
748 2362 819 2423 illud
848 2363 935 2443 crrlpa
959 2380 1013 2422 sua
1034 2360 1182 2422 amitteret
1200 2359 1267 2439 (b).

26 2445 78 2504 lum
98 2445 173 2506 solis
200 2444 231 2505 in
251 2463 305 2506 sno
324 2462 415 2506 cursu
432 2443 552 2506 inhibiti
571 2443 626 2504 ad·
665 2444 744 2506 Deus
765 2463 833 2523 ergo
848 2447 878 2506 in
894 2447 949 2508 hac
968 2445 1076 2508 celebri
1096 2443 1218 2515 historia
1232 2463 1266 2504 o·

28 2528 162 2589 mittitur.
666 2528 893 2608 mnipotenliam
919 2538 948 2591 ct
975 2529 1150 2610 sapientiam
1179 2545 1264 2589 suam

74 2613 141 2675 Oti.
174 2612 207 2674 3.
240 2609 361 2673 Absona
387 2619 418 2674 et
439 2610 628 2674 incredibilia
667 2612 877 2690 manifestavit,
898 2613 968 2674 dnm
989 2613 1062 2674 mira
1081 2612 1217 2693 patravit,
1236 2619 1266 2673 et

28 2703 103 2771 sunt,
119 2695 244 2776 quaein
259 2695 335 2756 libro
348 2695 481 2757 lodicum
495 2714 560 2775 cap.
577 2693 627 2758 XV
667 2715 720 2777 par
734 2697 854 2759 unicum
873 2697 1022 2759 hominem
1041 2694 1265 2776 superbosPhi-

28 2787 132 2860 etseq.
152 2780 192 2842 de
209 2780 348 2844 Sumsoae
360 2781 510 2857 leguntur.
531 2779 628 2842 lncre-
667 2781 807 2842 listlraeos
818 2781 963 2858 conludit;
974 2781 1103 2842 ostendit
1113 2780 1201 2841 etiam
1215 2778 1265 2839 iu·

29 2861 114 2925 dibile
126 2864 209 2925 enim
225 2872 282 2939 est,
296 2882 388 2925 unum
403 2863 554 2925 hominem
573 2881 628 2924 eo·
668 2863 778 2926 stillam
790 2884 872 2926 suam
885 2874 946 2926 tum
959 2865 988 2927 in
1001 2864 1199 2926 Philisthaeos
1210 2880 1265 2923 ve-

29 2945 90 3006 dcm
112 2957 250 3029 tempore
267 2956 296 3009 et
322 2947 351 3008 in
372 2947 492 3008 eadem
508 2947 629 3025 regione
668 2967 718 3010 rae
729 2947 890 3027 Religionis
902 2956 1120 3028 contemptores
1132 2945 1266 3008 etlsrae-

30 3037 173 3093 tercentos
184 3033 287 3112 vulpes
299 3030 425 3110 cepisse,
438 3049 538 3093 earum
555 3050 629 3094 cau·
668 3029 786 3094 litarunr
803 3052 1003 3116 oppressores,
1017 3041 1079 3094 tum
1094 3030 1126 3091 in
1144 3027 1266 3090 Samso·

31 3112 79 3174 das
95 3115 631 3196 iunxisse,etperlacesalligatasin·
669 3135 754 3194 nem,
776 3137 863 3197 quem
883 3119 921 3180 oh
939 3118 1055 3196 culpam
1078 3112 1266 3176 commissam

30 3199 167 3260 cendiurn
188 3199 430 3280 excitasse,qnod
450 3200 631 3280 lacilinsper
669 3201 816 3278 deseruit,
836 3210 865 3262 et
883 3203 912 3263 in
929 3199 1136 3266 ,miserrimum
1157 3205 1267 3259 statum

30 3298 69 3356 sc,
90 3281 231 3363 paralius
246 3283 393 3358 homines,
410 3285 453 3344 vel
467 3303 568 3359 canes,
589 3285 631 3345 le·
670 3285 788 3362 deiecit;
806 3286 934 3349 ostendit
947 3285 1076 3364 denique
1096 3281 1268 3344 misericor-

9 3364 68 3426 *les
91 3374 150 3428 etc.
180 3367 307 3428 excitare
334 3367 488 3447 potuisset.
509 3367 630 3430 Fabulis
670 3368 748 3430 diam
768 3388 864 3444 suam,
882 3369 951 3430 olum
972 3366 1145 3430 Samsoncm
1161 3366 1269 3447 poeni·

9 3469 10 3474 ¹
29 3465 114 3527 porro
125 3449 630 3532 Gentiliumsimillimnmest,quod
672 3461 779 3514 tentem
793 3452 899 3514 iterum
913 3453 1051 3514 adinrare
1062 3452 1199 3530 dignatus
1211 3459 1267 3512 est.

32 3529 154 3596 Samson
186 3535 303 3596 maxilla
330 3533 406 3596 asini
439 3535 520 3597 mille
552 3537 643 3598 viros
671 3534 727 3607 Oui
750 3535 901 3598 historiam
926 3534 1078 3598 Samsonis
1096 3535 1151 3597 sub
1171 3535 1268 3597 altiori

31 3615 222 3692 interfecerit,
237 3619 313 3699 quod
331 3638 408 3699 aqna
421 3619 459 3681 ad
477 3619 630 3683 levandam
671 3621 725 3682 hoc
745 3631 880 3701 respectu
898 3621 1078 3696 considerat,
1099 3619 1173 3681 nihil
1191 3619 1223 3680 in
1235 3638 1269 3680 ea

32 3695 182 3763 Samsonis
199 3701 278 3764 sitim
298 3703 334 3765 de
345 3704 464 3766 rnaxilla
481 3704 557 3766 asini
571 3723 634 3766 sca·
671 3705 812 3779 inveniet,
825 3706 902 3785 qnod
914 3705 974 3767 Deo
987 3704 1143 3782 indignum
1156 3702 1206 3778 sit,
1219 3711 1270 3764 aut

32 3785 157 3860 tnrierit,
177 3794 208 3847 ct
234 3787 313 3867 qnod
330 3787 436 3848 exinde
455 3787 521 3850 lons
536 3807 631 3868 aqua·
673 3790 889 3869 propterquod
911 3789 988 3852 liber
1004 3789 1138 3851 Indicum
1155 3803 1278 3866 ,snspe-a

32 3882 93 3927 rom
123 3870 263 3949 perennis
288 3881 392 3933 enatus
420 3873 469 3934 sit.
499 3871 632 3954 Denique
673 3882 737 3934 ctus
749 3871 994 3935 residuum-Ut
1007 3883 1103 3935 autem
1118 3875 1268 3952 appareat,

33 3952 134 4012 rationi
153 3967 184 4014 et
206 3954 343 4031 religioni
367 3965 529 4036 repugnat,
554 3957 633 4036 quod
672 3957 790 4028 nullam⁴
802 3958 1065 4036 contradictionem
1083 3957 1113 4017 in
1128 3955 1215 4016 allata
1228 3949 1270 4009 hi·

34 4034 329 4117 caphlllnarratnr,
344 4036 437 4102 Deum
457 4038 535 4102 vires
549 4039 633 4102 inso·
673 4041 763 4104 storia
786 4041 924 4120 inveniri,
937 4052 967 4103 et
987 4060 1024 4102 ne
1044 4038 1184 4101 miracula
1205 4033 1269 4094 sine

60 4186 94 4243 (1)
109 4189 133 4234 tn
147 4191 231 4238 nnana
246 4191 301 4239 unt.
317 4193 452 4254 nnuman.
465 4195 502 4256 aa,
518 4197 574 4244 eun.
588 4210 637 4244 mo.
705 4195 736 4253 (a)
753 4198 784 4242 ro.
799 4196 837 4254 11,
852 4197 881 4242 to
896 4197 939 4240 erc.
1000 4193 1030 4250 (n
1046 4189 1078 4234 cr.
1091 4185 1169 4231 nacon.
1180 4183 1206 4248 1,
1218 4181 1255 4229 ,2.
1271 4220 1273 4226 .

37 4255 131 4293 mane.
145 4261 182 4296 m.
197 4250 264 4297 ⁴⁶⁵8·
704 4255 736 4317 (1)
752 4255 800 4302 tun.
815 4267 836 4301 e
849 4254 886 4308 11,
899 4266 920 4300 v.
935 4255 958 4309 11,
974 4253 998 4298 et
1009 4263 1029 4296 0.
1043 4249 1080 4294 11.
1093 4257 1116 4286 v·
1131 4243 1169 4278 1⁸-

63 4305 93 4364 l21
111 4307 173 4354 dnn.
187 4319 209 4355 o.
225 4310 261 4362 t't.
275 4323 298 4356 r.
313 4312 335 4366 51
351 4314 375 4358 et
389 4324 409 4360 c.
424 4313 464 4372 at,
479 4326 502 4359 v.
516 4312 555 4366 tr,
784 4315 792 4338 ⁸
816 4328 836 4360 c.
850 4314 888 4372 ld,
901 4324 928 4372 r.¹
938 4310 1011 4356 -tr·2t.
1023 4365 1030 4381 ,Δ
