2928 4734
141 149 144 160 ’
192 161 258 231 tto
554 197 558 204 ·
612 177 797 226 rmouocma
817 175 980 224 emmonis

149 256 313 321 creationis
330 255 509 334 ordinatum,
530 255 586 320 tria
603 257 678 320 leste
693 277 756 319 ma·
794 255 1015 318 constitutionis
1025 251 1173 317 mosaicae
1188 261 1250 316 erat
1264 251 1425 318 tlteocro·

145 341 364 418 iorainstituit,
380 351 409 404 ct
428 359 480 422 per
492 349 606 423 septem
629 341 693 404 dics
708 359 756 404 ce-
796 341 866 416 tt'co‚
885 340 956 422 quia
973 339 1052 402 Deus
1066 339 1130 420 ipse
1148 338 1203 400 luit
1220 337 1283 399 llex
1299 340 1424 420 populi

144 425 256 490 lebrari
281 426 443 507 praecepit3
471 426 612 487 nimirum
635 426 754 488 Festum
792 425 960 501 israelitici,
976 424 1121 504 iliumque
1137 441 1274 484 summus
1294 421 1424 484 Ponti-

144 511 297 575 Poaeltott's
337 510 375 571 ob
403 510 513 572 exitum
554 528 589 570 ex
610 508 750 590 Aegypto.
793 509 841 570 ser
863 527 929 570 curn
960 508 1166 571 sacerdotibus
1194 514 1224 569 ct
1247 505 1424 574 iudicibus

145 595 265 658 Festum
284 594 462 657 Pattccostea
480 594 518 655 ob
535 593 751 670 legislationem
793 591 1036 674 repraesentavit.

145 677 325 754 sinaiticam,
349 688 378 739 et
397 680 517 742 deatum
536 677 752 740 Tulernocolo-
835 677 869 738 B.
881 675 912 737 Si
924 675 982 737 iam
995 675 1109 754 Religio
1122 674 1250 736 mosaica
1263 673 1422 738 iunctio-

143 779 214 826 rttm
232 761 270 823 ob
283 762 427 824 beneficia
442 762 473 823 in
485 763 602 822 deserto
617 769 750 842 accepta3
792 779 830 822 ne
842 759 1048 843 philosophica
1059 760 1254 836 examinetur,
1264 758 1422 839 ipsauorr

144 845 228 908 hisce
246 845 330 907 iestis
353 845 522 927 praecipuis
550 842 664 906 addidit
693 846 751 908 Fe·
792 844 910 924 quidem
922 844 1072 922 Evangelii
1087 843 1422 924 perlectionemattiu-

142 939 222 992 dom
249 929 440 1010 expiationis,
459 929 602 1007 singulari
624 928 682 990 ritu
703 929 751 1010 (l)
790 928 843 1006 git,
863 927 914 990 sed
939 936 1037 990 tamen
1057 928 1089 988 in
1103 947 1137 988 ea
1153 927 1224 990 nihil
1244 929 1418 1008 occurrit,

144 1013 370 1089 celebrandum,
381 1032 439 1093 quo
453 1012 634 1094 poenitentia
644 1021 673 1074 et
683 1031 751 1094 spes
790 1013 869 1093 quod
887 1013 932 1074 vel
950 1021 1049 1073 rectae
1067 1012 1174 1072 rationi
1198 1011 1416 1088 adversetur,

143 1095 440 1159 lonchoton-lutor
453 1097 663 1171 coeremonias,
675 1115 750 1177 quas
789 1097 835 1158 vel
854 1115 920 1157 cum
942 1096 1136 1178 conceptibus
1149 1095 1214 1172 Dei,
1227 1094 1417 1174 Religionis

143 1182 252 1242 multas
272 1180 413 1261 quidem,
429 1180 481 1242 sed
501 1180 621 1262 optimis
639 1181 750 1244 finibus
789 1188 819 1241 et
838 1179 981 1256 hominis,
995 1181 1039 1242 vel
1055 1180 1134 1241 inter
1148 1197 1180 1241 se
1199 1189 1328 1259 pugnet:
1350 1201 1417 1244 ae-

144 1265 307 1327 destinatas
333 1262 671 1347 Mopses‘praescripsit,
695 1283 748 1326 oc·
789 1283 847 1344 que
874 1266 954 1326 enim
983 1265 1081 1326 aliena
1103 1272 1148 1325 est
1175 1264 1211 1326 ab
1239 1265 1417 1330 erroribus

143 1348 236 1411 currit
256 1349 454 1424 circumcisio,
481 1367 569 1431 quarn
596 1369 614 1411 a
634 1349 749 1410 familia
788 1345 975 1424 Gentilismi,
1000 1367 1068 1410 aca
1092 1348 1174 1410 vanis
1190 1346 1416 1430 Philosopho-

141 1432 302 1494 dbralrami
314 1433 352 1494 ad
368 1442 483 1510 gentem
498 1432 630 1495 eiusdem
647 1443 747 1495 trans·
788 1449 853 1493 rum
866 1432 1052 1495 ethnicorum
1064 1432 1191 1514 placitis.
1207 1429 1318 1494 Omnia
1334 1444 1415 1515 pot·

141 1517 210 1578 tutit
225 1517 386 1594 legislator,
397 1536 506 1594 urgens
519 1518 608 1579 etiam
621 1517 748 1579 circum·
787 1515 932 1599 ius,quae
950 1516 981 1578 in
994 1536 1030 1579 ea
1048 1516 1247 1591 eontinentur,
1268 1515 1340 1578 Deo
1363 1519 1415 1580 di·

143 1596 288 1661 cisiodem
307 1601 404 1664 cordis
427 1601 486 1682 (ἓ).
502 1635 546 1649 -
562 1599 745 1663 Sacrificium
786 1617 843 1678 gna
854 1647 863 1679 ,
889 1600 1059 1667 homiuibus
1078 1601 1314 1676 accommodata,
1341 1601 1413 1664 ho-

143 1683 269 1764 triplicis
297 1685 415 1763 generis
439 1685 652 1768 praescriptum
677 1685 744 1762 luit,
788 1703 838 1760 na,
858 1685 918 1764 pia,
934 1693 1024 1766 atque
1041 1693 1144 1746 sancta
1162 1692 1241 1760 suut,
1261 1703 1373 1764 quare
1392 1707 1413 1750 a

141 1767 295 1830 nivarirum:
312 1769 553 1832 holocaustorum
567 1769 684 1848 siguum
697 1788 746 1831 su·
786 1765 816 1829 S.
827 1767 919 1831 Paulo
935 1769 1056 1832 dicitur:
1071 1771 1255 1845 Leoooaoto,
1268 1777 1296 1830 ct
1307 1787 1413 1834 man-

142 1851 238 1932 premi
255 1852 379 1914 dominii
393 1853 459 1928 liei,
471 1854 566 1916 dostio
575 1854 745 1934 pocifiooad
785 1853 888 1915 dolam
898 1861 1044 1930 toaclam,
1055 1853 1317 1916 inclamationem
1332 1856 1411 1936 (3).

66 1947 72 1969 ⁸
140 1935 302 1998 obtinenda
315 1936 746 2016 divinaheneticia,velingra·
785 1936 953 2016 Symbolum
967 1938 1047 1998 enim
1065 1938 1138 1999 tales
1153 1936 1241 1997 tradit
1257 1937 1295 2002 de
1314 1935 1410 2019 Deo,

140 2019 247 2081 tiorum
261 2021 408 2084 actionem
426 2041 478 2102 pro
494 2021 634 2097 obtentis,
654 2030 744 2086 etao-
785 2029 815 2082 et
833 2021 954 2084 homine
972 2021 1120 2096 notiones,
1139 2039 1215 2101 quae
1233 2019 1315 2082 sicut
1333 2022 1410 2088 Deo

139 2104 285 2183 orificium
301 2123 357 2184 pro
370 2114 497 2185 peccota.
518 2104 576 2167 dlii
603 2106 679 2168 ritus
697 2107 743 2168 vel
784 2114 852 2166 sunt
871 2105 1072 2184 dignissimae,
1092 2105 1133 2166 ita
1151 2105 1239 2167 etiam
1256 2105 1411 2173 hominis

139 2187 261 2264 victum,
278 2188 323 2250 vel
345 2189 496 2271 vestitum,
516 2189 560 2250 vel
579 2208 665 2251 usum
684 2209 743 2271 pu·
784 2189 821 2251 ad
840 2189 933 2252 Deum
951 2190 1111 2252 relationes
1128 2189 1158 2251 in
1182 2189 1296 2270 optima
1324 2191 1410 2258 luce

138 2272 336 2334 rideationuro
351 2281 408 2335 etc.
427 2273 656 2336 concernebant.
783 2273 941 2352 collocant3
957 2274 1045 2336 aliea
1059 2273 1137 2335 enim
1151 2273 1247 2336 omnis
1262 2275 1407 2357 veritas,

182 2356 212 2418 3.
243 2357 457 2420 Hierorcltt'con
482 2357 589 2439 duplex
627 2358 741 2421 secerni
783 2357 879 2420 omnis
896 2357 1021 2434 iustitia,
1045 2358 1142 2419 omnis
1160 2356 1285 2420 felicitas
1296 2377 1409 2442 repe-

137 2448 247 2521 potest,
268 2440 422 2517 nimirum,
442 2441 483 2521 a)
500 2442 683 2523 religiosum,
709 2443 742 2504 in
783 2441 865 2505 titur:
881 2442 1082 2524 corruptionis
1098 2449 1215 2504 nostrae
1229 2454 1406 2523 peccatum

140 2543 199 2606 quo
220 2523 345 2605 Mogses,
365 2533 398 2587 ut
414 2527 511 2589 cultus
526 2526 663 2607 publicus
684 2527 741 2588 rite
782 2545 835 2586 ceu
855 2546 945 2588 causa
957 2525 1132 2604 adstruitur,
1145 2533 1175 2588 et
1192 2526 1223 2587 in
1236 2529 1406 2606 promisso

137 2619 340 2688 perageretur,
353 2610 502 2692 simulque
515 2610 680 2672 observatio
694 2611 740 2673 le·
780 2607 960 2689 llessia,'seu
972 2611 1129 2673 liberatore
1139 2611 1303 2671 remedium
1322 2631 1407 2693 pro-

88 2769 89 2774 *
136 2692 182 2770 gis
202 2704 443 2774 promoveretur,
462 2695 599 2756 stabilem
623 2693 740 2756 lvierar·
780 2695 911 2774 ponitur,
932 2695 963 2756 iu
983 2713 1072 2776 quem
1086 2693 1265 2756 credendum
1280 2705 1346 2772 est,
1365 2710 1406 2762 ut

137 2775 235 2840 chiam
255 2779 285 2840 in
303 2778 383 2841 tribu
398 2778 469 2841 Levi
484 2779 624 2841 instituit:
641 2778 742 2841 lieter-
781 2797 834 2858 per
860 2797 911 2840 cor
939 2779 1098 2841 contritum
1129 2786 1159 2840 et
1189 2777 1401 2846 humiliatum

136 2861 261 2924 minavit
284 2862 363 2925 euim
394 2862 527 2925 ordinem
556 2861 738 2940 Levitarum,
779 2861 857 2924 lieus
875 2871 941 2943 post
957 2864 1074 2943 culpam
1100 2861 1251 2943 placetur,
1278 2870 1310 2924 et
1340 2883 1402 2928 re-

135 2943 327 3009 Sacerdotum
342 2956 371 3009 et
382 2944 663 3022 summiPontilvcis,
676 2955 739 3007 turn
780 2945 881 3008 missio
892 2948 1079 3028 peccatorum
1095 2945 1404 3013 obtinentem-Co-

136 3031 390 3094 eonsecrationem
403 3040 432 3094 et
448 3029 555 3106 ollicia,
570 3049 604 3092 ac
619 3031 737 3092 demum
778 3031 836 3092 dom
851 3031 940 3092 talem
950 3031 1037 3093 tradit
1047 3029 1210 3092 doctrinam
1225 3032 1400 3112 moralem,

134 3113 268 3176 redditus
285 3135 386 3176 eorum
406 3134 441 3177 ex
459 3114 582 3176 decimis
608 3123 638 3175 et
656 3121 739 3195 parte
779 3133 867 3194 quae,
887 3114 965 3191 sicut
987 3113 1104 3176 statutis
1132 3112 1225 3175 Deum
1253 3113 1341 3177 inter
1366 3129 1402 3182 et

136 3197 361 3276 sacrificiorum,
381 3209 418 3260 ul*
432 3199 505 3260 nilvil
520 3199 582 3261 iere
601 3198 736 3275 arbitrio,
779 3198 914 3260 homines
932 3197 1126 3259 relationibus
1137 3197 1247 3279 optime
1260 3216 1400 3280 respon·

135 3279 292 3342 ambitioni
320 3291 349 3344 et
376 3283 515 3344 avaritiae
542 3283 736 3363 relinqueret.
778 3282 838 3356 det,
858 3282 900 3344 sic
918 3281 1007 3344 etiam
1031 3281 1068 3343 ab
1091 3282 1171 3342 omni
1189 3300 1258 3343 vera
1278 3281 1398 3347 Philo-

136 3360 200 3433 Quo
219 3373 317 3425 autem
345 3366 447 3428 utilius
464 3386 518 3429 suo
537 3367 620 3445 iungi
642 3366 738 3428 officio
779 3366 883 3446 sophia
906 3365 1059 3448 probatur.
1086 3365 1145 3427 Nec
1170 3364 1251 3446 carpi
1271 3375 1394 3446 potest,

137 3445 265 3507 ministri
279 3458 410 3529 possent,
428 3469 487 3512 non
512 3449 669 3531 specialem
695 3449 738 3512 eis
778 3449 855 3530 quod
869 3449 1135 3532 circelleligiouem
1151 3457 1303 3510 externam
1318 3470 1397 3514 san·

135 3537 261 3591 tractum
281 3531 310 3593 in
324 3532 490 3595 Palaestina
507 3534 736 3613 assignavit,sed
778 3534 869 3606 citum
896 3543 950 3596 est:
976 3533 1082 3596 rituale
1104 3533 1183 3596 enim
1215 3533 1395 3599 mosaicum

136 3613 255 3676 eosdem
280 3615 358 3678 inter
375 3617 505 3698 reliquas
522 3618 617 3679 tribus
635 3617 737 3679 distri·
778 3619 864 3695 genio
881 3618 1021 3692 nationis,
1038 3617 1181 3699 temporis
1202 3624 1231 3678 et
1247 3617 1394 3695 regionis

135 3696 210 3760 buit.
243 3698 286 3780 b)
306 3699 516 3763 Hierarclricon
549 3703 632 3764 ciuile
658 3702 738 3780 leges
778 3702 900 3764 omnino
919 3701 1172 3764 accommodatum
1192 3700 1257 3762 luit.
1279 3699 1394 3766 Multi-

105 3790 108 3796 '
135 3791 197 3843 tum
217 3782 253 3844 de
271 3784 399 3862 gerendo
419 3784 513 3862 bello,
542 3794 604 3848 tum
628 3786 665 3848 de
682 3786 737 3848 ad·
779 3786 911 3848 tudinem
935 3785 1015 3847 euim
1040 3784 1297 3847 caeremoniarum
1318 3787 1395 3849 exi·

135 3865 333 3930 ministranda
365 3868 479 3931 iustitia
506 3879 609 3932 contra
637 3870 736 3944 iures,
777 3870 864 3950 gebat
882 3869 987 3950 genius
1005 3868 1147 3945 nationis,
1167 3869 1203 3931 ad
1219 3867 1395 3935 imitandos

136 3950 300 4014 homicidas
313 3960 384 4030 ela,
401 3961 464 4014 tum
481 3952 516 4014 de
532 3953 697 4016 dividendis
709 3962 739 4016 et
778 3955 852 4016 ritus
867 3952 1075 4035 Aegyptiorum
1086 3952 1335 4033 valdeproclivisa
1355 3953 1393 4018 ln

136 4035 267 4098 colendis
286 4036 362 4116 agris
380 4037 568 4108 continebat,
593 4049 625 4100 ut
648 4057 737 4100 secu·
777 4039 884 4100 ritihus
902 4048 1001 4100 autem
1020 4045 1049 4098 et
1074 4035 1258 4098 sacrificiisa
1284 4035 1394 4120 Moyse

137 4117 228 4196 nitati,
258 4122 461 4201 tranquillitati
479 4130 507 4184 et
521 4120 654 4182 felicitati
666 4129 738 4182 tern-
777 4122 966 4203 praescriptis
992 4121 1073 4182 nulla
1100 4119 1275 4196 crudelitas,
1299 4129 1337 4182 ut
1357 4123 1392 4185 iu

140 4201 231 4283 parali
259 4207 475 4270 consuleretur.
488 4241 530 4251 —
544 4205 651 4267 Forma
668 4224 736 4269 vero
776 4207 857 4268 cultu
869 4204 937 4267 Baal
949 4213 978 4270 et
989 4204 1102 4284 Dagon,
1113 4201 1248 4268 -nulla
1259 4203 1395 4272 obscoe-

168 4305 199 4364 (Ι)
217 4309 269 4354 Lev.
285 4311 322 4357 ld.
383 4313 414 4369 (2)
432 4313 498 4358 nent.
513 4311 550 4366 li.
568 4311 606 4374 Ψ)
753 4261 763 4364 l
806 4313 837 4359 ssl
853 4314 956 4360 110111ιῖ-
