2934 4736
428 207 502 255 rans
523 209 566 254 tn.
590 208 691 254 secuto
711 207 732 252 1.
757 207 851 253 ctrur
872 207 904 253 n.
1183 189 1244 254 3⁶25

68 285 122 348 daei
139 285 190 348 isla
208 285 343 366 (logmata
358 286 533 364 hauserunt,
553 288 644 350 nimi·
683 279 747 350 s'ttis
761 287 822 368 (l),
845 297 875 349 et
895 295 927 349 ut
945 288 1064 352 nonnisi
1084 309 1120 353 ea
1140 289 1282 370 credant,

67 389 120 430 mm
139 371 491 452 transducentemque
510 391 546 434 ee
564 372 644 436 tlitli·
684 391 761 452 quae
779 370 811 432 in
829 371 893 450 lege
912 374 1024 453 scripte
1050 383 1119 436 sunt
1142 381 1173 434 et
1198 373 1283 436 testi·

67 451 262 533 cerunt,.quee
279 475 297 517 e
315 455 375 517 Deo
398 455 576 518 Petriorebis
594 474 644 518 re·
685 456 1282 538 moniodirinoconlirtnnnturzduplicem

66 538 159 614 relati,
179 538 229 599 sed
250 538 381 620 eliense
396 541 566 620 conscripta
584 559 642 600 non
684 539 731 601 hio
748 539 842 602 isaias
853 539 1053 604 Revelatiouis
1069 540 1180 602 iontem
1203 542 1283 603 assi-

64 620 178 683 lierunt.
204 621 237 701 b)
256 621 313 685 Per
330 623 448 701 longius
469 631 587 704 tempus
606 643 643 684 u·
682 642 773 700 gnare
798 623 930 700 ridetur,
961 625 1031 706 quia
1060 641 1113 705 per
1134 625 1228 701 legem
1248 623 1279 687 S.

62 704 145 766 uicum
162 704 255 766 divini
279 706 471 769 Pentateuclti
493 708 645 788 exemplar
682 705 852 789 Scriptura,
872 717 902 770 et
919 727 972 788 per
997 709 1198 771 testimonium
1219 716 1282 770 tra-

62 789 152 864 ettitit,
164 788 275 852 inance
288 791 487 868 reconditum
504 809 643 871 quarere
681 791 755 853 ditio
773 792 926 872 aptissime
944 792 1130 871 intelligitur.
1151 789 1280 854 -Dum

61 889 175 951 quoque,
193 893 272 953 quae
290 874 320 935 in
330 873 383 936 illo
397 875 640 952 continebantur,
680 874 814 937 Christus
831 875 921 940 dicit:
943 877 1042 952 Οιιαω
1059 885 1086 939 et
1107 893 1157 939 uos
1178 884 1280 938 trum·

61 959 197 1033 persotam
211 957 427 1020 institutionem
443 958 554 1020 orclem
567 978 641 1024 con·-
679 961 842 1038 prcdimini
850 962 1209 1040 moadotumlleipropter
1218 968 1281 1022 tro·

60 1040 153 1101 serrari
173 1048 204 1103 et
222 1043 378 1122 propagari
402 1041 562 1106 debebant.
582 1042 642 1106 Nec
680 1044 820 1106 ditionem
836 1054 961 1108 vestram
973 1046 1037 1125 (bii
1047 1044 1221 1107 Pharisaeos
1232 1044 1279 1106 al·

59 1139 171 1202 unquam
191 1133 235 1186 tot
253 1126 418 1188 divinorum
447 1127 590 1188 librorum
606 1146 641 1189 e·
680 1127 824 1207 loquitur,
839 1129 1030 1209 ipsorumque
1038 1128 1164 1210 spurias,
1178 1147 1280 1190 corru-

60 1208 202 1286 tetnplerie
221 1210 401 1287 extiterunt,
418 1220 451 1272 ut
472 1229 577 1272 ornnes
595 1207 640 1273 ls·
680 1218 744 1291 ptus
757 1220 786 1272 et
796 1212 899 1290 salsas,
912 1233 971 1275 non
985 1223 1083 1274 autem
1095 1212 1208 1274 divinos
1221 1221 1280 1274 tra·

60 1291 163 1353 melitae
173 1293 225 1354 illa
238 1294 362 1372 legendo
380 1294 573 1376 sibimetipsis
583 1295 640 1357 do·
679 1295 807 1357 ditiones
824 1296 932 1358 reiicit.
947 1296 1119 1358 -llemum
1131 1297 1156 1356 si
1167 1296 1278 1358 alicubi

60 1373 165 1436 ctrinnm
184 1377 254 1438 fidei
283 1387 313 1439 et
335 1396 450 1439 morum
473 1379 639 1460 comparari
679 1378 725 1439 lex
743 1378 861 1444 Domini
873 1383 1004 1463 perfecto
1021 1381 1141 1455 dicitur,
1162 1379 1190 1441 id
1203 1379 1279 1442 rele-

59 1459 217 1537 potuissent;
238 1461 290 1522 sed
308 1459 339 1524 S.
363 1459 566 1543 Scripturaea
588 1482 639 1524 sa·
678 1463 803 1524 rendum
823 1465 922 1544 potius
945 1474 990 1527 est
1010 1465 1048 1528 ed
1071 1464 1228 1546 puritatem
1248 1471 1278 1526 et

59 1542 208 1605 cerdotibus
226 1545 355 1625 praelegi
373 1556 403 1609 et
415 1547 553 1627 explicari
568 1565 640 1608 oon·
679 1547 1279 1629 praestantiamdoctrinamqurtuedper·

59 1639 212 1690 sueverunt.
231 1629 261 1708 c)
280 1629 404 1691 lienium
420 1631 450 1691 in
463 1628 640 1711 S.-Seriptu·
678 1632 837 1693 sectionem
866 1632 959 1707 illius,
981 1632 1067 1714 quasi
1086 1651 1191 1696 omnes
1208 1631 1278 1694 lidei

58 1723 84 1766 ra
102 1712 134 1770 v.
161 1709 194 1772 Τ.
226 1713 300 1775 tales
324 1714 466 1794 loquendi
492 1714 640 1777 formulae
677 1715 819 1776 articulos
837 1716 924 1796 plene
935 1717 1194 1795 complecteretur.
1209 1713 1279 1778 Om-

59 1806 221 1871 occurrunt,
257 1815 333 1876 quae
361 1798 550 1862 traditionem
583 1817 638 1861 ceu
678 1798 880 1880 nieequidem
899 1819 989 1881 opere
1007 1800 1060 1864 Dei
1079 1799 1278 1881 persectadi·

58 1878 229 1958 praecipuum
250 1881 422 1943 notitiarum
432 1882 637 1960 religiosarum
677 1883 772 1945 centia
789 1892 871 1960 sunt,
892 1893 1040 1965 quotenus
1059 1885 1095 1945 etl
1119 1884 1194 1945 fines
1219 1883 1278 1946 sibi

59 1957 152 2022 lentem
172 1965 344 2028 ostendunt.
365 1965 474 2028 Crebro
498 1967 578 2028 enirn
602 1967 638 2028 de
677 1967 771 2038 olleo
791 1969 936 2048 praefixos
954 1967 1108 2050 aptissime
1138 1976 1276 2030 constru·

57 2043 129 2106 rebus
154 2048 190 2108 ad
210 2045 402 2126 Religionem
421 2049 639 2130 pertinentibus
676 2060 724 2113 cte
736 2059 816 2128 sunt,
830 2052 880 2114 sed
897 2052 963 2114 ideo
976 2071 1036 2114 uon
1049 2051 1198 2114 adomnia
1211 2051 1277 2114 sul·

57 2121 156 2202 legitur:
175 2133 398 2213 Norrobisfilio
413 2135 640 2214 tantmmopo
677 2135 806 2198 ficientia
827 2136 885 2198 dici
904 2143 1039 2217 possunt.
1060 2134 1093 2197 ln
1113 2134 1168 2196 hoc
1187 2155 1277 2199 sensu

57 2216 258 2292 permotionem
286 2218 469 2296 pristinem,
496 2219 639 2299 inoestipo
676 2219 766 2281 etiam
784 2217 815 2282 S.
836 2217 1016 2301 Scriptorum
1038 2219 1199 2301 perlectam
1228 2218 1276 2281 di-

57 2301 156 2368 ltttmm
166 2302 353 2376 memorium,
369 2312 637 2382 ncrrcmrcntpo-
676 2303 784 2381 cimus,
805 2303 874 2366 licet
892 2304 1095 2381 admittamus,
1109 2302 1201 2365 Deum
1218 2303 1276 2365 elio

57 2382 103 2439 lt'tt
116 2385 219 2459 metri,
236 2393 337 2464 potres
354 2387 449 2448 nostri
466 2386 646 2449 contemtos
676 2406 795 2468 quoque
811 2389 898 2450 modo
913 2409 967 2451 nos
982 2389 1019 2452 etl
1038 2389 1193 2450 veritatum
1207 2386 1274 2451 fidei

56 2473 143 2528 munt
157 2468 242 2530 eccm
255 2477 313 2530 etc.
675 2472 875 2552 cognitionem
892 2473 1056 2554 perducere
1072 2473 1159 2536 telle.

88 2548 166 2613 Noto.
185 2551 312 2632 Moyses,
325 2571 392 2613 curn
407 2551 478 2614 dicit
490 2553 550 2634 (l):
569 2555 638 2617 Nom

58 2629 151 2695 addetis
162 2638 202 2699 sd
217 2637 352 2712 ceriam,
368 2639 508 2719 patodepo
519 2639 635 2718 morior,
860 2639 1034 2686 Atrrcttttts
1046 2639 1090 2686 ¹¹¹·

58 2727 98 2774 occ
110 2718 247 2796 reseretis
263 2738 301 2783 eoo
318 2737 366 2794 eo;
382 2729 412 2782 et
427 2721 486 2803 (2):
505 2725 566 2787 Nee
580 2724 636 2786 aa.
719 2721 863 2771 ruriconis
877 2722 972 2772 motum
986 2724 1109 2772 exeuntis
1124 2723 1149 2767 tn
1164 2722 1191 2771 rt.
1206 2721 1233 2769 r.

58 2795 98 2857 dot
114 2803 271 2886 quidpiam,
290 2822 344 2867 stoc
361 2804 490 2883 mittans,
507 2826 566 2869 non
582 2825 647 2894 et3
752 2861 757 2870 .
910 2797 941 2870 S·
969 2805 1042 2856 ¹⁸¹·

58 2878 132 2944 cludit
150 2887 323 2950 traditiones
340 2888 467 2965 divinas,
486 2891 563 2952 sieut
577 2910 636 2952 non
723 2888 907 2969 Religionem
927 2890 1120 2952 christianam
1140 2887 1183 2950 illi
1209 2896 1276 2950 ten-

59 2963 137 3028 reiicit
154 2971 247 3032 libros
265 2971 392 3046 divinos,
412 2974 463 3053 qui
478 2981 544 3055 post
557 2973 637 3036 Petu·
678 2984 740 3037 tuna
759 2985 839 3038 recte
856 2976 975 3050 colunt,
992 2974 1043 3054 qui
1065 2975 1160 3034 solutu
1178 2981 1209 3033 et
1226 2971 1276 3035 itt·

58 3053 210 3142 ttteucbutn
236 3056 342 3116 canoni
367 3053 399 3118 S.
418 3055 636 3139 Scripturerutn
678 3069 788 3138 tegnam
807 3059 972 3122 doctrinam
990 3056 1098 3121 Christi
1116 3062 1228 3118 tenent.
1245 3051 1276 3117 Si

57 3130 148 3197 allecti
164 3139 261 3201 inere:
277 3138 389 3219 lloyset
403 3159 473 3218 crgo
490 3144 521 3204 in
540 3142 639 3204 citatis
677 3162 746 3222 ergo
768 3143 881 3221 omnia,
901 3161 978 3224 quae
1001 3139 1137 3203 Christus
1155 3137 1274 3216 docuit,

57 3215 638 3310 tttbissclummodointerdicitinterpr·
678 3228 709 3289 in
733 3226 765 3290 S.
790 3225 910 3289 Litteris
935 3225 1149 3300 continentur,
1173 3223 1215 3287 its
1243 3231 1277 3286 ut

57 3293 192 3382 latronem,
207 3307 251 3368 sel
264 3307 481 3370 mutilationem
493 3309 637 3374 librorum
678 3312 759 3374 nullo
773 3311 833 3374 alio
853 3310 936 3372 sonte
957 3308 1075 3371 diuinae
1098 3308 1193 3390 ipsius
1217 3307 1275 3372 do·

57 3397 161 3449 sucrum
184 3390 326 3453 diuinitus
353 3389 577 3473 inspiratorum.
597 3427 639 3444 κ-
677 3395 790 3458 ctrinoe
813 3413 887 3476 opus
904 3393 954 3468 sit,
977 3392 1116 3455 catholici
1137 3392 1279 3456 oberrant

56 3459 142 3547 Inepte
160 3475 250 3536 etism
275 3483 378 3536 contra
402 3475 517 3539 divinas
541 3476 576 3541 ll.
601 3477 635 3540 Τ.
679 3479 889 3542 traditionibus
900 3477 1101 3553 inhaerentes,
1115 3486 1145 3539 et
1158 3476 1202 3539 sic
1216 3477 1277 3541 hu-

57 3553 215 3620 tratlitiones
240 3559 349 3622 citetur
365 3560 448 3622 locus
472 3560 588 3638 lsaiao,
606 3562 638 3624 iu
679 3581 766 3624 mena
789 3562 897 3625 divinis
912 3561 1082 3624 miscentes.
1101 3559 1161 3624 Sed
1177 3560 1204 3624 si
1217 3580 1279 3625 uon

58 3648 103 3710 tto
120 3636 268 3705 braelitse
290 3652 461 3721 monentur,
483 3654 515 3706 ut
532 3663 564 3710 se
590 3655 638 3708 te·
679 3647 792 3722 omnia,
810 3664 887 3728 quae
905 3644 1038 3709 Christus
1056 3644 1182 3722 docuit,
1201 3663 1276 3708 con-

57 3730 132 3782 netnt
146 3727 184 3788 od
202 3727 292 3806 teporo
307 3727 421 3810 mocio,
437 3736 466 3792 rt
495 3730 537 3792 od
558 3731 639 3793 terti-
678 3731 787 3810 scripta
799 3739 869 3792 sunt
882 3730 913 3792 in
925 3728 1010 3792 libris
1024 3727 1143 3804 divinis,
1160 3735 1191 3794 et
1206 3727 1232 3790 si
1245 3725 1277 3789 lii

58 3805 189 3872 monton:
210 3813 287 3890 quod
305 3812 332 3874 ri
348 3830 409 3874 soa
434 3811 570 3877 dicarint
591 3815 638 3878 ic·
678 3815 735 3896 ipsi
745 3809 1274 3888 authenticedaclerationeindigent,

58 3892 101 3947 cto
113 3894 229 3956 omium
246 3895 310 3972 dcc,
327 3913 389 3958 eon
404 3896 463 3959 crit
480 3898 523 3960 eir
536 3906 638 3962 motat·
678 3917 754 3980 quoe
772 3897 811 3960 ab
823 3898 972 3980 Apostolis
985 3914 1163 3979 promanans
1180 3911 1276 3972 usquc

58 3963 177 4066 ‘beliac
193 3979 253 4059 (3).
272 3978 359 4042 Hisce
376 3980 456 4042 enim
476 3982 575 4044 serbis
591 3982 638 4044 ls·
678 3983 715 4044 ed
734 4000 788 4045 nos
807 3982 951 4064 pertenit,
971 3981 1172 4044 Protestantes
1186 3974 1276 4040 aber-

58 4053 154 4151 ratlttis
171 4063 375 4126 tantummodo
393 4064 580 4142 inculcetur,
605 4073 639 4128 ut
678 4076 756 4144 rant,
770 4065 1070 4129 traditionesdirines
1087 4067 1274 4143 respuentes,

59 4131 246 4209 abstineantur
268 4147 447 4227 pellionibus
469 4157 496 4212 et
520 4167 540 4212 c
564 4149 639 4212 dioi-
678 4160 766 4232 atque
784 4151 853 4214 ideo
871 4169 932 4218 non
951 4149 1094 4226 integram
1110 4143 1276 4234 doctrinam

59 4230 112 4296 Μ’,
129 4229 178 4303 cci
191 4231 314 4293 strident
330 4232 365 4294 ia
387 4233 639 4297 incontotionibm
677 4233 786 4299 Gltn'sti
802 4240 999 4298 assumentes.
1013 4228 1126 4316 Exinde
1139 4235 1274 4309 appetet,

83 4324 111 4384 ill
125 4331 188 4382 [leui.
200 4336 221 4393 l,
233 4337 256 4383 2.
271 4338 302 4396 (2ι
312 4338 370 4384 lbitl.
388 4341 422 4400 te,
432 4341 468 4386 ³2.
486 4341 516 4396 tbi
529 4342 555 4388 lt.
568 4343 591 4400 8,
600 4342 637 4390 20.
707 4343 738 4403 (t)
753 4343 779 4389 V.
795 4353 873 4403 praec.
1011 4335 1042 4398 (t)
1058 4334 1138 4385 litllb.
1151 4334 1218 4396 lm.
