2910 4732
584 271 679 316 aanor
700 273 722 316 ι.
1197 255 1237 318 13

65 343 379 426 Ιιςιιιιειιιιιιιιειιιε,
400 350 481 426 fidei,
502 369 637 412 morum-
882 367 1009 417 cnm
1031 368 1071 416 ii.

63 448 107 507 que
120 430 302 508 dogmatibus
315 443 396 496 recta
410 435 551 496 methodo
565 454 637 496 eru-
804 475 986 513 mom„
1000 479 1154 516 mmm,

62 513 140 574 aiendi
157 517 273 592 regulas
297 518 451 600 proponit.
480 519 514 600 b)
536 519 638 582 Lt'tur·
926 557 1026 627 μ..

60 597 357 674 ιιωιιιιιειιοειειε
376 603 532 678 ostendit,
558 623 637 684 qao·
775 677 811 690 ..
858 678 864 689 ι

59 681 129 741 nodo
140 679 384 748 SS.Sacttlicinm
399 685 564 761 celebrare,
579 686 636 749 Sa·
718 676 882 755 Religionis
899 697 918 739 e
934 677 996 742 lieo
1014 681 1160 742 revelatae
1177 683 1275 760 cogni·

59 777 186 828 eramenta
202 769 433 847 administrare,
458 781 489 832 et
505 772 636 852 reliquas
678 763 719 823 lio
746 762 870 824 cuilibet
898 763 1014 824 homini
1033 767 1201 826 necessaria
1218 775 1275 844 εει,

59 847 200 912 iunctiones
218 871 321 916 sacras
344 873 484 935 peragere
514 856 633 918 debeat,
677 857 710 907 ut
727 847 808 908 iuxta
820 847 901 908 illius
914 847 1073 928 principia,
1087 859 1118 909 et
1135 849 1276 912 dictami·

59 931 82 1009 ι)
96 933 295 1014 Emplastra
322 939 394 1001 boni
422 940 549 1020 exempli
569 941 636 1004 offi-
654 930 659 1026 Ι
677 949 715 992 llil
733 931 822 992 vitatu
842 933 1018 1007 insillllel'e,
1037 942 1067 993 ei
1082 932 1126 994 Sic
1147 934 1275 996 salutem

59 1017 131 1091 cinea,
150 1022 227 1098 quod
246 1021 389 1083 omnibus
414 1025 497 1102 regni
517 1025 637 1085 moralis
676 1034 760 1076 suam
775 1015 973 1096 spiritualem,
986 1025 1184 1078 coaeternam
1199 1035 1275 1078 con·

58 1100 265 1184 callosasque
281 1108 393 1186 pastori
412 1109 538 1169 inaximo
564 1127 636 1189 pro.
676 1100 760 1180 sequi
779 1101 884 1180 possit.
914 1098 993 1162 Haec
1019 1110 1119 1162 autern
1147 1101 1275 1178 cognitio

59 1185 135 1261 pmcn
152 1196 206 1262 est,
229 1190 296 1251 suis
314 1211 349 1251 εχ
367 1192 535 1253 sationibus
550 1211 635 1252 001„-
676 1186 785 1259 maior,
808 1194 838 1245 ει
856 1185 1018 1265 perfectior
1044 1185 1075 1246 ia
1094 1185 1153 1247 illis
1171 1185 1274 1266 requi·

59 1270 167 1344 nendat,
186 1273 372 1354 modumque
390 1277 455 1336 eius
473 1276 635 1358 praebendi
676 1267 909 1347 1ὶῑ111,(ιῑ1011111
936 1279 1114 1346 1111111111,θί
1144 1270 1274 1332 officium

57 1353 180 1430 amante,
196 1375 231 1416 ae
243 1359 371 1438 positivo
387 1361 566 1421 determinat
574 1362 633 1441 (l),
676 1362 732 1427 est,
755 1353 823 1413 aliis
840 1371 960 1434 qttutpue
981 1351 1145 1430 Religionis
1163 1356 1274 1415 revela·

88 1435 114 1497 C.
130 1440 323 1504 Moatentum.
355 1444 386 1522 a)
405 1443 480 1504 Turn
499 1445 634 1521 iuriam,
676 1447 723 1498 tec
741 1437 840 1516 capita
862 1437 991 1514 tradere,
1010 1437 1153 1517 illamque
1171 1449 1274 1499 contra

56 1527 105 1580 tam
116 1522 204 1600 legum
218 1527 489 1588 ecclesiasticarum
499 1539 637 1590 reciaco·
675 1521 859 1583 adversarios
874 1522 1036 1584 vindicare.
1053 1519 1090 1582 Ul
1100 1521 1273 1598 gravissimo

55 1605 131 1680 gnitio
145 1626 280 1670 summae
299 1611 434 1692 prolecto
460 1631 512 1692 pro
543 1613 635 1673 saeris
676 1605 745 1667 hnic
763 1607 860 1668 allicio
875 1605 1047 1667 satisfacere
1063 1613 1187 1686 queant,
1207 1625 1273 1668 oni·

56 1690 210 1770 praecipuae
228 1694 376 1756 ministris
394 1705 425 1756 et
445 1696 593 1772 utilitatis,
606 1707 635 1758 et
675 1690 747 1750 nino
762 1708 838 1770 opus
850 1699 905 1766 est,
920 1696 954 1751 ut
968 1689 1098 1752 naseam
1111 1688 1274 1768 Religionis

56 1776 218 1837 necessitatis
242 1788 300 1839 est.
319 1777 364 1840 tid
382 1779 514 1858 legitima
529 1780 634 1843 Eccle·
674 1774 831 1850 revelatae,
850 1783 881 1834 cl
898 1792 1014 1850 eoram,
1033 1792 1111 1854 quae
1128 1775 1165 1836 ad
1178 1777 1273 1856 ipsam

55 1857 104 1916 siae
121 1857 182 1920 iura
198 1861 386 1924 defendenda
403 1865 584 1939 doctissimi,
605 1873 635 1926 et
674 1858 797 1938 propius
823 1867 976 1939 spectant,
992 1857 1192 1936 cognitionem
1211 1861 1273 1922 cla·

56 1941 161 2017 piissimi
179 1946 234 2006 viri
256 1946 425 2008 dirissimas
449 1949 634 2029 persecutio·
674 1961 751 2018 rum,
771 1943 954 2022 completam,
972 1943 1109 2017 solidam,
1133 1953 1163 2004 et
1177 1944 1272 2024 effica-

56 2042 97 2084 nes
114 2027 276 2106 sustinere,
305 2031 366 2092 imo
392 2032 486 2113 ipsam
506 2044 632 2095 mortem
674 2045 745 2090 ceta.
768 2029 797 2088 i:
819 2025 943 2108 Oportet
960 2028 1053 2102 enim,
1071 2037 1104 2087 at
1121 2027 1178 2107 ipsi
1195 2029 1274 2090 clare

56 2125 154 2189 quoqne
189 2116 318 2176 tolerare
346 2133 407 2176 nan
445 2117 632 2178 dubitarunt.
674 2113 826 2174 doetrinae
843 2111 941 2191 capita
958 2112 1172 2192 quoadomnes
1190 2121 1273 2174 notas

57 2189 151 2260 Quanta
167 2197 349 2260 inordinatio
365 2200 397 2260 in
411 2199 559 2279 Theologo
578 2203 632 2262 ad·
674 2197 848 2258 essentiales
867 2197 1049 2276 percipiant,
1073 2197 1195 2276 quaesi
1217 2196 1273 2278 ipsi

56 2287 128 2354 esset,
144 2280 169 2340 si
190 2281 326 2359 legitima
353 2284 503 2345 Ecclesiae
521 2287 586 2346 iura
606 2287 633 2346 i·
676 2299 734 2341 uon
747 2280 1015 2358 recteinlelligunl,
1029 2281 1178 2361 quomoda
1190 2299 1227 2342 ee
1239 2301 1273 2343 a·

56 2368 242 2441 nantoacensi
254 2376 425 2450 temporum
442 2370 635 2448 praeiudiciis
675 2364 1274 2427 liisdebiiomodocontmutticobunt‘l-
1365 2400 1378 2420 s

55 2443 176 2526 abreptus
203 2449 236 2510 in
254 2452 315 2513 illis
333 2452 531 2514 diiudicandis
548 2471 634 2514 erra·
674 2447 823 2511 Obscuros
835 2449 995 2527 cognitioni
1008 2449 1159 2529 proximus
1172 2457 1273 2512 esler-

56 2529 102 2589 reti
113 2565 150 2576 -
165 2531 259 2612 Leges
274 2554 393 2616 quoque
406 2537 633 2614 ecclesiasticas,
675 2553 737 2609 ror,
757 2534 817 2596 imo
830 2534 909 2594 circa
921 2533 1015 2615 ipsam
1030 2533 1195 2596 doctrinam
1213 2534 1273 2596 iam

55 2628 103 2672 nan
118 2617 178 2677 sine
194 2618 372 2681 'assistentia
388 2618 515 2700 Spiritus
539 2618 570 2682 S.
587 2621 634 2701 (ι)
676 2618 819 2680 aberrans
836 2618 895 2680 dici
921 2627 1037 2697 polest,
1056 2618 1108 2698 qui
1137 2635 1204 2680 cum
1224 2621 1272 2682 illa

55 2691 78 2752 io
94 2697 196 2761 bonum
215 2702 386 2780 Ecclesiae,
406 2713 436 2765 et
452 2706 577 2767 salntem
597 2709 634 2767 st-
676 2703 969 2779 notasseinngendas
981 2701 1134 2779 coniungit
1147 2703 1192 2764 vel
1205 2723 1272 2765 can·

56 2776 148 2843 delium
168 2787 244 2847 latas
263 2787 430 2850 ministram
450 2807 566 2850 sacrum
586 2809 636 2852 ec·
674 2785 841 2864 iungendas
857 2785 996 2862 seiungit.
1015 2785 1046 2846 2:
1065 2785 1167 2865 Neque
1189 2789 1273 2849 suffi-

56 2875 139 2926 curate
156 2889 245 2931 nosse
261 2882 388 2951 oportet,
402 2872 454 2952 qui
467 2893 526 2936 uon
538 2876 634 2936 solum
675 2869 727 2946 cit,
742 2873 891 2932 utrumvel
909 2871 1035 2931 alterum
1054 2870 1206 2932 doctrinae
1221 2889 1272 2931 ca·

56 2945 109 3008 illas
125 2952 184 3030 ipse
203 2955 380 3035 adimplere,
400 2959 451 3018 sed
475 2968 504 3020 el
522 2977 635 3020 earuna
676 2963 729 3033 pul
746 2973 846 3031 nosse,
867 2954 917 3015 sed
938 2971 1059 3016 necesse
1077 2961 1132 3028 ³⁵¹2
1156 2960 1189 3014 ut
1207 2971 1273 3015 ⁰¹¹¹·

55 3028 108 3090 dem
124 3035 338 3099 observantiam
357 3041 388 3101 in
402 3042 561 3104 commisso
577 3043 634 3105 silui
677 3038 738 3112 nia,
762 3041 867 3100 saltem
878 3038 1038 3119 praecipua
1051 3035 1214 3114 Religionis
1228 3057 1274 3101 re·

53 3129 239 3198 gregeurgere
254 3123 355 3185 debet.
374 3159 417 3170 -
434 3126 467 3206 b)
483 3126 525 3188 De
537 3137 636 3208 pasto·
675 3123 787 3184 velatae
805 3123 903 3204 capita
920 3130 1156 3200 cognoscantur3
1177 3141 1273 3204 neque

57 3199 112 3260 ralis
120 3204 283 3284 theologiae
296 3211 557 3290 praestantiaqais
575 3212 635 3274 du·
676 3207 756 3266 cnint
772 3208 858 3268 aliter
875 3209 946 3279 vila,
968 3223 1126 3286 ntoresque
1140 3207 1221 3268 iuxta
1234 3208 1273 3269 il-

58 3277 160 3364 liniis,
184 3309 252 3351 cutn
271 3293 335 3372 ipse
352 3291 481 3372 Spiritus
498 3293 528 3356 S.
549 3296 580 3356 in
599 3315 634 3356 e·
677 3291 902 3352 liusdictamina
912 3290 1027 3351 institui
1038 3300 1169 3371 possent.
1181 3293 1274 3366 (luae

58 3365 152 3440 pistalis
167 3375 295 3452 paulinis
314 3376 349 3437 ad
368 3377 577 3454 Timotheum,
605 3389 634 3440 et
675 3391 791 3454 memque
802 3377 910 3454 scripta
926 3382 997 3436 suet
1013 3375 1052 3436 ad
1068 3384 1200 3438 nostram
1219 3377 1273 3438 da-

54 3445 136 3513 litum
151 3475 266 3521 summa
285 3460 367 3522 ,illias
388 3463 486 3544 capita
504 3465 634 3526 revelare
674 3461 802 3521 cirinum
815 3460 924 3538 scripta
941 3467 1023 3534 eunt,
1042 3467 1074 3522 al
1090 3461 1272 3539 perpolien-

54 3531 174 3610 dignatus
190 3541 243 3603 sit?
253 3543 344 3604 -Ab
362 3547 466 3607 officiis
479 3557 632 3628 pastorum
675 3544 757 3620 liam,
772 3552 799 3605 el
813 3543 1038 3606 cousulalimtom
1049 3543 1273 3623 scripturorum

53 3617 101 3678 rite
124 3624 289 3707 adimpletis
308 3630 351 3689 vel
377 3630 504 3692 maxime
531 3633 633 3712 populi
673 3623 1120 3708 spemiaoeomosli).01nnes
1139 3627 1273 3708 discipli-

54 3700 134 3766 tidelis
146 3711 236 3785 salus,
250 3713 399 3794 totiusque
411 3714 561 3778 Ecclesiae
577 3717 634 3777 bo·
674 3730 731 3772 11116
741 3711 921 3789 ih⁰⁰l⁰iliffl⁰
933 3709 1031 3787 madii
1040 3712 1182 3773 ffl⁰ffi⁰¹¹¹i
1191 3723 1271 3787 sant,

58 3803 113 3847 num
126 3793 280 3874 dependet,
294 3806 325 3856 ut
338 3800 519 3878 experientia
535 3801 631 3861 docet.
675 3796 818 3857 elintime
835 3797 914 3856 inter
930 3814 962 3856 se
981 3793 1154 3872 cohaerent,
1171 3796 1224 3870 ila,
1241 3808 1272 3856 ut

57 3863 80 3928 ii
95 3887 184 3937 autem
204 3881 285 3940 nulla
304 3898 368 3958 ars,
388 3881 446 3943 nisi
470 3894 557 3944 antea
577 3887 633 3944 rite
674 3880 725 3958 qai
745 3899 834 3941 unam
850 3879 972 3958 negligit
993 3880 1040 3939 vix
1059 3879 1090 3940 in
1105 3881 1197 3940 altera
1219 3897 1271 3938 ex·

57 3951 188 4038 discatur,
207 3964 338 4025 exerceri
363 3966 491 4046 perlecte
518 3969 631 4046 possit,
674 3964 782 4024 cellere
806 3964 909 4044 possit:
929 3964 1068 4058 compieta
1093 3981 1162 4040 ergo
1190 3961 1272 4022 Reli·

59 4041 134 4102 nulto
148 4047 238 4123 magis
251 4047 287 4109 de
304 4068 427 4111 munere
447 4051 588 4130 pastorali
603 4052 633 4112 id
673 4047 771 4123 glanis
799 4049 965 4123 revelatae,
993 4057 1022 4108 et
1049 4064 1176 4122 eornm,
1196 4065 1273 4124 quae

57 4121 194 4189 dicendam
214 4132 324 4206 erit;a
351 4153 400 4194 ars
417 4136 497 4194 enirn
520 4145 564 4196 est
582 4153 632 4194 ur·
674 4132 796 4211 propias
818 4132 853 4191 ed
877 4133 958 4192 illam
977 4139 1124 4211 speciant,
1143 4129 1273 4207 cognitio

60 4203 116 4266 liuta
127 4215 254 4290 regimen
269 4216 447 4295 animarum,
464 4239 479 4278 ι
494 4227 527 4280 nt
546 4219 587 4281 ait
599 4219 630 4282 S.
674 4214 739 4276 iure
751 4216 782 4275 in
800 4215 949 4292 Theologo
971 4212 1143 4292 requiritur.
1161 4215 1192 4274 3:
1209 4211 1271 4273 lla-

59 4285 193 4369 Gregorius
210 4297 247 4359 Μ·
268 4301 327 4382 (3)·
455 4300 457 4304 i
617 4401 619 4408 Α
703 4347 902 4405 practicae.
963 4341 1134 4402 telles-aest
1153 4339 1274 4406 Prie-,u

81 4401 105 4456 iil
116 4403 239 4467 uotnayer
253 4407 278 4453 Τ.
290 4411 304 4454 i.
321 4405 342 4470 ξ.
359 4411 393 4456 ts.
703 4411 736 4467 li)
752 4407 816 4484 ΠΜ·
831 4406 873 4463 XV»
888 4405 911 4452 ⁴·
1115 4438 1126 4488 p
