2928 4734
163 125 224 190 rua
565 133 749 184 runouocun
769 133 931 180 ιιιιιειιιιιι

327 243 453 298 mm·
476 245 517 294 11,
762 211 954 278 laudamento
971 221 1130 278 concutere
1151 233 1184 278 se
1199 231 1286 296 posse
1307 235 1375 278 au·

201 353 293 391 „m
309 349 476 390 „mmm
494 349 638 390 ,mmm
762 306 888 361 tument.
903 299 1044 380 Rousquc
1062 300 1201 362 nonnulli.
1217 314 1375 380 peruene-

286 421 310 456 u.
326 379 449 457 mm}
464 419 563 460 „m
762 390 843 459 runt,
853 382 1059 449 ulindultium
1072 383 1226 460 traxerint,
1238 379 1376 466 anilop·

369 503 462 575 μδ
762 483 810 528 ses
823 483 954 548 unquam
973 467 1114 544 extiterit,
1131 485 1198 529 cum
1217 475 1318 529 tannen
1339 467 1371 530 id
1450 467 1451 496 l

360 619 366 631 ·
464 539 473 556 ⁹
541 613 590 628 ..
762 549 1372 614 enuniversalietconstautiludaeorum

163 617 281 682 F⁰⁰i¹¹¹⁵
292 627 409 698 &²¹³0
421 635 488 679 ΜΠ]
505 633 609 697 ΡΜ113
620 631 724 695 illim·
763 635 968 715 persuasione,
984 644 1015 696 et
1031 654 1067 698 cr
1084 635 1263 698 testimoniis
1281 643 1372 698 erte-

123 697 723 784 tibusiniluuo,postdiiuuiumcumNoa-
762 735 863 780 mum
888 718 1164 800 antiquissimorum
1186 720 1372 802 scriptorum

122 793 178 856 cho
191 793 398 864 instauratum,
410 803 479 874 cum
495 783 663 862 altrolramo
677 801 725 844 so·
762 803 928 866 certissime
947 804 1129 886 consng(q)‚

122 876 212 946 lemni
225 875 283 935 ritu
294 869 527 936 etiureiuraodo
539 867 637 928 denuo
650 885 723 928 sao·
1038 920 1041 934 Ι

122 963 227 1034 citum,
243 967 333 1039 etque
348 956 467 1018 demum
483 951 582 1014 isaaco
598 959 629 1012 et
642 949 723 1012 laco·
762 995 765 1000 .
935 939 1169 1003 ,Mlcvwst

122 1046 160 1107 bo
174 1044 381 1106 conlrrroatum
401 1039 480 1100 inter
500 1045 634 1117 posteros
659 1037 723 1096 solu
783 1031 936 1080 cuneum
950 1033 1040 1080 moror
1053 1033 1178 1090 nutemus
1192 1045 1238 1092 per
1249 1033 1351 1094 tessun

122 1132 183 1192 lere
202 1126 361 1188 traditione
381 1121 455 1183 orali
479 1118 721 1195 conservabatur,
1004 1103 1130 1148 “idm-v

122 1231 199 1296 quae
216 1211 357 1294 paulatim
374 1205 538 1268 oblitterari
550 1213 579 1265 et
590 1221 724 1266 corrum-
1013 1187 1116 1258 §⁸²
1228 1281 1231 1286 Ι

122 1301 155 1380 pi
171 1297 280 1377 coepit„
294 1292 416 1354 -ldeo
436 1290 525 1365 Deus,
545 1295 580 1350 ut
596 1287 723 1352 Revela·
802 1289 848 1352 rid
864 1307 987 1352 eramen
1004 1287 1205 1352 Rerelntionis
1217 1291 1373 1356 mosaicae

122 1384 164 1445 tio
178 1383 300 1461 antiqua
312 1382 537 1440 conservaretur
550 1373 724 1436 etuoualu-
763 1373 916 1435 iunctione
938 1375 1164 1452 immolatitiae,
1180 1376 1372 1457 philosopli-

123 1487 156 1530 ce
179 1472 354 1542 augeretur,
374 1467 491 1538 gentem
518 1456 722 1520 Hebraeorum
762 1474 799 1521 co
814 1476 890 1538 opus
904 1466 959 1520 est.

123 1569 156 1613 cx
171 1550 302 1628 Aegypto
314 1547 347 1608 iu
358 1543 554 1606 Palaestinam
567 1541 720 1616 reducere,
803 1541 839 1604 Α.
860 1541 931 1603 ideo
954 1542 1132 1623 praeprimis
1156 1541 1371 1623 Religionem,

121 1635 240 1716 ipsique
253 1634 345 1708 legem
358 1629 499 1707 scriptam
512 1645 547 1688 ac
561 1624 720 1705 specialem
761 1635 791 1687 et
814 1625 977 1690 Ecclesiam
1007 1627 1166 1688 mosaicam
1193 1631 1370 1690 summatim

123 1717 362 1780 constitutionem
378 1712 494 1774 tradere
508 1708 648 1785 decrerim
669 1727 723 1788 pro
762 1710 961 1783 considerare,
969 1729 1022 1772 seu
1038 1712 1211 1790 mmdolum,
1226 1714 1370 1790 codicem,

123 1821 181 1884 quo
197 1797 426 1880 operemaximo
445 1793 624 1876 perlioicndo
640 1794 723 1872 Mop-
763 1801 791 1854 et
808 1795 1023 1869 dierorclticou,
1042 1811 1096 1875 per
1113 1793 1229 1876 ltloysen
1256 1798 1372 1879 populo

122 1904 166 1950 see
181 1886 292 1947 electus
310 1889 366 1957 est,
382 1880 434 1962 qui
454 1879 607 1950 liberator,
620 1877 725 1938 doctor
764 1879 922 1940 israelitico
942 1880 1082 1940 traditum
1109 1897 1257 1960 exponere
1274 1900 1372 1964 opor·
1421 1935 1424 1940 .
1453 1905 1454 1932 1

123 1980 214 2052 alque
224 1968 372 2045 legislator
386 1964 585 2026 lsradlitarum
598 1961 662 2023 iure
673 1980 723 2022 uo·
763 1971 820 2024 tet.
1008 2023 1010 2028 .

123 2063 220 2116 eatur.
238 2087 280 2098 -
300 2051 400 2132 ipsum
420 2045 722 2110 autemaDeovere
805 2048 835 2108 l.
868 2046 1038 2126 Symbolum
1071 2047 1235 2110 mosaicum
1265 2047 1371 2112 omnia
1453 2107 1454 2114 ,

123 2145 257 2200 vocatum
269 2136 482 2196 etiostructum
499 2131 600 2205 luisse,
614 2127 644 2192 el
657 2129 722 2192 ideo
763 2131 915 2192 doctrinae
936 2130 1033 2211 capito
1051 2132 1269 2211 complectitur,
1290 2151 1373 2214 quae

123 2221 320 2300 Religionem,
341 2218 378 2278 alu
396 2217 461 2296 ipso
481 2216 590 2296 populo
606 2213 723 2276 israeli·
763 2215 800 2276 ali
828 2215 915 2276 initio
936 2213 1117 2276 Patrinrclris
1146 2217 1275 2279 revelata
1300 2218 1372 2279 Rre-

124 2306 183 2370 lico
192 2303 341 2378 traditam,
352 2302 493 2367 diuinitus
504 2299 663 2364 revelatam
679 2317 724 2360 es·
764 2308 845 2376 ruunt,
857 2297 951 2380 eaque
969 2299 1001 2359 in
1018 2299 1136 2360 clariori
1151 2301 1216 2362 luce
1229 2301 1369 2383 collocat.
1454 2377 1455 2380 Ἴ

124 2409 167 2464 se,
187 2389 281 2450 solida
295 2386 422 2468 probant
436 2392 620 2462 argumenta.
642 2383 673 2445 ld
688 2401 723 2444 e·
764 2382 880 2465 Ubique
906 2382 1094 2463 praedicatur
1112 2383 1189 2445 Deus
1207 2404 1297 2461 unns,
1316 2387 1373 2466 qui
1454 2411 1455 2462 f

124 2474 185 2535 nim
206 2481 268 2534 tum
288 2489 326 2534 eu
343 2470 560 2534 cloroctcridoe
579 2468 721 2544 internis,
765 2467 858 2529 totino
872 2467 1002 2530 uniuersi
1017 2465 1204 2543 Creator-est,
1219 2472 1373 2530 omniom-

124 2567 188 2620 turo
212 2553 634 2620 coctorouertoaeememts
652 2553 673 2613 i.
693 2570 721 2612 e.
764 2570 823 2632 qne
850 2549 958 2613 rorum'
976 2550 1124 2612 Dominus
1156 2561 1186 2613 et
1211 2571 1374 2633 supremus

124 2641 277 2704 miraculis
294 2648 323 2703 et
340 2638 509 2712 ueticluiir,
524 2645 585 2698 tum
601 2652 639 2698 eo
658 2651 724 2715 ape-
765 2636 886 2697 arbiter:
903 2635 1112 2712 Audilsrodl,
1134 2637 1213 2700 Deus
1229 2645 1299 2699 tuus
1311 2639 1373 2700 llo·

125 2725 260 2789 cioliilci
271 2724 458 2805 providentio
475 2723 505 2783 io
526 2718 724 2799 hoclleligio-
764 2720 866 2782 miluus
883 2737 965 2782 ocus
984 2728 1026 2782 eat
1048 2719 1108 2800 (2).
1131 2720 1293 2802 -Natura
1316 2721 1373 2784 llei

126 2828 163 2871 ne
181 2809 495 2887 conservandamque
516 2805 551 2866 ad
576 2803 725 2866 Gloriaturu
766 2805 806 2866 ita
820 2803 1006 2884 exprimitur,
1026 2811 1059 2864 ut
1074 2803 1148 2865 nihil
1165 2805 1288 2883 cogitari
1304 2825 1376 2888 pos·

125 2895 234 2956 elucet.
765 2887 804 2948 sit
821 2887 990 2950 sublimius.
1005 2889 1070 2968 Epo
1084 2889 1215 2968 numqui
1231 2907 1308 2970 sum,
1326 2889 1372 2952 ait

166 2979 254 3042 Noto.
275 2975 423 3041 Tractatio
443 2973 479 3036 de
497 2972 640 3051 religione
659 2989 725 3032 mo·
767 2971 845 3034 liene
873 2972 933 3052 (3).
964 3003 1007 3018 -
1027 2971 1104 3042 lleus
1128 2972 1240 3053 passim
1260 2973 1376 3036 dicitnr

126 3062 206 3124 saica
228 3061 327 3138 magni
343 3069 389 3122 est
407 3057 562 3120 momenti:
582 3057 654 3135 a)in
671 3055 726 3116 lroc
767 3064 916 3130 aeternus,
933 3055 1169 3136 omnipraeseos,
1190 3075 1330 3140 mugnus,
1345 3067 1386 3121 ct*

127 3137 206 3206 enim
226 3145 378 3222 Religione
397 3143 550 3205 doctrinae
569 3147 726 3222 praestan·
764 3149 878 3220 metue,
899 3147 928 3202 et
950 3140 1112 3216 territtlts,
1140 3141 1192 3221 qui
1216 3159 1377 3220 personum

127 3229 260 3290 tissimae
272 3234 443 3303 occurrunt,
457 3235 486 3288 et
497 3226 575 3288 lacta
587 3222 728 3286 omniad·
766 3241 827 3286 uoo
844 3223 960 3304 occipit,
979 3241 1171 3290 oecononum
1185 3226 1245 3305 (l);
1260 3226 1312 3288 sed
1325 3235 1384 3290 et-⁴

128 3312 285 3374 miratione
296 3313 383 3389 digna
397 3311 566 3384 exibeutur,
580 3308 611 3388 b)
626 3308 729 3370 admo·
768 3308 825 3369 inm
844 3307 1025 3384 misericors,
1048 3316 1077 3372 et
1089 3309 1224 3384 clemens,
1244 3317 1276 3373 cl
1288 3312 1375 3374 mul·

128 3397 199 3457 dum
218 3396 349 3458 benefica
375 3395 430 3456 luit
448 3393 520 3455 hirec
544 3392 659 3470 Religio
674 3410 729 3472 pro
768 3401 814 3455 loe
830 3392 1040 3469 miserationis,
1059 3401 1087 3456 ct
1106 3411 1199 3457 coron
1215 3393 1276 3474 (ὃ).
1296 3393 1376 3457 Pro·

130 3481 251 3542 natione
267 3481 315 3540 cui
329 3479 477 3541 destinata
494 3477 562 3549 luit,
580 3495 658 3558 quae
676 3493 730 3555 per
769 3476 929 3538 uidentiam
947 3475 1012 3552 uei,
1038 3485 1070 3538 et
1094 3477 1223 3540 hominis
1241 3477 1376 3556 dignita-

132 3565 211 3626 illam
230 3563 359 3624 diuinam
382 3561 623 3624 constitutionem
642 3570 737 3622 aoce-¹
770 3558 1005 3640 temdiopsesex
1019 3561 1140 3641 speciali
1160 3562 1263 3642 populi
1282 3563 1378 3624 israe-

132 3646 186 3728 pit;
202 3648 231 3728 c)
245 3647 403 3712 admodum
415 3645 549 3708 benefica
567 3646 623 3707 luit
639 3645 728 3706 etiam
769 3644 843 3706 litiei
860 3645 1007 3706 electione
1024 3645 1163 3718 ostendit,
1186 3645 1301 3707 dicens:
1323 3649 1375 3712 En

132 3751 185 3814 pro
205 3732 387 3813 posteritate,
408 3731 478 3811 quia
496 3749 529 3792 ex
548 3730 601 3791 ille
616 3728 730 3807 Religio
770 3729 891 3790 domiai
908 3729 963 3790 Det
980 3729 1026 3791 tui
1050 3730 1160 3792 coelum
1184 3737 1242 3806 eet,
1262 3738 1291 3793 et
1307 3747 1376 3794 coe-

133 3816 293 3879 christiano
308 3815 430 3897 prodiit;
450 3815 482 3895 d)
496 3815 563 3877 ideo
579 3813 730 3874 contraii-
770 3812 932 3892 iumcoeii,
955 3820 1050 3889 terro,
1071 3820 1099 3876 et
1114 3816 1227 3890 onmia,
1248 3817 1375 3892 punctu

133 3903 191 3962 lam
214 3900 359 3963 increduli
383 3907 552 3962 nostrornm
565 3905 730 3977 temporum
771 3914 806 3959 eo
818 3906 902 3971 ouul,·
914 3905 941 3958 ct
957 3905 1055 3966 tomen
1073 3897 1213 3960 Putridae
1230 3900 1290 3960 teia
1302 3915 1376 3962 cou-

135 3987 177 4047 uel
196 3985 323 4047 inanime
340 3983 434 4046 aciem
450 3989 579 4054 uertunt,
597 3998 664 4040 cum
682 3979 732 4040 tali
772 3981 937 4062 plutiootuo
962 3987 1003 4044 cot
1021 3982 1184 4058 nominoe,
1212 3990 1239 4044 el
1265 3987 1375 4048 uruuuit

134 4069 224 4130 ruodo
243 4069 336 4151 ipsios
366 4065 528 4146 Religionis
556 4061 734 4126 christianae
883 4134 887 4140 Ι

804 4144 835 4206 tlt
850 4143 951 4192 neure
961 4145 994 4192 cr.
1003 4142 1043 4196 ιι.
1055 4141 1147 4198 aon-u
1156 4141 1376 4205 nonuunquam.

137 4205 396 4323 rrd'dfd'tdedffl'T'
410 4206 427 4252 t
441 4205 467 4268 ll,
482 4203 502 4266 a.
518 4203 569 4266 ild,
581 4203 704 4266 Dultmapr,
719 4206 736 4253 t
804 4206 839 4325 (ἓξ
852 4203 893 4312 dd
907 4203 946 4326 ξι.
960 4263 982 4312 ⁰.
1049 4204 1080 4264 tlt
1095 4203 1162 4250 lleut
1178 4201 1215 4262 lt,
1227 4201 1264 4250 ll.
