2910 4732
222 207 262 270 dl
601 211 801 276 ¹rnrtoeodtae
823 217 989 272 omnem

178 303 354 386 parentibus
371 303 478 369 laeum
494 301 724 372 ›Revelationem
743 320 778 364 o·
820 299 871 382 qui
885 298 1149 368 Revelatloootnin
1160 297 1430 382 nrpernmwolcm

178 389 341 453 startdunt:
364 407 399 448 ox
419 387 474 450 hou
490 405 559 465 ergo
579 386 671 464 lacto,
694 385 780 450 cuius
820 385 1327 466 et.rotioteolcmdinidunt,rillaqne
1344 383 1430 448 reie-

178 473 284 546 notitia
299 507 339 520 -
354 471 424 534 licet
438 471 521 540 valde
537 470 606 540 hinc
623 469 777 538 indecor-
819 482 876 547 ota,
894 470 970 537 hanc
995 471 1089 533 oolam
1117 469 1332 534 admittendam
1354 487 1429 532 esse

178 567 265 638 rupta
286 591 325 604 -··
343 574 396 637 por
417 555 528 619 orelam
552 555 658 622 saltem
683 555 796 620 tradi-¹
819 564 952 618 censent.
966 553 1023 617 Per
1035 553 1256 616 Revelationero
1267 571 1429 633 superna-

178 642 288 704 tionem
314 641 349 704 ed
377 640 501 720 populos
526 646 684 719 propagata
707 639 775 714 luit,
819 640 944 703 turaleru
964 657 1029 702 earu
1048 638 1235 717 intelligunt,
1258 657 1321 718 qua.
1340 637 1429 700 Deus

178 727 245 788 idea
260 725 434 788 universalis
447 722 647 786 Revelationis
660 721 777 785 diuinae
818 741 873 785 ceu
891 739 981 784 cauca
998 722 1233 803 supernaturalis
1246 740 1346 784 rarum
1363 741 1429 784 na-

177 809 337 893 repetenda
366 808 496 887 eccll).
527 805 637 878 Quodsi
664 805 694 868 id
716 825 776 870 non
803 815 921 885 'tucae,
940 809 1116 886 legumque,
1132 825 1347 888 nonnunquam
1376 807 1428 870 his

177 895 361 970 admittatur,
383 892 505 952 omnino
530 890 688 954 dicendum
708 892 775 967 erit,
818 891 945 954 saltatis
961 893 992 956 in
1004 899 1114 953 ¹nattun
1127 899 1282 971 operatur,
1299 900 1329 952 et
1346 893 1428 972 qui-

176 979 356 1060 praedictem
376 975 473 1038 ideam
492 976 521 1036 iu
537 976 602 1056 ipsa
615 975 730 1040 radente
746 997 778 1038 o·
817 975 883 1038 dent
900 996 938 1038 ao
955 975 1093 1050 consilio,
1110 985 1143 1036 ot
1158 986 1268 1038 certam
1282 975 1426 1052 lieligio·

176 1063 300 1142 riginem
321 1061 449 1136 haltere,
470 1077 547 1140 qttae
571 1061 697 1124 naturali
721 1079 776 1122 suo
818 1061 864 1122 nis
878 1061 1126 1122 doctrinamcom
1141 1060 1229 1122 certis
1244 1059 1426 1122 hominibus

175 1147 289 1210 lumine
307 1145 570 1214 extraordinariam
586 1144 713 1207 diuinam
731 1145 776 1208 in·
817 1147 1062 1208 communicaret.
1076 1143 1300 1208 persuasionem
1311 1144 1350 1206 de
1367 1146 1424 1208 tali

175 1232 359 1309 stitutionem
378 1229 438 1290 Deo
459 1228 656 1308 omnipotenti
671 1237 701 1293 et
719 1229 775 1294 be·
816 1229 1343 1308 ReveletioneSupnrnotttrolt'emum
1358 1249 1423 1291 no·

175 1315 352 1394 nignissinro
381 1312 508 1374 unanime
535 1313 773 1391 convenientem,
817 1316 950 1390 minent,
969 1313 1016 1375 coi
1036 1313 1187 1394 proprium
1207 1332 1271 1376 osse
1289 1314 1422 1389 dicunt,

175 1399 290 1467 homini
307 1415 498 1478 sutnmopere
517 1397 725 1473 necessarium,
746 1407 777 1460 el
816 1402 930 1464 secluso
947 1398 1071 1460 rationis
1086 1397 1251 1473 usu,stdcm
1263 1397 1299 1459 ab
1312 1398 1423 1459 homi-

175 1485 213 1546 ad
228 1483 317 1545 huius
330 1483 417 1542 finem
435 1481 665 1561 praemiandum
679 1483 775 1545 utillse
816 1485 904 1546 nibus
918 1484 1046 1560 exigere.
1060 1480 1117 1542 Per
1131 1479 1351 1562 Revelatiooem
1364 1501 1421 1543 ra-

175 1568 280 1630 simam
299 1565 450 1644 cognoscit
470 1565 529 1646 (2),
815 1569 956 1630 tionalem
970 1585 1036 1628 earn
1055 1565 1237 1644 intelligunt,
1249 1585 1307 1646 qua
1320 1565 1420 1642 Deus,

216 1652 247 1714 2.
268 1649 418 1712 Revelatio
436 1649 694 1730 quoadrnodunn,
715 1671 773 1732 quo
815 1654 885 1733 quin
908 1652 1035 1724 ⁴sublatis
1062 1660 1185 1712 naturae
1208 1650 1322 1729 legibus
1341 1652 1420 1730 quid

174 1737 338 1816 perficitur,
352 1735 451 1797 esttel
466 1733 647 1808 immmtoro,
661 1735 704 1796 vel
717 1753 774 1798 nte·
816 1746 967 1818 operetur,
996 1735 1156 1797 nonnullos
1182 1734 1317 1796 homines
1344 1753 1420 1814 prae

175 1821 268 1884 dioto.
300 1819 474 1883 immediato
500 1818 626 1894 dicitur,
655 1820 773 1898 quando
815 1821 938 1882 cameris
963 1819 1072 1882 excitat
1094 1818 1131 1879 ad
1148 1837 1235 1880 verae
1252 1817 1420 1896 Religionis

163 1904 252 1967 ,Deus
271 1919 338 1964 cum
357 1903 421 1983 ipso
442 1902 562 1967 homine
579 1902 723 1982 loquitur,
745 1903 773 1965 i·
816 1904 963 1986 principia
980 1904 1197 1982 cognoscenda,
1209 1903 1337 1982 aliisque
1351 1912 1420 1965 tra-

176 2006 323 2072 psumque
347 1987 468 2048 iustruit
491 1994 541 2050 nul
566 1987 701 2063 interne,
721 2007 773 2048 ert-
801 1985 1159 2051 vdendo-„Persuasionem
1174 1987 1422 2051 deRcvelatione

175 2071 371 2135 treordinario
395 2070 482 2132 modo
504 2071 533 2130 in
551 2069 639 2137 illius
656 2071 774 2140 anianae
813 2074 855 2135 sic
887 2080 1058 2153 comparata
1085 2073 1331 2134 llotiooolismum
1358 2091 1423 2133 vo-

174 2157 329 2224 satttllates
340 2155 466 2232 agendo,
482 2161 532 2223 tul
544 2163 675 2231 externe,
690 2155 776 2220 adlti·
813 2167 893 2233 cent,
909 2175 997 2237 quem
1018 2156 1235 2234 distinguunta
1252 2157 1422 2219 Nelurult'-

175 2241 273 2304 bendo
288 2258 389 2314 sonna,
402 2239 446 2300 vol
462 2239 552 2300 aliurn
570 2240 689 2306 modum
701 2259 774 2306 sen·
812 2261 888 2317 sano,
906 2241 956 2321 qui
981 2259 1099 2302 ornnem
1126 2240 1179 2301 llei
1200 2240 1364 2302 efficaciam
1388 2242 1422 2303 in

174 2325 292 2388 sibilern
314 2331 430 2406 praeter
447 2322 630 2388 ordinarium
651 2333 774 2394 naturae
813 2326 976 2405 Religionis
993 2325 1162 2403 cognitione
1184 2323 1422 2386 communican-

174 2427 307 2470 cunsurn.
324 2407 455 2472 Mediolo
467 2404 618 2471 Revelalio
634 2408 772 2492 obtingit,
813 2413 868 2486 de,
888 2410 1016 2490 ideoque
1038 2427 1155 2470 omnem
1178 2407 1419 2486 revelationem,

174 2492 294 2574 quando
309 2491 388 2554 Deus
406 2509 473 2550 cum
490 2491 662 2574 leontinibus
679 2493 776 2572 loqui·
813 2513 890 2576 quae
910 2493 1032 2554 hurnani
1050 2493 1162 2570 ingenii
1185 2512 1245 2553 non
1264 2492 1319 2566 sit,
1337 2495 1420 2554 retia

173 2586 234 2652 tur,
251 2576 391 2658 ipsosque
408 2574 581 2644 insnuia-
592 2577 636 2642 vet
653 2595 705 2656 per
719 2577 775 2638 mi·
813 2581 863 2640 cit.
880 2579 966 2642 vCirca
985 2577 1211 2639 ‘Revelalionem
1235 2577 1278 2637 sic
1299 2595 1421 2638 conce-

173 2660 284 2723 nislros
301 2680 320 2722 a
337 2678 368 2720 so
393 2658 569 2736 instructoe,
590 2660 635 2723 vul
660 2679 712 2740 per
733 2661 773 2721 li·
814 2673 892 2745 ptam
912 2662 1020 2724 rationi
1038 2663 1159 2743 plenum
1178 2662 1225 2724 ius
1239 2659 1422 2724 adscribunt

173 2743 260 2806 brurn
283 2764 337 2806 sua
361 2743 535 2807 auctoritate
558 2746 770 2824 conscriptum.

175 2827 339 2902 -Quodsi
359 2827 483 2888 materia
498 2836 660 2908 spectatum
676 2827 771 2896 Reve-

173 2914 243 2975 latio
263 2909 448 2980 dividiturin
466 2911 771 2990 formalem-etonem·

173 2998 290 3072 riolcrn..
309 2996 459 3060 Formolls
477 2995 597 3071 dicitur,
617 2997 736 3076 qtrando
755 3017 772 3058 a

173 3081 232 3143 Duo
246 3081 333 3143 nobis
346 3081 418 3152 tales
430 3079 567 3145 ueritates
582 3078 772 3148 manifestan-

173 3173 232 3239 tur,
252 3164 287 3224 ad
308 3182 434 3244 querum
450 3163 648 3242 coguitionem
661 3199 703 3210 -
715 3165 771 3232 ab·

172 3249 267 3311 solute
282 3248 430 3328 loquendo
443 3283 484 3320 -,
496 3265 549 3328 per
564 3249 713 3328 propriant
728 3268 776 3310 naa
800 3301 801 3306 ,

173 3331 282 3406 tionem
304 3333 458 3412 pervenire
477 3351 650 3412 possumus:
677 3343 770 3398 molc-

173 3416 262 3493 rlolia
277 3425 374 3478 autem
395 3415 514 3492 dicitur,
530 3415 553 3476 si
570 3415 648 3486 Deus
659 3417 771 3478 verita·

172 3509 217 3562 tes
228 3500 309 3576 ,talea
324 3499 504 3573 manifestat,
521 3499 560 3562 ad
575 3519 700 3580 querum
715 3519 770 3570 co-

170 3583 334 3662 gnitionem
351 3584 413 3644 solo
427 3583 504 3644 ratio
518 3583 649 3652 humana
664 3602 771 3664 perve-

173 3668 239 3730 nire
254 3686 313 3741 non
337 3676 451 3746 potest,
468 3676 497 3728 et
515 3684 640 3747 quarum
658 3668 771 3737 intrin-

171 3769 272 3814 secum
290 3769 398 3812 nexum
418 3750 587 3831 perspicere
602 3770 662 3812 non
680 3753 768 3815 valet.

213 3837 300 3898 Noto.
317 3835 430 3910 Dantur
444 3834 591 3910 nonnulli,
607 3835 659 3915 qui
673 3835 772 3904 verbis

171 3918 391 3981 Revelationem
407 3918 563 3992 admittere
577 3918 724 3996 violantur,
739 3941 771 3987 rc

173 4012 272 4065 aulem
289 4012 407 4080 negant.
422 4003 464 4064 Ad
478 4003 690 4072 hoereleuendi
702 4016 772 4071 sunt

172 4085 250 4150 iuter
274 4085 506 4150 Protestantium
531 4087 685 4168 theologos
708 4089 770 4166 illi,

202 4241 234 4298 tlt
247 4243 280 4291 ct.
295 4247 324 4292 u.
343 4246 415 4304 urent,
432 4247 448 4291 r.
463 4245 491 4290 n.
506 4243 526 4304 g.
538 4207 646 4308 eoa-ait.
700 4280 704 4287 .

172 4358 188 4406 δ
201 4303 283 4412 W
299 4305 371 4366 Pelet,
386 4307 460 4352 loelll.
475 4305 549 4353 theol.
563 4316 644 4364 genet.
657 4295 731 4370 w,

747 4317 771 4352 n.

761 4381 783 4412 *u

813 2749 892 2808 illam
908 2746 1104 2821 diiudicandi,
1118 2746 1242 2826 eiusque
1256 2763 1421 2820 argumen-

813 2841 875 2892 tum
892 2832 973 2892 iuxta
987 2831 1079 2908 loges,
1095 2830 1204 2890 rationi
1223 2829 1340 2904 insitae,
1358 2848 1420 2890 ex-

813 2916 941 2994 ponendi
966 2923 1055 2994 atque
1079 2913 1223 2995 prehendi
1243 2913 1301 2991 (3).
1319 2947 1363 2958 -
1381 2913 1418 2974 In

812 3001 867 3061 hac
887 2999 999 3060 theoria
1017 2998 1111 3059 multa
1128 3007 1214 3072 sunl,
1232 3014 1307 3076 quae
1325 3015 1419 3058 erro-

812 3103 867 3144 nee
885 3091 1102 3164 proponuntur.
1124 3081 1209 3144 Falso
1227 3081 1306 3142 enirn
1326 3099 1420 3142 asse·

812 3169 899 3245 rittrr,
921 3185 973 3248 per
990 3165 1210 3228 Revelalionem
1229 3173 1418 3244 supernatu-
1443 3169 1444 3180 ¹

812 3252 904 3314 ralem
925 3269 1044 3314 omnem
1062 3253 1149 3311 ursuni
1167 3248 1291 3311 rationis
1313 3247 1418 3310 inter-

812 3336 890 3410 dici3
910 3352 982 3396 nam
996 3335 1029 3396 in
1052 3335 1103 3396 illa
1121 3331 1318 3408 invenienda,
1338 3331 1418 3394 illu-

812 3420 931 3482 stranda
941 3428 1032 3499 atque
1043 3416 1229 3480 defendenda
1241 3416 1352 3477 rationi
1366 3417 1419 3478 iu·

811 3523 845 3565 ra
871 3503 1085 3576 conceduntur,
1107 3503 1177 3563 licet
1200 3500 1289 3562 etiam
1315 3499 1419 3562 debiti

812 3589 921 3650 limites
942 3585 1169 3668 praescribendi
1185 3585 1255 3646 sint.
1274 3583 1420 3646 Nullatc-

812 3691 868 3736 nus
893 3672 971 3735 enirn
1000 3670 1114 3732 admitti
1143 3676 1258 3750 potest,
1279 3675 1312 3729 ut
1333 3669 1419 3734 ratio

813 3757 942 3819 humano
953 3755 1080 3817 limitata
1094 3762 1123 3814 et
1139 3753 1258 3814 infirma
1272 3771 1320 3828 ea,
1334 3773 1420 3834 quae

811 3840 887 3904 ratio
906 3839 1022 3902 infinite
1046 3847 1076 3900 et
1099 3835 1265 3900 intatttbitts
1285 3839 1417 3916 revelat,

811 3925 847 3986 ad
862 3943 947 3988 suam
962 3923 1103 3986 trutinam
1118 3920 1225 3998 exigat.
1238 3921 1317 3984 [leue
1331 3932 1420 3986 certe

812 4008 885 4073 tales
899 4008 989 4070 etiam
1002 4006 1140 4070 veritates
1154 4005 1285 4068 revelare
1300 4014 1417 4085 potest,

806 4107 900 4171 'quae
923 4090 1047 4154 rationis
1078 4088 1232 4153 limitatae.
1254 4089 1418 4169 sphaeram

812 4173 1043 4248 transcendunt,
1067 4183 1096 4236 et
1112 4173 1179 4234 ideo
1191 4173 1235 4235 ,ab
1254 4173 1309 4234 hec
1326 4173 1419 4236 diiu-

812 4257 903 4320 dicari
918 4253 1126 4337 uon‘possuut.
1139 4253 1182 4304 -‘-·'
1192 4255 1309 4334 Negatis
1324 4275 1425 4342 porro

807 4389 821 4410 ..
831 4359 875 4425 Ὶ-ὅ),
888 4361 1059 4424 Wegseholdrg,
1069 4361 1217 4423 minim·
1227 4361 1249 4422 ξ.
1261 4363 1275 4408 9
1287 4363 1335 4410 alc.
