2928 4734
435 165 510 213 raas
530 167 562 213 11.
586 159 688 214 suerro
709 168 741 214 u.
764 169 859 216 carun
878 168 923 217 rr.
1183 153 1245 217 225

59 243 126 308 licor
138 241 286 323 inveniri,
306 243 442 308 dubitare
459 264 520 308 nou
542 263 651 328 possu-
691 246 860 310 intelleotus
877 247 1027 327 subvenit,
1050 268 1103 331 per
1120 269 1229 314 munus
1242 269 1289 312 sa-

59 347 129 392 mus.
691 331 840 408 cerdotale
865 335 1068 414 propeccatis
1093 334 1201 396 nostris
1223 335 1289 416 plo·

98 411 294 475 l.Nibilsane
306 410 506 490 inReligioais
518 410 653 474 christia·
693 415 814 476 nissinte
832 416 985 491 satisfecit,
1001 425 1031 479 ct
1045 435 1097 498 per
1111 437 1221 480 munus
1239 436 1289 480 re·

59 495 513 578 uaedoctrinaintenitur,quod
526 497 571 559 vel
584 516 650 558 cunt
692 499 773 577 gium
792 504 909 560 coercet
926 500 1130 580 depravatam,
1147 501 1290 564 corrobo·
1307 525 1319 540 *1

58 580 139 642 rectis
162 581 293 644 rationis
316 580 492 662 principiis,
512 581 556 642 vel
575 579 654 642 inter
693 591 739 644 rat
765 582 912 645 infirmam
939 583 1119 645 vttluntatem
1144 593 1312 647 nostram.²

57 684 85 726 sc
101 673 233 746 pugnet,
256 665 303 728 vel
325 663 387 726 lieo
410 664 564 742 indignum
591 663 651 741 sit,
693 665 768 738 Quid
792 665 850 728 iam
869 666 929 728 lieo
945 666 1062 743 dignius
1079 676 1108 729 et
1129 668 1215 729 nobis
1239 687 1310 730 sa-.
1401 661 1407 674 '

57 759 103 810 aut
117 749 252 811 hominis
269 757 405 825 naturae,
421 748 533 828 linique
548 748 653 810 adver·
693 750 808 814 lubrius
828 749 984 828 excogitari
1002 759 1099 831 potest
1118 750 1175 813 boc
1200 770 1291 832 opere
1307 767 1311 798 ¹

56 842 143 894 satur.
164 831 269 911 Longa
291 834 370 894 enim
393 840 423 894 et
444 849 533 913 saepe
555 832 653 894 hostili
693 833 1026 914 redemptionis‘l-ln
1039 833 1094 896 boc
1107 843 1229 915 apparet
1242 833 1311 897 insi

57 917 219 978 octodecim
239 918 425 978 saeculorum
438 916 507 976 crisi
526 915 599 977 nihil
613 925 654 977 ta·
695 920 777 982 fmita
795 918 919 994 iustitia,
938 937 1014 998 quae
1032 936 1085 999 pro
1105 918 1224 981 offensis
1242 919 1292 981 ina

58 999 87 1060 le
99 1019 232 1081 uuquam
254 1000 351 1078 detegi
370 999 475 1080 potuit,
495 999 654 1066 difficulta-
695 1004 808 1065 finitam
823 1001 1054 1063 satisfactionem
1078 1001 1177 1080 exigit,
1194 1011 1223 1064 et
1242 1002 1311 1064 in-1

59 1093 170 1164 tesque,
190 1084 246 1146 bac
264 1084 295 1146 in
314 1103 346 1146 re
361 1083 397 1146 ab
413 1083 586 1146 adversariis
600 1082 654 1146 Re·
694 1087 778 1149 finita
796 1084 1000 1148 misericordia
1016 1085 1186 1166 quasillum
1205 1104 1291 1166 prae·
1308 1107 1318 1150 a,

58 1167 172 1246 ligionis
192 1167 372 1230 christianae
392 1174 511 1244 motae,
535 1166 655 1230 solidis·
695 1179 770 1247 stat,
786 1187 912 1250 quorum
941 1168 1107 1231 divinorum
1132 1169 1313 1233 attributo-'

59 1253 128 1316 unte
146 1271 272 1331 semper
284 1253 398 1314 solutae
416 1251 546 1312 fuerunt.
695 1273 762 1317 rum
790 1272 897 1315 nexum
926 1252 1115 1334 philosophia
1140 1271 1292 1334 nunquam

95 1337 187 1401 Noto.
206 1335 291 1407 Quae
304 1344 405 1398 contra
420 1335 559 1417 specialia
576 1333 656 1397 Reli·
696 1349 754 1402 taut
773 1336 903 1399 dilucido
922 1335 1009 1398 modo
1028 1336 1174 1417 explicare
1186 1337 1294 1400 valuis-

60 1419 152 1496 gionis
172 1419 355 1482 christianae
376 1420 473 1500 capita
494 1417 531 1480 ab
555 1418 655 1481 incre·
696 1431 751 1485 set.
769 1420 803 1483 ln
821 1422 878 1482 bac
896 1438 984 1501 porro
1007 1420 1154 1498 doctrina,
1171 1422 1247 1484 sicut
1265 1430 1295 1484 et

60 1504 132 1564 dulis
151 1503 243 1565 obiici
263 1504 372 1580 solent,
395 1503 425 1564 in
439 1502 565 1564 decursu
590 1513 655 1564 stu·
696 1509 726 1568 in
747 1505 886 1568 omuibus
904 1522 980 1585 quae
999 1504 1029 1565 in
1055 1505 1188 1586 symbolo
1212 1505 1294 1567 chri-

61 1587 99 1648 dii
114 1587 274 1666 theologici
287 1587 450 1649 solvuntur.
464 1586 656 1649 Difficultates
696 1591 791 1653 stiauo
806 1587 843 1650 tle
856 1588 910 1650 [lei
928 1588 1077 1650 attributis
1094 1597 1123 1650 et
1141 1589 1294 1670 operibus,

61 1671 89 1731 in
105 1691 216 1749 genere
230 1680 333 1733 contra
346 1670 561 1733 sanctissimam
576 1669 658 1733 Chri·
696 1695 731 1738 ac
742 1675 778 1736 de
792 1673 918 1734 statibus
935 1672 1057 1734 alterius
1075 1673 1150 1734 vitae
1169 1673 1294 1735 tradun-

61 1754 658 1836 stiuoctrinampropositassotvunttltup-
698 1768 757 1833 tur,
777 1755 981 1819 efficacissima
995 1755 1170 1818 exhibentur
1186 1757 1296 1820 motiva

61 1837 165 1919 felfl),
177 1838 444 1918 Licbermannffl).
457 1837 585 1900 Patrone
595 1840 654 1917 (3).
696 1841 806 1924 quibus
824 1840 959 1901 homines
971 1839 1008 1900 ad
1027 1840 1223 1902 moralitatem
1243 1861 1296 1904 se-

110 1925 141 1986 b.
166 1923 309 1985 Doctrina
332 1922 511 1999 christiana,
533 1922 657 2003 positive
696 1925 833 1989 claudam
852 1923 1081 1986 mellentum-
1095 1925 1199 1988 Codice
1213 1926 1296 1988 chri·

62 2007 258 2082 considerata,
272 2006 331 2068 Deo
343 2007 517 2085 dignissima
534 2014 590 2082 est,
604 2006 658 2066 ho·
695 2011 792 2074 atiuuo
811 2008 852 2070 nil
872 2007 1063 2069 excellentius
1085 2007 1207 2086 cogitari
1227 2017 1296 2089 pot-

62 2092 252 2172 minibusque
274 2091 400 2152 maxime
422 2089 655 2153 accommodata.
697 2102 753 2168 est,
770 2092 821 2174 qui
840 2090 959 2153 nonnisi
974 2090 1011 2152 ad
1031 2092 1188 2171 perfectam
1202 2110 1298 2155 mora·

62 2171 92 2234 In
110 2175 247 2255 Symbola
263 2174 343 2236 enim
362 2173 613 2236 attributadivina
627 2193 658 2234 o·
697 2179 809 2241 litatem
828 2194 986 2255 veramque
1005 2176 1175 2238 felicitatem
1196 2176 1296 2238 homi·

63 2257 152 2336 ptime
175 2268 401 2339 proponuntur,
421 2266 450 2319 ct
471 2258 522 2319 illa
541 2257 657 2339 praeci-
698 2263 745 2324 nis
760 2258 988 2342 promovendam
1006 2259 1111 2321 tendit.
1132 2293 1175 2306 --
1192 2260 1303 2324 Etbica¹

64 2359 130 2422 pue,
145 2362 224 2422 quae
237 2341 394 2403 ltorniuiad
410 2349 489 2404 recte
500 2341 656 2403 vitatorium
697 2346 727 2408 in
746 2346 797 2407 illo
815 2351 953 2406 contenta
966 2344 1050 2422 longe
1070 2343 1153 2406 abest
1172 2343 1210 2406 ab
1228 2364 1296 2429 om·

64 2435 95 2486 ut
108 2425 271 2488 normavel
286 2426 656 2488 utmotivuminscrtiunt.
699 2429 787 2492 nibus
808 2427 927 2507 gentilis
952 2436 981 2489 et
1010 2427 1146 2491 iudaicae
1178 2429 1299 2491 moralis
1342 2484 1344 2488 .

64 2505 139 2570 Deus
155 2517 190 2570 ut
211 2509 485 2590 providentissimus
504 2509 656 2572 homiuum
698 2511 875 2582 defectibus,
887 2545 930 2557 -
947 2511 1078 2590 ogoismo
1098 2530 1205 2594 nempe
1221 2513 1299 2592 poli-

65 2592 153 2655 Puter
169 2601 424 2673 repraesentatur,
444 2611 521 2674 quae
542 2594 623 2655 notio
643 2626 659 2640 -
700 2599 850 2672 ticoruru,
869 2595 988 2675 apathia
1007 2593 1187 2671 Stoicorum,
1204 2597 1298 2658 eude-

61 2675 198 2749 sublimis
209 2677 298 2739 simul
316 2685 346 2738 et
364 2677 529 2758 popularia,
543 2711 584 2722 -—
596 2686 656 2739 tum
700 2681 846 2744 monismo
868 2678 1094 2760 Epicureorum,
1118 2680 1299 2760 mysticismo

60 2758 252 2841 philosopho,
266 2769 326 2822 tum
337 2761 448 2823 idiotae
459 2769 580 2842 accepta
594 2781 659 2824 esse
699 2767 892 2837 bissenorum,
906 2763 1101 2826 sensualismo
1112 2761 1300 2825 Sadducaeo-

64 2843 163 2922 dcbet,
180 2844 251 2926 quia
269 2844 305 2907 ad
322 2846 517 2907 moralitatem
538 2863 659 2924 promo·
699 2846 991 2924 rum,mecltanismo
1001 2846 1227 2909 Pharisaeorum
1239 2854 1298 2907 etr.

64 2929 187 2988 vendam
204 2936 233 2990 et
250 2928 287 2990 ad
301 2929 399 2990 cordis
417 2930 659 3010 tranquillitatem
700 2930 946 2996 caeremonialem
970 2941 1069 2992 autem
1088 2938 1118 2992 et
1135 2929 1299 2990 inanimem

66 3011 282 3090 producendam
298 3011 449 3092 aptissima
467 3013 661 3090 esti-Egre-
701 3017 753 3078 bei
769 3017 894 3088 cultum,
912 3016 1048 3078 timorem
1063 3013 1211 3090 servilem,
1229 3012 1300 3094 pbi-

67 3095 112 3170 gie
127 3114 247 3176 quoque
266 3097 571 3158 tradunturveritates
585 3117 662 3178 quae
701 3100 824 3162 lantiam
844 3116 973 3160 crassam
997 3106 1053 3158 etc.
1078 3096 1210 3175 corrigit.
1234 3096 1303 3178 lpsa

69 3179 140 3240 scitu
159 3179 344 3241 necessariae
371 3188 400 3243 cl
423 3181 529 3242 rationi
550 3181 661 3261 imper·
702 3203 774 3246 sarta
790 3182 865 3244 ratio
887 3201 945 3244 ttou
966 3188 1061 3260 potest
1080 3180 1135 3243 nisi
1154 3179 1303 3261 approba·

69 3260 129 3323 viae
146 3264 282 3343 suut(l).
299 3260 385 3341 Origo
401 3265 480 3325 enim
494 3266 663 3346 corruptio·
703 3287 734 3330 re
748 3273 936 3347 praeceptum
956 3263 1120 3342 Evangelia
1135 3284 1193 3346 quo
1208 3265 1302 3328 Deum

68 3344 112 3406 nis
123 3357 240 3408 nostrae
257 3366 315 3408 non
334 3365 350 3407 a
366 3357 498 3410 creatore
516 3348 588 3425 lieo,
604 3369 661 3410 nun
703 3349 903 3430 superomnia
918 3347 1052 3426 diligere,
1068 3358 1097 3410 et
1109 3349 1176 3411 ideo
1190 3359 1302 3430 patrem
1325 3369 1328 3397 τ

46 3441 49 3450 “
68 3447 85 3489 a
103 3431 178 3492 malo
199 3429 356 3512 principio,
371 3450 429 3492 nou
444 3441 589 3505 enatura,
608 3433 663 3494 lto·
696 3444 733 3497 -et
751 3442 890 3508 matrem,
910 3451 1030 3493 uxorem
1043 3441 1071 3494 et
1090 3433 1177 3508 filios,
1199 3433 1304 3496 fratres

69 3513 137 3575 mini
162 3533 308 3591 noverca,
328 3515 379 3578 sed
397 3535 415 3577 a
434 3526 553 3596 peccato
572 3517 664 3595 origi·
705 3527 735 3581 et
753 3533 871 3580 sorores
891 3516 1068 3598 posthabere
1087 3518 1134 3596 (5)
1154 3517 1304 3594 iubemur,

72 3598 127 3657 uali
146 3599 302 3678 ropetitur,
323 3618 376 3679 per
390 3603 468 3680 quod
483 3601 590 3662 enimin
603 3601 665 3682 pri·
706 3603 729 3666 si
749 3601 845 3684 primo
861 3609 890 3660 et
910 3601 1036 3661 tttaxitno
1053 3602 1192 3664 mandato
1207 3601 1308 3664 obser·

70 3680 181 3758 vilegia,
208 3681 321 3744 homini
340 3703 357 3744 a
376 3683 435 3744 Deo
454 3683 666 3764 benignissime
707 3687 801 3748 vando
821 3684 1067 3763 impedimentum
1084 3685 1308 3765 ponant-lle

49 3787 52 3794 ·
72 3784 220 3842 concessa,
241 3765 405 3847 deperdita,
419 3775 448 3829 et
462 3769 589 3849 plurima
605 3788 668 3832 atta·
706 3782 804 3833 cetero
818 3769 892 3831 nibil
912 3769 1003 3846 magis
1021 3768 1199 3845 inculcatur,
1219 3785 1308 3849 quarn

71 3846 95 3908 la
105 3848 248 3929 producta
261 3850 602 3916 fuerunt.lluiusautem
619 3855 668 3916 tri·
709 3862 898 3936 praeceptum
917 3853 1056 3932 diligendi
1072 3853 1235 3934 proximum
1250 3850 1307 3910 sic·

71 3933 215 3995 atissimae
229 3935 427 4014 corruptionis
439 3938 602 3999 remedium
619 3938 667 4000 iu-
708 3949 742 4000 ut
759 3938 901 4018 seipsum,
924 3955 976 4017 per
997 3938 1076 4018 quod
1096 3936 1151 4017 ipsi
1175 3932 1310 3996 felicitati

72 4018 204 4078 venimus
224 4017 253 4078 iu
272 4017 385 4080 Cltristo
405 4021 667 4102 redemptoreque
709 4022 864 4103 temporali
876 4021 1100 4082 tumbomiuum
1113 4019 1309 4100 privatorum,

73 4115 121 4178 per
135 4120 246 4163 munus
260 4102 465 4184 propheticum
486 4105 670 4187 ignorantiae
709 4102 1313 4183 turrtfarniliarum,tuutcotmuuuitatum,

99 4227 343 4291 (truncatos.
496 4250 544 4278 a»
656 4295 658 4298 Ι
740 4231 1064 4295 (anapestus.
1124 4229 1299 4304 epatu·

92 4289 453 4354 gna.t,t.t,seot.2‚utt.
734 4288 1224 4359 (sptoc.tt,2u.et.trottb.tu‚or.⁴·
1276 4305 1278 4310 ·

1199 4459 1347 4524 to¹
