2930 4736
239 166 302 230 448
638 184 822 234 moccense
843 183 1004 232 ornantem

197 260 242 324 eis
263 263 371 348 loquor
384 274 442 330 etc.
467 275 525 332 etc.
538 287 554 330 ι
566 303 606 316 -
619 267 651 334 S.
667 267 800 348 comtos
839 275 945 343 gnatos
961 281 1077 342 greges,
1094 259 1202 340 singuli
1222 257 1374 338 singulos,
1390 257 1448 322 tibi

197 347 288 411 Alea.
305 351 353 431 (l)
366 350 487 414 Petrum
500 354 631 435 appellat
642 352 801 434 Apostolo·
841 347 1263 423 unirersicrediti,uniunus:
1282 363 1340 406 neo
1357 345 1447 404 modo

197 448 265 492 rurn
294 431 483 516 Principem,
504 447 534 500 et
559 445 660 518 caput,
688 445 719 498 et
737 435 801 498 eiua
841 433 953 508 orium,
972 433 1022 494 sed
1042 438 1072 492 et
1088 440 1239 510 pastorum
1257 427 1400 490 omniurn
1416 437 1445 489 tu

198 532 400 580 successorem
420 517 451 582 S.
472 519 671 585 Caelestinum
700 518 801 582 nomi·
841 535 919 578 unus
933 513 1134 599 pastor.Unde
1148 513 1177 574 id
1192 513 1328 594 probem,
1347 531 1446 592 quae-

199 609 251 660 nat
269 619 285 662 ι
304 600 568 686 treniepiscopun
596 604 687 668 totius
705 603 800 681 urbis,
841 599 899 664 ris?
917 635 953 648 -
972 619 1007 662 ex
1026 599 1116 662 verbo
1138 596 1257 660 Domini
1284 595 1377 656 Petro
1398 596 1446 656 di-

199 691 230 744 et
246 681 448 748 Patriarcbam
478 707 602 766 ariagnae
627 687 712 751 urbis
738 685 800 748 llo·
841 685 948 747 centis:
966 686 1260 764 Posocognocmeco,
1272 697 1365 761 posce
1382 699 1447 742 oues

198 783 277 830 mae.
301 789 378 830 »-
400 773 593 836 Tbeodoretua
611 771 659 852 (Ξ)
682 767 798 832 scribit:
841 785 952 832 meuc»
975 767 1034 849 (9).

200 848 389 932 consecro,
410 865 442 917 ut
467 857 654 918 sanctissimo
673 853 800 938 Arcltie-
883 853 972 916 Noto.
993 853 1022 914 l.
1043 849 1124 914 Inter
1140 850 1220 931 ipsos
1237 847 1444 909 Protestantes

198 933 322 1019 piscopo
349 936 444 1000 Leoni
467 939 660 1022 persuadeas,
679 947 711 1000 ut
729 957 801 1019 apo·
841 936 949 998 eruditi
970 953 1076 1016 negare
1092 939 1255 1015 nequeunt,
1269 929 1323 994 SS.
1339 930 1444 992 Patres

198 1021 303 1082 stolica
319 1031 421 1085 utatur
438 1024 627 1098 auctoritato,
639 1021 800 1104 iubeatque
840 1021 1014 1098 dignitatem
1033 1018 1259 1081 eminentiorem
1287 1015 1443 1078 Ecclesiae

198 1103 236 1164 ad
255 1115 385 1168 vestrum
405 1108 565 1169 concilium
591 1106 687 1170 adire.
707 1105 800 1168 Tenet
840 1102 1176 1179 Romanaeattribuerc3
1190 1099 1444 1163 contenduntau-

198 1189 280 1250 enim
299 1199 401 1252 sancta
418 1190 475 1252 ista
496 1191 581 1254 sedes
599 1189 799 1270 gubernacula
841 1198 913 1264 tem,
931 1187 1033 1250 Patres
1051 1186 1283 1268 praerogativam
1313 1183 1444 1264 Episco-

198 1274 394 1352 regendarum
414 1275 514 1336 cuncti
545 1276 626 1338 orbis
648 1273 799 1337 Ecclesia·
841 1291 945 1353 porurn
966 1271 1168 1334 Romanorum
1187 1287 1247 1330 non
1266 1286 1300 1328 ex
1314 1267 1386 1328 iure
1401 1267 1445 1328 tli-

197 1375 277 1421 rurn.
299 1377 315 1418 ι
334 1393 376 1404 -
397 1358 429 1422 S.
460 1359 590 1440 Prosper
617 1358 722 1438 Apud.
751 1357 798 1438 (3)
841 1357 921 1431 rino,
945 1356 995 1418 sed
1021 1375 1056 1418 ex
1084 1355 1150 1416 iuro
1168 1351 1374 1416 ecclesiastico
1392 1370 1445 1412 re·

198 1442 262 1504 ait:
287 1461 301 1503 u
331 1439 434 1518 Sedes,
463 1440 575 1504 Romal
602 1439 695 1518 Petri,
722 1460 799 1524 quae
840 1450 959 1520 petere,
988 1440 1066 1502 acsi
1086 1439 1152 1500 ideo
1173 1445 1285 1498 tanturn
1307 1435 1444 1496 bisma-

197 1525 356 1606 pastoralis
376 1524 498 1588 honoris
510 1527 588 1588 lacta
606 1534 695 1610 caput
713 1544 800 1586 mun·
839 1524 886 1585 ior
903 1523 1065 1586 auctoritas
1087 1521 1125 1584 ab
1144 1521 1277 1584 Ecclesia
1296 1539 1446 1580 concessa

197 1609 241 1686 rli,
273 1608 417 1689 quidquid
446 1629 506 1672 non
532 1609 665 1692 possidet
693 1609 796 1686 armis,
839 1603 941 1684 luerit,
958 1607 1028 1689 quia
1046 1605 1180 1670 Ecclesia
1194 1604 1328 1666 Romana
1343 1622 1360 1663 a
1376 1604 1445 1679 glo-

156 1690 169 1708 *
196 1691 353 1770 Religione
378 1702 475 1771 tenet3
498 1714 513 1756 ι
544 1703 574 1756 et
598 1693 645 1774 (l)
675 1691 796 1756 scribit:
839 1692 1012 1754 riosissimis
1023 1691 1172 1774 Apostolis
1186 1687 1286 1766 Petro,
1305 1697 1337 1749 et
1348 1685 1445 1748 Paulo

199 1795 216 1838 e
237 1774 332 1839 Roma
351 1795 404 1858 per
421 1777 580 1840 sacerdotii
600 1774 798 1860 principatum
840 1777 962 1838 lundata
990 1775 1070 1852 suit,
1093 1783 1124 1836 et
1149 1773 1269 1854 quidem
1295 1773 1327 1832 in
1347 1769 1444 1846 Urbe,

197 1860 326 1942 amplior
352 1862 429 1923 sacta
458 1871 502 1924 est
533 1871 595 1923 arte
621 1859 798 1940 Religionis,
839 1879 915 1941 quae
926 1859 1030 1941 primis
1043 1857 1226 1939 temporibus
1244 1854 1445 1934 niagnificen·

198 1963 287 2026 quarn
308 1945 383 2008 solio
402 1945 737 2026 potestatis.›-l'ictor
758 1943 799 2008 U·
842 1945 894 2018 tin,
926 1952 1071 2026 potestate
1097 1950 1128 2004 et
1154 1940 1307 2022 opulentia
1336 1958 1447 2000 omnes

197 2031 248 2093 tic.
260 2031 307 2110 (5)
318 2029 370 2092 ait:
383 2029 543 2092 (Ecclesia
557 2027 691 2092 Romana
700 2037 745 2090 cst
754 2047 801 2090 ca·
840 2029 914 2090 alias
927 2027 1015 2089 urbes
1025 2028 1111 2106 longe
1123 2024 1293 2106 superabat.
1305 2057 1350 2070 ·-
1363 2023 1447 2084 Haec

197 2114 397 2194 putornninm
425 2113 664 2176 Ecclesiarum.›
680 2111 799 2176 Castio-
840 2119 938 2174 autern
958 2111 1192 2172 adversariorum
1215 2107 1365 2170 sententia
1387 2110 1446 2169 atl-

198 2197 290 2260 dorae
308 2199 356 2276 (a)
373 2197 486 2260 scribit:
509 2216 525 2259 ι
544 2195 604 2260 Vos
629 2197 799 2278 speculato·
841 2196 917 2258 mitti
933 2196 1103 2257 nullatenus
1119 2191 1226 2276 potest.
1241 2191 1312 2254 Nutu
1325 2193 1357 2270 a)
1373 2211 1446 2272 pro·

197 2298 246 2342 res
274 2281 437 2344 christiano
469 2280 579 2362 populo
606 2279 798 2362 praesidetis,
841 2279 905 2341 beri
924 2278 1039 2360 nequit,
1059 2298 1093 2340 ex
1103 2278 1200 2340 allatis
1218 2276 1311 2338 titulis
1327 2278 1366 2337 ab
1382 2277 1445 2338 Ec·

197 2382 250 2426 vos
272 2365 364 2445 patris
394 2367 515 2426 nomine
539 2364 674 2426 universa
692 2363 799 2442 dirigi·
840 2362 931 2426 alesia
947 2361 1091 2424 Romanis
1117 2361 1273 2442 Episcopis
1300 2360 1444 2422 eminen-

199 2449 291 2510 tis...
322 2447 381 2510 Nos
407 2448 493 2510 decet
510 2449 659 2510 custodire
680 2448 797 2529 aliqua,
842 2448 945 2508 tionem
966 2456 1166 2528 potestatem,
1195 2463 1247 2506 seu
1277 2445 1442 2524 primatum

196 2551 250 2593 ros
266 2533 366 2592 omniu
370 2577 435 2593 .....
466 2532 553 2594 sedes
581 2534 631 2593 illa
650 2539 711 2593 toto
727 2531 800 2593 orbe
842 2531 982 2592 traditum
1002 2532 1106 2607 suisse;
1136 2547 1233 2609 neque
1256 2527 1286 2588 irl
1304 2541 1445 2590 asserunt

197 2615 457 2680 mirabilist—S.
477 2616 733 2696 laidornalb'spol.
751 2615 798 2696 (l)
840 2613 891 2678 SS.
912 2615 1025 2676 Patres.
1046 2613 1079 2695 b)
1098 2613 1127 2676 Si
1146 2613 1344 2689 constitisset,
1362 2632 1442 2674 non-

196 2700 307 2782 inquit.·
335 2699 496 2778 ‹Dignitas
516 2701 682 2782 potestatis,
697 2699 752 2761 etsi
762 2699 799 2761 ad
840 2699 897 2760 nisi
917 2697 1078 2762 Ecclesiam
1092 2695 1337 2760 liberellomanis
1360 2696 1441 2758 Pon·

192 2782 541 2848 ‘omnesCatbolicorurn
565 2784 730 2866 Episcopus
755 2793 799 2844 est
841 2783 970 2845 tibcibus
999 2783 1159 2864 primatum
1189 2781 1359 2856 tradidisse,
1384 2801 1442 2862 po-

198 2869 360 2947 translusa,
375 2868 534 2949 specialius
553 2878 650 2931 tamen
663 2867 797 2930 Romano
841 2868 945 2929 luisset
958 2866 1006 2928 itic
1019 2867 1048 2928 in
1060 2867 1148 2928 aliam
1168 2865 1330 2927 Ecclesiam
1346 2875 1443 2927 trans-

198 2951 368 3034 Episcopo‚
393 2953 536 3030 singulari
561 2952 689 3034 quadarn
710 2951 799 3033 priri·
841 2951 927 3028 secri,
949 2952 1028 3033 quod
1048 2958 1078 3012 et
1092 2959 1244 3030 certe-pro
1264 2959 1334 3010 nota
1351 2947 1443 3012 Grae·

198 3036 290 3114 legio,
315 3036 405 3098 veluti
425 3035 536 3118 Capiti,
557 3036 682 3098 caeteris
701 3054 798 3096 ntern·
839 3054 944 3097 corum
971 3035 1170 3097 aernulationc
1189 3035 1300 3094 t'acturn
1321 3033 1440 3110 luisset,

198 3120 261 3182 bris
278 3120 375 3182 altiori
389 3120 528 3182 rnanetin
542 3132 707 3202 aeternnm.
728 3139 743 3181 ι
757 3153 799 3166 -
839 3119 908 3199 qnia
922 3120 979 3181 iam
995 3129 1126 3199 tempore
1141 3117 1327 3180 Constantini
1342 3121 1442 3195 magni

190 3202 798 3284 lS.Bcrnordos(8)ndEugeniurnP.sic
838 3204 933 3280 gloria
960 3204 1099 3283 antiquae
1123 3200 1236 3263 Rornae
1266 3201 1439 3277 imminuta,

191 3287 343 3368 aloquitur:
355 3286 797 3366 ‹Quises‘isacertlosariagnae,
839 3297 868 3348 et
889 3287 1107 3365 ntagnilicentia
1126 3305 1217 3346 norae
1236 3284 1369 3361 Rornae,
1387 3305 1440 3346 seu

191 3382 334 3456 tsummus
348 3368 495 3434 Pontifex.
515 3370 558 3433 Τιι
578 3373 715 3453 princeps
730 3372 798 3454 Epi·
838 3369 1110 3451 Constantinopolis
1126 3369 1208 3431 valde
1220 3377 1308 3432 aucta
1327 3370 1391 3431 suit.
1410 3371 1439 3448 c)

192 3472 371 3536 ¹scoporurn,
387 3465 417 3516 tu
434 3455 537 3518 baeres
548 3455 795 3537 Apostolorum...
839 3452 890 3518 SS.
911 3455 1012 3516 Patres
1041 3455 1160 3528 docent,
1190 3452 1311 3515 Petrum
1331 3453 1439 3514 imme·

189 3537 343 3623 dignitate
362 3542 500 3602 Aaron...
518 3548 662 3622 potestate
680 3539 795 3616 Petrus,
839 3539 920 3600 diate
939 3559 957 3602 a
974 3539 1090 3602 Cbristo
1110 3539 1269 3618 primatum
1291 3539 1441 3617 accepisse

190 3622 342 3687 iunctione
359 3622 505 3686 Christus.
524 3623 566 3686 lu
580 3643 623 3700 es,
644 3624 690 3686 cui
702 3625 798 3686 clares
840 3624 869 3704 (ξ
888 3621 978 3701 258),
991 3621 1156 3684 Romanurn
1174 3640 1243 3684 vero
1259 3619 1440 3701 Episcopum

190 3707 397 3790 {traditaocui
410 3726 478 3768 ores
490 3709 620 3770 creditae
631 3719 710 3769 sont.
725 3707 799 3770 Sunt
840 3717 872 3769 ut
888 3707 1050 3784 legitimum
1069 3725 1269 3768 successorem
1292 3705 1372 3767 Petri
1387 3726 1441 3767 re-

191 3792 320 3871 tquidem
335 3789 425 3852 etalii
440 3791 515 3853 coeli
535 3793 676 3854 ianitores
691 3802 720 3854 et
731 3811 798 3868 gre·
841 3802 993 3866 necantur,
1008 3801 1037 3852 ot
1048 3789 1115 3852 ideo
1134 3789 1208 3851 ratio
1221 3797 1315 3870 patet,
1340 3809 1392 3851 cnr
1407 3811 1442 3852 c·

199 3894 268 3954 gum
280 3884 425 3956 pastorem
435 3873 488 3935 sed
499 3886 528 3936 tu
542 3885 621 3937 tanto
629 3877 797 3953 gloriosius,
841 3875 1047 3938 ntincntiorern
1066 3883 1239 3956 potestatem
1254 3873 1389 3935 liornano
1404 3875 1442 3936 E·

201 3970 313 4039 quanto
332 3966 361 4019 et
379 3957 565 4019 differentius
588 3980 657 4039 prae
676 3963 799 4022 caeteris
842 3960 961 4040 piscopo
977 3959 1161 4035 adscribant,
1175 3959 1279 4019 saltem
1298 3958 1443 4021 indirecta

201 4061 311 4105 nornen
324 4042 528 4103 haereditasti.
542 4043 658 4105 Habent
669 4045 711 4106 illi
723 4039 798 4106 assi·
840 4044 922 4106 illarn
939 4044 975 4105 ab
990 4044 1053 4124 ipsa
1065 4041 1172 4106 Cbris'ti
1187 4042 1380 4106 ordinatione
1397 4063 1444 4106 re·

244 4142 262 4194 Ι)
278 4140 343 4185 bont.
359 4139 454 4185 lincom.
472 4142 494 4185 in
511 4143 533 4186 S.
550 4141 642 4198 Deipar.
872 4145 904 4196 ddi
921 4144 944 4188 b.
960 4143 981 4189 tt
1000 4143 1097 4202 Epist.2
1113 4143 1141 4188 ad
1158 4144 1238 4188 loann.
1255 4141 1312 4202 l’ap.

240 4199 263 4254 2)
280 4199 304 4242 Ιιι
320 4198 391 4256 Epist.
404 4199 432 4244 ad
451 4202 529 4244 ttenot.
588 4201 622 4260 (ὅ)
637 4199 703 4246 tado
718 4202 800 4260 ingrat.
873 4203 902 4262 (il
922 4203 952 4248 ttl
966 4203 1054 4257 ttogen.
1070 4203 1143 4261 Episc.
1158 4203 1265 4248 l'otetnu.
1366 4235 1370 4241 ι

247 4257 264 4300 b
280 4256 303 4300 l..
319 4258 333 4300 2
348 4258 378 4302 (le
392 4261 466 4304 locat.
483 4259 544 4316 gent,
874 4265 905 4316 (8)
922 4263 945 4307 b.
958 4262 972 4306 ’ὲ
987 4263 1017 4308 de
1029 4262 1116 4308 consid.
1131 4273 1153 4307 c.
1165 4263 1187 4309 8.

241 4315 264 4370 ὅ)
279 4313 302 4358 b
318 4313 336 4359 ll
350 4317 381 4362 da
396 4315 484 4376 perseo.
501 4318 598 4364 t'rtutlal.
874 4323 905 4376 (ib
922 4320 957 4367 cl.
971 4323 1078 4377 Stotberg
1092 4322 1107 4368 l.
1123 4333 1143 4368 c.
1158 4321 1182 4368 2.
1195 4319 1264 4368 tbtn.
