2918 4734
436 215 510 264 rans
547 215 579 262 ιι.
607 213 749 270 sacrior.
768 219 918 266 csruru.
1204 201 1266 266 tue

67 317 126 363 non.
145 297 253 380 Neque
271 296 361 381 primi
378 295 480 360 fideles
498 313 586 357 caeco
603 292 662 357 tto-
702 294 841 360 llatthaei
855 307 886 361 et
899 296 987 360 ilorci
999 296 1095 380 loqui.
1119 295 1241 370 Quodsi
1254 296 1305 360 ad-

66 384 172 463 ligionis
188 383 375 446 christianae
388 397 488 442 amoro
503 397 663 461 praeoccu·
703 380 847 458 mittatur,
862 382 972 444 multos
984 382 1043 444 iam
1057 399 1130 444 aevo
1142 382 1299 465 apostoliae

64 467 113 550 pati
133 468 275 543 luerunt,
290 485 360 528 cum
373 484 392 526 a
406 465 517 526 teneris
531 463 618 526 annis
629 462 660 524 in
702 463 861 543 Evangelia
879 465 1046 548 scripsisse,
1067 465 1238 529 nullatenus
1257 474 1299 527 ta·

62 551 173 614 iudaice
192 551 241 612 vel
260 550 380 611 ethnica
398 547 554 626 Religione
573 547 662 609 insti·
701 567 771 610 men
786 547 930 614 increduli
946 548 1072 631 probare
1087 558 1223 629 possunt,
1260 548 1301 610 ri·

61 636 106 697 tuti
119 635 249 696 hierint.
264 631 357 696 Sicuti
370 650 439 712 ergo
453 651 512 694 tion
524 632 588 694 sine
601 627 660 714 pls‘·
706 632 762 694 mis
788 633 916 695 saeculis
940 643 1058 715 praeter
1080 641 1207 712 quatuor
1224 569 1303 697 sfiud

62 737 92 781 na
108 717 323 780 convinctione
346 715 529 794 Religionem
553 716 660 778 auitam
704 716 853 796 quoddam
873 717 1063 795 Evangelium
1083 725 1117 777 ut
1137 735 1253 778 sacrum
1275 724 1303 780 cl

60 803 258 884 reliquerunt,
274 811 304 863 et
316 800 509 862 christianam
525 817 664 880 suscepe·
702 799 835 862 ditinum
855 800 990 863 habitum
1009 801 1112 863 luisse.
1136 799 1256 863 Errant:
1268 818 1304 864 e·

61 896 145 962 runt,
164 887 208 948 ita
226 885 318 948 etiam
337 903 397 946 non
415 883 482 944 sine
501 883 590 946 certis
610 887 663 945 ai·
703 884 765 946 nim
778 883 829 964 qui
842 885 956 960 dicunt,
971 884 1111 964 antiquos
1122 883 1225 946 Patres
1236 901 1306 965 spu·

63 969 207 1049 gementis
221 969 316 1032 libros
328 978 469 1048 tanquam
485 967 524 1028 als
537 968 663 1047 Aposto·
703 967 759 1029 ria·
773 968 931 1046 Evangelia
956 969 1084 1046 citasse,
1104 968 1175 1048 quia
1196 977 1304 1046 textus,

63 1054 95 1116 hs
115 1053 300 1135 conscriptos
323 1061 502 1134 receperunt
523 1060 553 1113 et
571 1069 663 1114 sene-
704 1070 779 1132 quos
808 1053 923 1128 citant,
950 1071 1053 1118 amnas
1078 1053 1181 1114 saltem
1207 1053 1306 1133 quoad

64 1137 118 1200 rati
139 1145 229 1214 sunt,
249 1155 318 1200 cum
343 1137 407 1218 ipse
424 1153 509 1196 amur
526 1137 667 1216 proprius
704 1154 823 1198 sensnm
840 1136 870 1198 in
886 1136 1025 1215 genuinis
1038 1135 1073 1198 N.
1088 1135 1123 1200 t.
1140 1137 1224 1198 libris
1237 1156 1307 1198 con·

64 1236 112 1284 eos
131 1230 237 1284 cautos
259 1221 387 1283 reddere
401 1218 557 1297 debuerit,
576 1239 617 1282 ns
633 1220 663 1280 in
705 1218 848 1281 linantur.
865 1218 1023 1301 Perpcram
1038 1237 1156 1301 quoque
1171 1222 1307 1283 adversa·

62 1323 90 1368 rs
102 1315 160 1367 tara
172 1305 256 1383 graui
272 1305 494 1385 deciperemur.
508 1302 580 1367 Cum
595 1321 663 1380 ergo
705 1302 740 1364 rii
761 1321 918 1366 numerum
938 1304 1165 1382 Evangeliorum
1186 1305 1306 1386 spuriu-

63 1390 229 1470 quaeritur,
246 1408 319 1450 num
339 1387 408 1450 libri
426 1386 461 1450 N.
482 1387 517 1449 Τ.
538 1387 599 1450 sint
616 1406 666 1464 ge·
705 1406 770 1448 rum
794 1397 982 1467 exaggerant.
1009 1388 1082 1454 Nam
1107 1387 1306 1468 antiquissimi

62 1474 141 1535 ruini
156 1473 373 1555 Apostolorum
394 1472 510 1546 lactus,
527 1471 665 1534 meliores
705 1471 878 1552 scriptores,
898 1473 929 1537 S.
949 1473 1097 1553 ignotius,
1111 1473 1143 1537 S.
1163 1474 1306 1553 Poleour·

63 1557 146 1620 huius
163 1557 301 1618 ueritatis
321 1563 411 1617 testes
427 1575 485 1616 non
507 1554 663 1632 hahemus,
702 1573 772 1635 pus,
789 1557 821 1620 S.
839 1557 1068 1620 Cluniensilom.
1086 1567 1116 1619 st
1129 1557 1161 1621 S.
1176 1559 1308 1621 Iustimtr

65 1659 146 1722 quam
166 1641 284 1722 primos
302 1641 404 1700 lideles
424 1639 478 1702 hac
495 1639 526 1700 in
545 1657 575 1701 re
590 1657 664 1700 con·
705 1641 750 1705 Μ.
768 1639 887 1702 illorum
915 1659 1061 1721 nusquam
1087 1640 1306 1720 meminerunt,

63 1727 233 1800 sentientes,
248 1732 278 1785 el
293 1724 442 1804 praelatos
454 1723 547 1785 libros
561 1723 592 1784 in
603 1724 666 1784 suis
706 1723 841 1803 quamvis
856 1743 959 1786 omnes
974 1732 1004 1786 et
1016 1724 1164 1806 imprimis
1175 1727 1308 1790 htuiuut

64 1809 190 1889 publicis
205 1806 342 1870 coetibus
356 1825 425 1868 cum
440 1807 569 1869 maxima
583 1825 667 1869 reve·
707 1808 799 1868 multa
815 1808 985 1869 testimonia
1000 1827 1034 1870 ex
1051 1810 1128 1871 veris
1142 1809 1308 1888 Euangeliis

64 1893 154 1954 centia
171 1893 391 1974 praelegentes.
706 1891 888 1953 describant.
905 1892 938 1956 S.
954 1893 1095 1956 irenaeus
1109 1901 1237 1974 quatuor
1249 1894 1307 1956 lal-

102 1977 167 2041 Odt‘.
184 1976 217 2037 E.
233 1975 295 2037 Iam
316 1973 422 2055 primis
437 1974 589 2037 Ecclesiae
603 1995 669 2039 sae·
707 1994 807 2036 sorum
827 1975 1055 2053 Evangeliorum
1078 1977 1235 2054 meminit;
1256 1978 1307 2040 sed

69 2063 136 2122 colis
157 2061 254 2122 multa
273 2060 433 2121 extiterunt
445 2061 550 2140 *spuria
568 2061 668 2123 Eran—
708 2060 824 2135 asserit,
842 2079 876 2120 aa
891 2060 928 2122 ah
947 2060 1086 2122 omnibus
1104 2061 1245 2124 Ecclesiis
1257 2080 1307 2124 rc·

69 2145 140 2222 galis
159 2154 189 2204 et
205 2143 318 2224 scripta
334 2143 557 2224 Apostolorum,
573 2151 606 2206 ut
622 2147 667 2209 E·
709 2143 830 2223 pudiare
851 2163 932 2206 esse.
953 2146 1150 2208 Tertullianus
1175 2146 1225 2226 (ι)
1247 2145 1306 2208 iam

65 2223 200 2343 {congello
224 2227 267 2292 S:
281 2229 367 2290 Patri
380 2273 388 2301 ,
412 2227 444 2292 S.
469 2227 611 2306 Thomas,
634 2229 666 2293 S.
709 2245 781 2288 usus
803 2236 848 2288 cst
871 2237 1045 2306 argumento
1065 2229 1308 2311 praescriptionis

67 2311 303 2388 Bartholomuei,
323 2311 438 2377 stou
452 2311 518 2374 hiae
535 2321 607 2388 cta,
621 2315 669 2378 E·
708 2310 745 2371 ad
773 2311 955 2392 probandam
984 2321 1151 2376 nostrorum
1180 2323 1308 2394 quatuor

66 2395 232 2480 crumilum
242 2396 386 2468 miletis,
399 2396 594 2475 Euuagolluat
603 2415 671 2477 pcr-
708 2394 933 2474 Evangeliorum
947 2397 1165 2459 auctoritatem.
1179 2399 1309 2462 Clemens

67 2479 200 2558 litationis
217 2488 277 2541 etc.
294 2479 435 2544 Nonnulli
454 2479 495 2540 25
514 2479 670 2542 huiusmo
707 2479 795 2541 Ales.
819 2479 878 2540 duo
897 2488 1012 2542 tantum
1031 2481 1189 2560 Evangelia
1207 2483 1307 2564 spuria

68 2563 97 2624 di
112 2563 215 2645 spuria
233 2563 394 2642 Evangelia
409 2573 597 2626 enumerarit.
618 2563 670 2626 ilis
709 2573 933 2639 cornmemorat,
950 2563 1140 2642 Evangelium
1159 2565 1309 2629 Hebraeo-

69 2664 152 2726 porro
165 2647 335 2724 Euangeliis
353 2647 445 2708 iidem
459 2646 575 2726 Patres,
591 2667 670 2728 quo·
709 2665 795 2721 rum,
810 2665 863 2708 seu
882 2646 1092 2728 interpolatum
1115 2649 1307 2728 Evangeliom

70 2730 671 2793 cumtostimoniisnuncenitunturohri-
709 2728 866 2807 Matthaei,
886 2739 916 2793 et
940 2732 1130 2810 Evangelium
1148 2734 1307 2815 Aegyptio-

70 2813 174 2890 stiani,
196 2824 338 2895 tanquam
358 2815 496 2894 genuinis
519 2815 565 2877 usi
586 2825 668 2894 sunt,
710 2833 789 2876 rum.
811 2813 953 2896 Origenes
976 2825 1086 2879 autern·
1102 2817 1148 2897 (E)
1174 2826 1308 2880 recenset

75 2906 100 2958 ct
115 2917 148 2960 ex
167 2899 241 2979 ipsis
261 2906 358 2960 textus
376 2898 516 2973 citarent3
532 2911 608 2980 quae
624 2909 670 2962 la·
710 2898 842 2978 quinque
860 2909 912 2962 aut
936 2919 987 2961 sex
1010 2901 1167 2978 Evangelia
1192 2901 1304 2982 spuria,

75 2999 136 3042 nen
156 2983 364 3063 postmodnm,
377 3001 477 3046 errore
496 2983 624 3060 detecto,
638 2993 670 3046 ut
710 3000 786 3061 quae
804 2982 841 3044 ab
861 2983 1017 3046 haereticis
1035 2984 1205 3065 compilata,
1223 2986 1308 3047 tlocci

78 3067 241 3147 apocrypha
257 3067 367 3128 reiecta
384 3075 463 3128 sunt.
484 3065 596 3129 Exinde
615 3088 669 3148 pa·
711 3065 848 3128 habenda
866 3077 894 3129 et
907 3067 1069 3130 reiicienda
1088 3087 1153 3130 esse
1167 3069 1249 3131 dicit.
1266 3069 1309 3130 Ex

77 3157 133 3224 tet,
152 3150 389 3232 suppositionem
416 3151 520 3233 primis
544 3153 671 3214 saeculis
712 3149 756 3210 his
771 3158 862 3231 patet,
880 3152 1018 3232 pleraque
1033 3151 1191 3230 Evangelia
1207 3154 1309 3237 spuria

77 3231 159 3296 lacile
175 3235 241 3296 lieri
261 3235 405 3314 potuisse.
694 3233 797 3295 ¹tertio
812 3234 930 3295 demum
946 3236 1065 3297 saeculo
1080 3235 1112 3296 in
1125 3238 1221 3299 lucem
1238 3255 1308 3318 pro·

111 3317 195 3397 Resp.
218 3317 324 3379 hlirum
348 3337 406 3378 non
427 3327 489 3394 est,
509 3327 671 3382 restantes
711 3317 801 3378 diisse
820 3319 1038 3380 haereticorum
1061 3339 1162 3401 opera,
1182 3322 1233 3404 qui
1252 3323 1308 3384 do·

77 3399 210 3464 aChristo
222 3403 347 3483 eiusque
359 3402 512 3482 discipulis
523 3414 669 3482 peractas,
711 3401 834 3464 utrinam
850 3403 998 3464 nascentis
1012 3403 1160 3467 Ecclesiae
1176 3423 1310 3471 corrum-

77 3503 146 3564 quae
162 3485 347 3548 christianae
362 3484 509 3563 Religioni
527 3486 669 3563 originem
712 3501 794 3564 pere,
812 3493 841 3546 el
856 3486 886 3546 in
904 3505 1025 3548 satorum
1044 3507 1178 3551 errorum
1198 3491 1308 3553 condr-

77 3567 672 3644 dederunt‚rnultorurncommovissescri-
711 3568 871 3630 mationem
895 3572 1019 3632 conficta
1037 3572 1245 3654 Apostolorum
1264 3585 1309 3637 te-

79 3651 160 3715 bsndi
185 3653 336 3728 studium,
355 3661 385 3714 et
402 3654 479 3714 inter
500 3652 553 3715 hos
572 3654 671 3734 plures
711 3653 851 3715 stimouia
876 3655 905 3715 in
930 3657 1034 3734 vulgus
1055 3677 1194 3737 spargere
1211 3661 1308 3720 conati

77 3754 131 3798 nou
147 3737 221 3799 satis
238 3745 406 3798 accuratam
421 3737 586 3798 instituisse
604 3757 672 3800 nar·
711 3747 790 3800 sont.
807 3736 919 3800 Verum
936 3758 1004 3800 cum
1023 3739 1133 3822 impuri
1151 3742 1180 3803 hi
1200 3743 1308 3804 erroris

78 3820 233 3898 rationem,
253 3821 290 3882 de
306 3820 416 3900 quihus
431 3820 547 3882 videtur
565 3819 596 3888 S.
613 3821 672 3884 hu-
711 3829 741 3880 et
769 3820 952 3898 ignorantiae
979 3825 1075 3888 foetus
1098 3845 1116 3888 a
1139 3825 1308 3890 christianis

78 3919 121 3976 cas
137 3904 220 3986 loqui
241 3923 306 3985 cap.
323 3903 353 3980 l,
369 3923 397 3967 v.
416 3905 446 3980 l,
462 3905 582 3968 dicensi
594 3907 671 3982 mn·
710 3903 821 3967 iruerint
846 3907 1010 3987 repudiati,
1031 3910 1124 3986 magis
1142 3909 1239 3970 adhuc
1255 3909 1307 3968 hr-

79 3987 153 4050 niunt
176 3989 294 4068 quidem
314 3989 402 4051 mrrltt'
419 3989 519 4051 asueti
532 3999 601 4054 arent
618 4007 669 4054 or·
711 3998 794 4049 mant
818 4007 954 4052 verorum
979 3991 1122 4053 librorum
1146 3992 1307 4054 auctorita·

78 4070 177 4138 diuers
200 4072 425 4147 narrationem,
445 4090 520 4150 qrtuc
536 4073 570 4134 iu
587 4075 671 4137 nohis
711 4074 1307 4155 tem3exindeeulmcognnscimus‚quam

79 4157 227 4234 compluas
242 4166 438 4232 suut,reruut
449 4165 520 4218 etc:
537 4159 670 4236 quamris
710 4157 788 4216 cauti
808 4166 837 4218 et
856 4158 1011 4234 diligentes
1026 4158 1178 4218 christiani
1198 4159 1309 4220 luerint

78 4240 208 4301 nonnulli
231 4249 346 4324 putent,
366 4259 433 4300 cunt
451 4240 487 4302 de
503 4239 671 4322 Evangeliis
709 4236 741 4300 in
759 4241 950 4321 expendenda
967 4242 1095 4319 genuina
1109 4241 1254 4307 librorum
1268 4245 1308 4306 il·

76 4394 83 4405 .
103 4339 136 4404 ‚lli
150 4345 199 4394 ut.
213 4349 228 4396 t
243 4357 264 4394 c.
279 4347 429 4394 tlmotouem.
568 4415 571 4421 ι
601 4337 603 4342 “
739 4348 849 4402 equom,
864 4347 917 4421 pp„
931 4337 981 4397 Lug
1259 4355 1261 4362 .
