2930 4736
209 183 272 246 ltlss
631 199 815 250 meoeocue
831 203 994 248 oenone„

172 280 332 361 figeretur,
352 281 456 346 saltem
475 281 570 346 donec
587 282 777 346 consentiens
817 280 919 344 turbas
938 288 1073 354 monent,
1092 277 1228 342 incautos
1248 276 1419 360 decipiunt,

172 374 252 428 totus
283 366 364 428 orbis
392 368 556 430 catholicus
586 368 775 432 reclamaret.
816 385 891 446 opus
909 375 1064 447 praeterea
1082 374 1145 442 est,
1164 375 1196 426 ut
1212 363 1349 428 Concilia
1371 365 1419 428 in·

171 447 344 512 Necessaria
359 469 430 532 ergo
447 471 505 516 non
522 460 568 515 est
580 450 777 514 infallibilitas
816 450 932 512 tendum
951 457 1162 526 convocentur,
1177 468 1237 530 quo
1251 466 1288 510 ex
1304 449 1419 512 multo-

173 534 778 618 singularibusEpiscopls,seorsimsum·
816 533 1418 613 rumcollatissuffr·agiis,atquesolemni
1458 551 1459 554 ’

172 619 250 702 ptis,
270 627 300 680 et
324 620 395 700 quia
420 619 500 684 lleus
524 621 588 683 sine
607 638 697 681 causa
716 637 775 679 non
816 618 998 682 adhaesione
1011 618 1048 680 ad
1063 617 1243 699 pontificiam
1261 617 1419 682 definitio-

137 735 139 740 ·
173 702 777 784 multiplicatmiracula,ideosinguliE-
817 721 883 764 nem
904 703 997 780 magis
1015 712 1146 785 patescat
1161 702 1251 764 totius
1264 701 1418 766 Ecclesiae

136 821 139 828 »
172 787 286 875 piscopi
302 787 475 851 inlallibiles
490 807 549 850 non
564 795 645 850 sunt.
664 786 775 850 Neces·
815 786 980 849 catholicae
997 787 1091 865 fides,
1110 805 1145 848 ac
1161 787 1205 848 rel
1224 795 1418 848 contumaces

75 867 77 879 '
172 871 252 934 saria
263 879 308 934 est
319 882 417 934 autem
433 870 773 946 inlallibilitasPrimati‚
815 872 933 934 lacilius
950 871 988 934 ad
1007 871 1149 932 unitatem
1169 880 1360 945 reuocentur,
1373 873 1417 933 rel

137 969 141 1032 ζ
176 963 206 1017 ει
218 955 267 1016 lric
279 955 346 1018 ideo
355 975 409 1037 per
418 956 622 1020 seinlallibilis
633 964 691 1032 est,
705 955 776 1036 quia
815 956 979 1018 solemnius
993 974 1095 1018 eorum
1111 953 1276 1036 pervicacia
1289 954 1417 1032 damne-

173 1037 306 1102 Clrristus
317 1040 348 1101 in
360 1039 775 1104 necessariisEcclesiaesuae
816 1047 874 1102 tur.
891 1038 1142 1102 Considerandum
1163 1057 1250 1119 porro
1265 1048 1325 1114 est,
1339 1041 1416 1118 quod

138 1168 141 1186 .
174 1142 234 1186 uon
257 1123 351 1196 deest.
815 1123 1005 1186 solidissimis
1016 1123 1136 1204 quidem
1149 1122 1336 1200 argumentis
1347 1143 1417 1205 pro-

138 1235 141 1244 ·
218 1205 283 1272 ont.
299 1207 330 1269 4.
347 1203 378 1272 Si
393 1205 530 1272 Pontifex
547 1226 579 1270 se
597 1208 661 1270 solo
680 1225 775 1289 quae·
815 1207 913 1282 betur,
927 1207 977 1269 sed
993 1216 1091 1269 tamen
1107 1207 1261 1268 delinitum
1276 1207 1348 1270 lrdei
1363 1209 1418 1270 do-

139 1306 142 1318 ’
173 1289 286 1353 stiones
301 1291 370 1353 lrdei
388 1291 501 1374 absque
517 1293 650 1372 periculo
666 1293 776 1355 erroris
814 1311 883 1370 pina
897 1310 956 1354 non
971 1292 1021 1367 sit,
1033 1290 1119 1354 Rom.
1130 1290 1304 1356 Pontificem
1319 1310 1357 1354 er
1369 1312 1419 1353 ca·

136 1403 139 1410 ·
174 1373 299 1438 delinire
324 1383 442 1460 potest,
462 1376 591 1453 trustra,
614 1376 675 1442 imo
699 1377 776 1440 male
817 1376 919 1440 tlredra
938 1377 1107 1457 loquentem
1131 1394 1164 1436 se
1184 1375 1248 1438 solo
1268 1375 1418 1438 inlallilri-

174 1457 306 1524 Concilio
337 1460 488 1540 generalia
519 1469 774 1539 convocarentur3
817 1461 874 1522 lem
890 1479 973 1524 esse:
994 1459 1192 1524 certissimum
1211 1468 1312 1520 autem
1332 1469 1362 1524 et
1381 1462 1418 1522 de
1459 1513 1460 1522 ,

174 1543 285 1606 frustra
299 1543 437 1606 immensi
452 1553 588 1626 sumptus
602 1545 718 1618 fierent,
732 1554 776 1607 at·
815 1545 872 1608 fide
890 1544 1069 1614 credendum
1084 1553 1140 1617 est,
1154 1543 1346 1606 definitiones
1361 1545 1418 1606 do·
1459 1563 1460 1622 j

174 1647 233 1710 que
245 1627 394 1690 Ecclesiae
404 1627 575 1692 Pastoribus
587 1630 649 1692 suis
661 1629 697 1691 ad
713 1631 777 1691 lon·
814 1630 956 1706 gmaticas
970 1628 1057 1692 Rom.
1073 1627 1225 1690 Pontificis
1242 1627 1419 1692 inlallibiles
1459 1695 1460 1698 ,

173 1730 243 1790 gum
261 1720 379 1792 tempus
400 1712 612 1792 spoliarentur.
630 1713 721 1794 Atqui
745 1713 775 1775 id
815 1731 892 1789 εεεε,
908 1714 933 1774 si
953 1713 1072 1776 accedat
1088 1711 1177 1774 totius
1189 1711 1343 1776 Ecclesiae
1356 1715 1418 1774 sire

174 1795 234 1858 dici
250 1795 365 1877 nequit,
377 1797 447 1878 quia
461 1797 584 1860 historia
598 1797 777 1862 ecelesiasti-
816 1797 845 1860 lu
861 1796 993 1862 Concilio
1007 1796 1162 1870 collectae,
1174 1794 1235 1858 sire
1247 1814 1301 1876 per
1312 1797 1416 1860 orbern

174 1898 210 1942 ca
224 1888 360 1954 testatur,
374 1890 476 1942 contra
491 1880 658 1945 haereticos
672 1881 775 1944 conci·
815 1881 966 1962 dispersae
988 1899 1173 1944 consensus:
1194 1879 1243 1942 lric
1260 1890 1363 1944 autern
1382 1901 1417 1944 o·

174 1963 215 2025 lia
229 1963 422 2026 oecumenica
437 1964 540 2027 habita
554 1965 774 2046 luisse,quam-
816 1967 908 2046 ptime
919 1965 1107 2044 cognoscitur
1119 1983 1171 2045 per
1181 1963 1314 2026 Consilia
1328 1985 1418 2028 necu-

173 2048 217 2110 rls
233 2047 291 2110 inm
310 2065 328 2109 a
344 2046 431 2113 Rern.
455 2047 649 2112 Pontificibus
671 2069 774 2112 eorum
816 2050 942 2125 rnenien,
957 2059 986 2112 ει
1001 2049 1067 2111 ideo
1083 2049 1157 2112 llaec
1167 2049 1312 2110 celebrari
1327 2067 1417 2131 saepe

175 2150 294 2195 errores
309 2131 442 2194 damnati
458 2132 582 2194 luerint.
598 2132 711 2195 Exinde
726 2153 776 2213 pa·
815 2135 1030 2210 necessarium,
1045 2135 1090 2196 vel
1104 2134 1209 2199 saltem
1222 2133 1416 2198 utilissimum

173 2223 229 2292 tet,
243 2216 274 2278 in
289 2215 421 2282 Ecclesia
439 2216 554 2278 lirmam
571 2225 601 2278 et
619 2218 775 2280 universa·
815 2227 869 2280 est.

173 2299 231 2362 lem
243 2300 463 2380 persuasionem
478 2319 537 2362 non
548 2299 799 2382 viguisse,quud
858 2299 1416 2366 Odi.5.lamS.Pctrnserraritinlule
1460 2378 1461 2382 Ἰ

173 2381 260 2446 Ilom.
280 2382 431 2446 Pontilicis
451 2383 638 2454 definitiones
662 2385 774 2448 inlelli-
815 2394 876 2448 tum
895 2385 1014 2467 quando
1034 2385 1149 2464 negarit
1167 2385 1315 2448 Clnistum
1337 2394 1415 2450 tenr-

174 2466 250 2542 ltiles
268 2475 297 2528 et
315 2466 532 2546 irrefragabiles
551 2468 621 2532 sint.
815 2489 886 2550 poro
905 2470 1071 2551 passionis,
1091 2479 1152 2532 tum
1171 2469 1292 2550 quando
1307 2470 1415 2534 Antio·
1460 2499 1461 2508 ι

215 2551 299 2630 desp.
314 2549 489 2632 detorqueri
506 2560 774 2632 potestargumen·
814 2555 898 2616 cltiae
922 2554 1088 2617 observarit
1111 2555 1236 2632 legalia,
1255 2565 1286 2618 et
1307 2554 1416 2618 Gentes
1460 2555 1461 2588 ³

174 2644 250 2700 tum.
267 2635 298 2696 Si
315 2635 448 2696 Ecclesia
466 2635 599 2716 dispersa
617 2647 665 2700 est·
684 2639 774 2700 inlal·
815 2640 912 2715 coegit
930 2638 1096 2713 iudaizare,
1116 2657 1175 2718 qua
1196 2638 1233 2700 de
1248 2657 1340 2704 causa
1360 2639 1416 2701 luit

173 2718 278 2800 libitis,
294 2719 373 2801 quod
389 2719 491 2800 utique
509 2720 547 2782 ab
562 2722 702 2784 omnibus
716 2722 773 2786 Ca·
814 2723 1013 2804 reprehensus
1030 2742 1048 2784 n
1065 2720 1096 2784 S.
1118 2721 1221 2784 Paulo.

174 2802 293 2866 tholicis
320 2803 498 2880 admittitur,
525 2804 635 2868 frustra
661 2824 773 2868 conro—
855 2808 940 2886 Reep.
954 2806 984 2868 ln
1000 2807 1083 2886 lapsu
1096 2805 1175 2870 Petri
1189 2806 1268 2868 nulla
1281 2806 1336 2868 luit
1347 2807 1415 2870 data

174 2895 281 2954 cantur
298 2885 430 2953 Concilio
452 2889 603 2965 generalia
624 2898 696 2965 etc.;
720 2890 771 2953 sed
814 2889 947 2953 delinitio
963 2891 1045 2966 fidei,
1064 2909 1130 2954 cum
1146 2889 1251 2953 Petrus
1265 2891 1302 2952 ad
1318 2893 1414 2954 atrrcil-

174 2971 252 3034 hanc
273 2973 516 3052 consequentiam
536 2992 625 3040 neruo
644 2973 773 3038 Tlreolo-
815 2976 871 3036 lam
892 2975 977 3040 etad
1001 2975 1246 3050 circumstantes,
1266 2993 1326 3038 non
1347 2995 1415 3039 rero

174 3073 277 3134 porum
298 3055 510 3118 catholicorum
537 3057 683 3124 admittit:
704 3076 773 3136 ergo
814 3059 851 3123 ad
866 3058 1026 3123 Ecclesiam
1044 3060 1132 3124 rerba
1148 3059 1301 3136 direxerit,
1318 3078 1414 3138 neque

174 3140 199 3202 si
212 3139 249 3200 ob
262 3138 502 3202 convocationem
511 3138 709 3204 Conciliornm
721 3161 774 3218 pe·
816 3152 886 3206 tuno
898 3143 1040 3224 temporis
1050 3142 1195 3206 rainerus
1211 3144 1267 3204 luit
1281 3153 1350 3206 actu
1365 3143 1416 3206 l‘e·

174 3224 319 3284 neralium
338 3224 439 3301 nepari
458 3225 561 3305 nequit
579 3225 775 3290 inlellilrilitas
816 3236 859 3289 tro
878 3230 1014 3306 collatum
1035 3247 1093 3292 non
1113 3237 1225 3307 poterat
1245 3245 1315 3306 ergo
1333 3228 1413 3308 loqui

174 3303 326 3370 Ecclesiae
344 3307 507 3388 dispersae,
527 3308 565 3372 ob
584 3309 708 3372 eandem
727 3321 774 3372 et·
814 3330 849 3372 en
867 3313 1025 3388 catlredrn,
1049 3331 1138 3394 quarn
1162 3311 1294 3378 notrdurn
1320 3312 1413 3374 lralte-

174 3388 234 3453 inm
257 3390 452 3454 infallibilitns
470 3393 621 3473 pontificia
640 3394 774 3473 neganda
816 3395 1071 3460 nar.-12nnns
1096 3395 1216 3477 quidem
1244 3395 1322 3472 luit,
1345 3413 1413 3458 cum

175 3484 306 3536 nonest.
324 3473 396 3536 Nam
412 3473 542 3538 Concilio
555 3479 706 3556 generalia
721 3499 774 3540 co·
810 3480 990 3544 Antiochiae
1016 3489 1274 3556 commoraretnr3
1301 3487 1344 3542 ast
1370 3480 1413 3542 ibi

174 3566 285 3636 guntur
303 3577 360 3619 non
380 3559 416 3619 ad
435 3559 625 3624 intrinsecam
649 3562 774 3641 dogma·
815 3563 959 3646 deliquit,
979 3572 1011 3626 ut
1032 3565 1122 3630 aits.
1144 3565 1330 3644 Artqrtstiattn
1349 3565 1411 3644 (l),

176 3642 243 3706 ticis
259 3641 386 3704 decretis
405 3643 461 3704 rim
481 3644 703 3720 conserendam,
723 3646 774 3710 sed
816 3667 832 3710 ι
851 3668 908 3710 non
930 3648 996 3710 falsi
1022 3649 1260 3730 praedicatione,
1279 3648 1330 3712 sed
1353 3646 1413 3712 int·

155 3801 159 3806 Ι
175 3725 211 3790 ad
232 3725 437 3792 auctoritatem
457 3727 649 3796 extrinsecam
670 3731 706 3792 lis
720 3731 775 3792 ad·
816 3734 952 3812 prudenti
971 3733 1205 3805 conversatione,
1220 3751 1236 3792 n
1253 3742 1410 3814 quatenns,

175 3809 399 3888 iiciertdam,ita
412 3813 602 3890 poscentibus
615 3833 710 3876 rerum
725 3815 776 3878 acl·
814 3817 1041 3882 advenientibus
1068 3816 1254 3881 Antiochiam
1284 3816 1414 3893 ludaeis,

174 3894 294 3958 iunctis.
306 3893 495 3972 cognatione
509 3898 587 3960 enim
599 3897 686 3961 Rom.
700 3897 776 3960 Pon·
815 3919 847 3962 so
871 3901 1074 3982 scrupulosius
1096 3901 1285 3967 subducebat
1303 3903 1414 3962 mensis

176 3980 287 4042 tilrcum
303 3979 490 4043 definitiones
506 3989 594 4044 totam
612 3983 682 4059 rim,
694 3997 775 4044 eant·
814 3983 975 4048 Gentilium
989 4005 1210 4056 conversorum,
1223 4005 1291 4046 curn
1306 3985 1415 4065 quilius

177 4082 234 4144 que
253 4065 414 4125 coactivam
440 4083 474 4126 ex
498 4083 530 4125 se
553 4065 680 4142 liabent,
701 4067 774 4130 adeo
815 4079 901 4131 antea
923 4070 1108 4143 conrivelrnt,
1129 4069 1273 4149 praebens
1295 4070 1350 4130 lroc
1368 4070 1414 4130 la-

177 4155 210 4206 ut
225 4166 311 4208 nemo
324 4166 390 4209 vere
402 4147 564 4210 catholicus
579 4149 615 4210 iis
631 4149 775 4212 obsistere
815 4163 861 4214 cto
877 4173 977 4216 ansam
994 4153 1109 4218 lrrrlaeis
1124 4163 1152 4216 et
1164 4151 1332 4216 Gentilibus
1345 4173 1414 4216 cre-

178 4230 271 4306 possit
283 4241 334 4292 aut
348 4231 500 4307 ret'ragari.
516 4229 622 4291 Verum
637 4251 703 4292 cum
719 4254 775 4293 no·
815 4237 916 4312 detuli,
932 4237 1212 4304 adltucnecessario
1229 4239 1416 4302 observantia

179 4322 296 4373 ratores
322 4314 365 4376 eis
392 4324 582 4393 contumaces
607 4315 773 4394 obsistunt,
845 4343 877 4401 (q
893 4344 934 4404 sp.
948 4346 963 4390 p
977 4347 1002 4392 et
1021 4346 1046 4392 qn
1060 4346 1306 4404 mmmmm
