2934 4736
177 190 239 254 310
594 205 777 253 aeconomus
794 195 956 249 summere

136 298 207 352 sunt
235 284 429 350 salutationes
453 282 587 366 epistolis
608 286 736 367 paulinis
776 291 898 354 ventur,
912 274 1041 340 interius
1069 271 1233 346 solvuntur,
1252 265 1326 332 dum
1340 267 1375 333 de
1453 355 1454 358 Ἴ

137 373 310 454 appositae,
326 379 446 450 totoque
463 371 588 451 epistota
609 372 646 432 ad
662 371 735 433 Pbi-
775 364 928 431 Ecclesiae
947 360 1059 424 iudicio
1075 358 1183 438 agitur.

136 457 299 520 lamonem.
322 489 363 502 -
380 453 471 516 liulto
497 453 590 532 magis
606 454 736 540 inspira·

137 541 212 603 tioni
233 538 351 602 diuinae
370 546 537 618 repugnant
558 538 641 615 alia,
660 556 736 619 qrrae
787 565 790 572 ⁴
963 527 1190 578 ARTICUWW

138 625 310 705 frequenter
331 623 363 684 in
387 622 542 702 scripturis
559 631 735 699 occurrunt,
813 637 849 685 no
860 638 884 684 s.
895 635 1030 694 empturos
1043 643 1136 680 eonon·
1149 634 1174 679 et
1189 629 1356 679 intentius·

137 727 166 770 e.
185 727 215 786 g.
229 725 382 770 sermones
395 705 548 767 bominum
561 705 734 786 impiorum,
1010 742 1041 818 ς.
1069 749 1143 796 Μ

137 791 304 866 mendacia,
323 789 538 869 blasphemiae,
555 791 735 868 calumniae,
917 787 920 796 '

139 893 216 958 quae
234 875 356 937 verbum
375 874 428 936 liei
442 891 507 935 esse
521 891 581 934 non
600 883 734 954 possunt.

178 960 264 1040 Hesp.
281 957 401 1019 llinima
414 975 549 1038 quaeque
561 958 592 1018 in
604 957 737 1040 Scriptu-
820 961 925 1026 conoe
943 956 1021 1018 idem
1035 964 1080 1018 est
1098 971 1132 1015 ac
1146 949 1260 1030 regula.
1275 945 1379 1020 Quan-

139 1062 185 1120 ra,
202 1043 244 1105 ait
260 1043 292 1106 S.
311 1043 511 1122 Hieronymus
526 1042 573 1122 (l)
588 1052 659 1104 sunt
676 1043 736 1104 lieo
778 1045 816 1108 do
834 1046 871 1106 do
898 1039 1058 1123 scripturis
1075 1036 1193 1116 agitur,
1214 1052 1268 1115 per
1285 1050 1380 1094 cano·

137 1127 309 1190 tribuenda:
330 1126 462 1188 eiusdem
477 1125 530 1187 liei
549 1145 637 1206 perra
654 1135 735 1204 sunt,
776 1148 844 1191 nem
864 1126 1040 1204 intelligitur
1061 1121 1197 1184 collectio
1217 1127 1247 1180 et
1264 1117 1380 1178 catalo-

142 1211 269 1274 cuiuset
283 1228 400 1288 magna,
417 1227 514 1290 neque
529 1211 605 1276 alius
619 1219 738 1273 estuer·
775 1233 830 1294 gus
848 1206 1005 1283 librorum,
1024 1206 1076 1288 qui
1095 1213 1236 1285 tanquam
1254 1201 1334 1262 sacri
1354 1208 1382 1262 et

139 1296 251 1371 mium,
281 1295 355 1356 alios
385 1295 563 1371 Angelorum
588 1295 735 1358 conditor.
777 1297 919 1358 divinitus
938 1291 1075 1374 inspirati
1094 1288 1253 1351 habentur.
1267 1313 1312 1334 ····-
1328 1283 1380 1346 Di·

139 1377 222 1452 Quae
243 1378 331 1442 nobis
352 1377 490 1440 ridentur
506 1379 592 1454 vilia,
610 1381 737 1441 utilitate
777 1381 855 1443 citur
876 1397 985 1454 canon,
1008 1385 1068 1437 tum
1084 1375 1156 1454 qnia
1169 1371 1245 1434 sacri
1262 1368 1380 1432 codices

139 1481 200 1526 non
218 1470 330 1524 carent:
351 1461 396 1523 uel
423 1462 502 1523 enim
531 1482 593 1524 rem
613 1464 739 1544 pingunt
778 1465 847 1528 iidei
870 1478 1046 1542 morumque
1070 1459 1173 1536 regula
1198 1463 1288 1532 sunt,
1318 1463 1381 1514 tum

139 1547 279 1621 vividius,
298 1553 328 1608 ct
352 1545 480 1608 nativam
499 1548 649 1628 quandum
672 1565 738 1610 ser·
779 1550 850 1632 quia
867 1547 1013 1610 eiusmodi
1032 1543 1124 1605 codex
1142 1540 1322 1604 auctoritaie
1336 1539 1381 1600 le-

139 1629 223 1694 moni
245 1638 405 1710 aspergunt
429 1631 671 1711 simplicitatem;
694 1632 739 1694 uel
778 1634 882 1712 gitima
903 1630 1056 1692 coniectus
1079 1626 1217 1688 fidelibus
1236 1632 1381 1704 tanquam

139 1715 243 1776 iuuant
254 1715 290 1776 ad
304 1715 658 1792 moruminstitutionem,
672 1735 738 1778 cum
779 1719 881 1796 regula
895 1715 1033 1789 dabatur,
1054 1719 1113 1792 qua
1129 1711 1221 1772 libros
1232 1727 1336 1768 sacros
1346 1707 1382 1768 ab

140 1807 274 1860 mutuam
290 1798 420 1860 fidelium
434 1800 681 1864 caritatemnobis
693 1819 742 1861 er·
780 1801 848 1865 aliis
864 1816 1019 1862 secernere
1038 1803 1185 1877 poterent.
1209 1792 1325 1854 Idcirco
1345 1793 1382 1852 li-

140 1882 281 1960 bibcant,
300 1891 330 1944 et
347 1882 479 1964 Apostoli
502 1884 637 1968 exemplo
665 1903 740 1964 pau·
781 1885 882 1962 bri,in
894 1883 1059 1959 catalogum
1072 1876 1383 1956 divinorumscripto·

140 1971 287 2049 pertatem
310 1974 340 2028 et
361 1985 386 2049 s,
418 1967 581 2031 litterarum
594 2037 597 2042 ¹
609 1969 740 2030 studium
781 1974 846 2032 rum
870 1967 968 2042 relati,
985 1964 1121 2029 ccuouict'
1138 1963 1341 2044 appellantur,
1355 1971 1384 2022 et

140 2049 351 2114 commendent
363 2051 393 2114 in
408 2052 511 2113 eodem
522 2052 687 2114 ministerio
699 2053 743 2114 le·
781 2055 812 2116 in
827 2051 1133 2135 proto-ccuouioosac
1149 2050 1383 2110 deutero-cono-

142 2134 330 2197 borentibus.
349 2171 391 2182 -
409 2134 463 2197 Ubi
483 2154 635 2198 sermones
656 2137 741 2218 impii
780 2135 1046 2202 uicosdiriduntur
1058 2133 1119 2213 (b),
1133 2151 1149 2192 a
1163 2130 1274 2212 quibus
1287 2148 1385 2192 secer·

140 2228 172 2282 et
188 2218 297 2281 similia
315 2229 542 2299 proponuntur,
562 2240 588 2282 s.
610 2221 741 2304 scripto·
782 2222 873 2285 nendi
887 2229 957 2281 eunt
971 2217 1038 2278 libri
1052 2215 1246 2290 ecelesiastici,
1263 2214 1315 2294 qui
1332 2233 1384 2276 au·

140 2309 189 2365 res
200 2321 260 2364 non
275 2322 309 2364 ex
321 2304 438 2384 propria
450 2305 598 2366 sententia
611 2305 742 2386 loquun-
782 2307 918 2368 ctoritate
932 2302 1087 2377 ecelesiae,
1099 2299 1255 2366 etsidivini
1265 2318 1325 2358 non
1341 2317 1384 2362 es·

140 2395 201 2464 tur,
215 2387 266 2449 sed
285 2387 491 2449 historicorum
508 2408 589 2451 inore
603 2408 650 2464 ea,
666 2407 742 2470 quae
782 2399 864 2466 sent,
886 2387 1016 2471 praelegi
1034 2394 1132 2448 tamen
1155 2385 1185 2444 in
1204 2382 1334 2464 publicis
1352 2385 1382 2444 ir·

140 2473 342 2550 contigerunt,
362 2471 506 2550 referunt,
523 2472 674 2554 inquibus
690 2492 742 2536 ve·
782 2475 891 2538 delium
907 2471 1042 2534 coetibus
1054 2475 1202 2550 poterant,
1215 2475 1382 2548 etopocrp-

141 2557 215 2618 ritas
239 2555 392 2618 relationis
410 2557 571 2618 amenitate
597 2567 627 2619 et
651 2557 742 2618 boni·
777 2561 843 2640 piei,
864 2556 967 2638 quales
985 2555 1115 2635 primum
1137 2561 1222 2614 erant
1240 2551 1311 2614 libri
1330 2570 1383 2612 oc·

140 2648 203 2702 tate
220 2640 291 2701 dicti
310 2640 355 2701 uel
379 2639 448 2702 iacti
466 2641 581 2702 secerni
598 2641 744 2703 debet.··-
782 2639 1076 2720 cultamsapientiam
1089 2637 1289 2712 contineutcS,
1306 2645 1385 2716 post-

141 2723 375 2806 lmprecationes
394 2733 424 2786 et
442 2725 599 2786 maledicte
624 2724 743 2806 proprie
783 2747 819 2788 ea
842 2734 940 2787 autem
958 2724 1049 2798 iales,
1065 2722 1116 2802 qui
1139 2723 1184 2782 vel
1203 2720 1241 2781 ob
1259 2720 1382 2781 dubiam

142 2818 253 2885 sumta,
274 2827 351 2889 quae
370 2808 510 2870 hincinde
534 2810 692 2890 praecipue
712 2807 742 2869 io
784 2809 981 2884 authentiam,
996 2807 1040 2867 vel
1061 2806 1099 2867 ob
1118 2812 1328 2882 argumentum
1348 2805 1384 2866 ab

140 2891 266 2955 Psalmis
276 2902 304 2955 et
316 2893 440 2954 Proletis
451 2892 602 2970 leguntur,
613 2902 684 2954 sunt
698 2893 743 2954 vel
783 2894 887 2956 usibus
905 2891 1032 2974 publicis
1059 2889 1247 2951 arcebantur.
1268 2885 1385 2970 Operae

142 2976 361 3038 admonitiones
373 2985 401 3038 et
413 2977 631 3057 increpationes
653 2977 743 3038 velte·
784 2979 842 3039 iam
866 2976 993 3058 pretium
1010 2981 1055 3034 est
1073 2983 1106 3034 ut
1124 2973 1223 3054 aliqua
1242 2971 1280 3032 de
1295 2991 1385 3034 cano-

143 3061 350 3124 mentioresex
367 3061 428 3123 selo
442 3070 471 3122 et
489 3057 611 3122 caritate
631 3061 667 3121 ad
684 3079 745 3122 ma·
784 3081 821 3124 ne
837 3070 898 3124 tum
917 3061 1112 3132 ludaeorum,
1133 3067 1193 3118 turn
1216 3055 1385 3120 catholico·

141 3143 492 3224 lorumemeudationem
506 3145 648 3225 prolatae,
666 3163 743 3225 qua·
783 3165 864 3221 rcus,
883 3153 945 3206 tum
960 3143 1197 3206 Acotbolicomcm
1214 3142 1367 3202 dicautur.

143 3228 187 3290 les
210 3228 300 3290 etiam
319 3228 350 3288 in
365 3229 531 3306 Evangeliis
542 3228 742 3310 reperiuntur,
827 3229 856 3290 i.
871 3229 934 3290 Non
950 3235 1075 3301 cunstat,
1092 3226 1188 3307 quatis
1203 3236 1273 3286 ante
1291 3226 1385 3306 copti-

142 3312 188 3373 uel
222 3321 292 3374 sunt
324 3312 560 3393 impendentium
596 3313 743 3375 malorum
784 3310 1126 3392 vitatambabylooicam
1145 3328 1240 3370 canon
1260 3307 1382 3370 ludaico·

98 3425 100 3429 ·
143 3395 379 3478 praedictionem
395 3395 538 3458 Hebraeis
555 3396 634 3460 enim
654 3397 743 3458 lami·
785 3416 850 3458 rum
863 3397 965 3458 luerit.
982 3395 1100 3457 Certum
1115 3401 1171 3471 eet,
1188 3394 1283 3455 libros
1299 3394 1383 3474 quin·

143 3481 219 3542 liare
237 3480 538 3560 erat,utimperativo
553 3481 598 3542 uel
615 3482 744 3562 optativo
785 3500 843 3562 que
860 3479 977 3562 Moysis,
994 3479 1030 3540 ad
1049 3481 1126 3540 latus
1141 3497 1227 3539 arcae
1247 3477 1386 3538 recondi·

145 3565 234 3626 modo
253 3573 407 3626 uteremur
425 3582 479 3644 pro
499 3564 598 3626 iuturo
611 3574 760 3645 tempore*
786 3575 848 3640 tos,
868 3584 923 3626 ceu
945 3581 1045 3626 sacros
1071 3572 1101 3624 et
1118 3562 1233 3622 divinos
1266 3561 1385 3624 babitus

143 3655 175 3712 et
193 3647 334 3709 vicissim.
353 3683 396 3698 --
413 3647 493 3710 ldem
507 3649 542 3709 ad
564 3652 744 3730 propositam
785 3649 896 3724 luisse,
909 3646 988 3729 quod
1002 3657 1063 3708 tum
1076 3665 1111 3706 ex
1128 3645 1230 3719 baut,
1249 3645 1340 3708 losue
1358 3655 1386 3706 et

145 3732 347 3795 difficultatem
360 3741 559 3814 reposuerunt
570 3731 744 3808 SS.Patras,
784 3731 902 3812 lReg.,
920 3741 981 3794 tum
1003 3749 1039 3791 ex
1056 3748 1203 3791 consensu
1220 3728 1385 3794 Samarita-

145 3827 179 3879 ut
196 3817 229 3881 S.
254 3817 453 3897 Hieronymus
467 3817 527 3898 (ᾖ),
546 3817 579 3881 S.
598 3818 746 3898 Attpustt'-
786 3835 892 3880 uorum
912 3815 1071 3900 colligitur.
1091 3812 1294 3875 Pentatlrouco
1312 3814 1386 3875 alios

144 3919 202 3965 uus
221 3903 287 3983 (3),
307 3901 338 3966 S.
356 3901 489 3965 Basilius
501 3901 562 3982 (l),
580 3902 613 3966 S.
632 3903 746 3982 Grecos»
785 3900 879 3964 libros
891 3899 1058 3974 ilistoricos,
1076 3898 1265 3978 propheticos
1279 3906 1311 3959 et
1326 3917 1386 3958 mo·

144 3988 211 4050 rius
223 3989 268 4052 M.
283 3986 343 4068 (5).
361 3985 565 4060 Difficultates,
583 4003 661 4065 quac
679 4005 748 4051 con·
786 3987 865 4046 celes
883 3984 1062 4060 accessisse,
1077 4001 1112 4043 ex
1127 3981 1309 4043 Ecclesiaste
1321 3980 1384 4056 llll,

144 4077 191 4132 tra
209 4080 416 4150 argumentum
438 4069 669 4132 ecclesiasticum
693 4087 745 4130 seu
785 4071 819 4144 e,
838 4068 963 4150 aliisque
979 4066 1180 4128 monumentis
1198 4075 1291 4152 patet.
1307 4065 1386 4126 lutor

145 4165 250 4216 contra
272 4154 423 4216 Ecclesiae
445 4153 652 4215 auctoritatem
679 4171 747 4214 mo·
786 4153 859 4214 istos
874 4169 993 4233 quoque
1011 4150 1104 4216 libros
1116 4151 1201 4212 multi
1214 4151 1260 4212 uel
1279 4150 1318 4212 ob
1336 4169 1386 4212 uu·

177 4286 209 4344 (l)
224 4286 249 4330 ln
265 4287 352 4344 prodm.
368 4285 399 4332 ad
414 4283 513 4332 rnrrem.
700 4310 702 4320 ·
777 4269 781 4276 ⁵
816 4285 849 4342 ib)
863 4285 887 4331 ln
904 4285 939 4332 le.
953 4245 1004 4333 27.ι
1152 4285 1184 4344 ib)
1198 4283 1248 4332 Lib.
1263 4284 1293 4330 tt
1306 4279 1384 4330 Murci
1414 4322 1432 4346 ⁸,

177 4345 335 4405 (illudet.
512 4339 690 4400 (illalum.
816 4343 1019 4418 (utillime

893 854 911 902 t
926 855 960 904 ue
975 837 997 900 ὲ.
1012 852 1145 912 scripturae
1159 859 1261 898 canone.
