2934 4736
199 134 262 198 llo
609 151 793 198 rnoooocuuc
815 149 978 198 osnentrns

158 241 288 308 cessent,
305 231 359 296 sed
376 230 447 314 quia
465 233 553 314 pleno
571 233 621 295 lux
637 231 765 294 Revela·
846 229 879 293 l.
899 227 986 300 Ratio
998 248 1051 311 por
1068 229 1155 292 idem
1175 229 1327 293 illustrato
1341 249 1424 294 ean·
1462 271 1463 278 κ

159 315 251 380 tionis
273 334 326 398 per
343 315 491 380 Christum
519 317 670 383 oderenda
687 323 763 378 erat.
806 312 873 376 dem
892 315 1046 376 veritatem
1059 315 1224 377 consumat.
1235 315 1310 377 Nam
1324 313 1352 376 si
1365 315 1427 377 lle-

158 398 230 463 Ideo
254 399 363 464 Paulus
386 402 434 482 (l)
454 401 570 464 scribit:
602 401 656 465 tttt
685 401 767 464 uertit
805 397 876 477 ligio
891 397 1052 462 christiana
1064 397 1229 462 absolutam
1249 399 1424 482 perlectio-

157 485 309 564 pleuitudo
331 486 481 565 temporis,
502 486 584 550 misit
605 487 684 550 uem
709 485 766 550 nt·
806 501 875 546 nem
891 501 951 546 non
966 479 1102 560 haberet,
1118 483 1324 546 sedsuceessu
1339 491 1426 546 tem·

160 569 236 632 lium
252 586 339 634 utum
355 569 469 648 sottum
486 587 524 634 ec
545 570 686 646 muliere,
715 571 765 650 so·
807 565 889 648 poris
907 566 1067 647 perfectior
1082 565 1167 629 reddi
1189 576 1303 648 posset,
1320 587 1424 629 uuum
1462 601 1463 604 =

160 660 240 716 ctum
256 654 311 716 cult
333 654 404 734 leco.
426 653 462 716 Et
475 653 537 734 (ils
559 653 595 718 lu
613 653 765 733 dtspemc-
806 669 842 714 etr
867 650 915 712 lois
935 649 1055 714 motus
1080 648 1299 712 admittendum
1322 660 1423 728 osset,

158 737 239 802 tione
259 737 456 818 plenitudinis
473 747 638 817 temporum
660 736 767 816 (soluit
807 735 851 798 vel
866 733 1015 798 Christum
1036 742 1066 796 et
1077 734 1235 816 Apostolos
1251 735 1423 815 perlectam

159 818 252 900 Deus)
275 821 450 886 iudouroro
464 822 568 886 omnio
585 821 619 884 iu
634 821 764 898 Cltritto,
806 818 971 882 doctrinam
990 817 1156 902 ignorasse,
1182 819 1227 880 vei
1246 837 1298 880 eos
1324 819 1422 880 istam

44 957 48 966 .
160 921 235 983 quoe
249 905 282 968 t'a
301 906 399 982 coelis,
414 912 444 967 et
455 921 529 985 quoe
541 907 575 970 itt
590 913 764 982 reuocant,
807 901 979 966 hominibus
995 901 1112 964 tradere
1124 901 1267 964 noluisse.
1289 900 1422 965 Utrum-

158 989 286 1068 inipso.
307 989 344 1052 Et
363 989 471 1052 iterum
498 990 546 1069 (3)
573 989 625 1066 ait,
650 989 765 1052 doctri·
805 1005 865 1068 quo
882 993 981 1050 autem
992 984 1287 1063 laisum,altsurdum
1304 995 1337 1048 et
1354 987 1423 1049 lola-
1462 1017 1463 1032 2

159 1090 228 1134 uano
248 1071 355 1136 Christi
371 1091 424 1154 per
435 1072 592 1154 Apostolos
606 1073 767 1136 annuntia·
805 1070 964 1151 sphemum
983 1077 1038 1132 est.
1051 1068 1125 1130 Nom
1140 1069 1275 1132 Christus
1292 1080 1340 1132 est
1351 1071 1421 1152 ipsc

159 1155 197 1232 ri,
221 1163 254 1217 nt
274 1173 466 1220 occurremus
489 1174 591 1220 omnes
608 1158 642 1219 io
661 1157 765 1220 uredo·
806 1153 899 1218 Filius
925 1153 979 1218 Dei
1004 1152 1187 1231 unigenitus,
1206 1155 1241 1216 in
1258 1171 1316 1233 quo
1343 1165 1421 1218 steort
1462 1177 1463 1212 ς

160 1247 217 1302 tem
235 1241 317 1322 fidei,
334 1249 361 1302 et
377 1241 540 1320 acuitiouis
557 1240 632 1306 Filii
648 1241 715 1317 Dei,
731 1242 766 1304 iu
805 1255 908 1302 omues
920 1237 1053 1306 tltescrtri
1060 1238 1223 1318 sapientior
1234 1247 1260 1301 ct
1272 1240 1422 1303 etaetatioe

159 1324 259 1387 cirum
274 1324 457 1403 perfectum,
470 1325 504 1386 io
521 1341 694 1388 mcaaurom
711 1343 764 1388 uc·
804 1321 979 1386 absconditi:
992 1329 1151 1400 ergocerte
1163 1323 1420 1402 perfectissimam
1462 1355 1463 1376 o

159 1409 229 1472 tutia
240 1408 438 1488 plenitudinis
462 1409 585 1472 Christi.
605 1406 719 1480 Quibus
733 1409 765 1472 in
801 1407 909 1470 salutis
927 1405 1091 1468 doctrinam
1108 1423 1167 1467 non
1181 1404 1336 1484 ignorarit,
1358 1408 1421 1470 sed

158 1491 256 1553 verbis
273 1490 383 1554 Paulus
401 1492 495 1554 utitur
509 1492 718 1566 similitudine,
734 1501 765 1556 et
804 1488 1019 1572 perfectissime
1041 1487 1190 1566 cognonit.
1217 1488 1353 1552 Christus
1370 1501 1420 1556 est
1462 1559 1463 1562 Ἴ

158 1575 241 1637 dicit:
262 1575 765 1640 sicutnaturalishomosuamlra-
804 1583 903 1638 autem
922 1573 1012 1636 etiam
1033 1569 1213 1653 Redemptor
1238 1573 1417 1654 hominum,

158 1657 209 1720 bet
227 1677 410 1736 mensuram,
436 1679 490 1724 seu
515 1668 641 1728 aetatem
663 1669 763 1724 motu-
804 1659 856 1740 qui
873 1658 1019 1738 sepalam
1036 1657 1129 1732 olom,
1150 1659 1419 1735 etocritotero,st
1462 1667 1463 1734 ξ

158 1760 220 1804 sam
235 1750 264 1805 et
286 1753 428 1806 staturam
445 1746 576 1825 plenam,
590 1763 678 1826 quam
694 1763 765 1806 con·
803 1743 895 1806 citone
912 1742 1064 1823 protessus
1079 1749 1124 1802 est
1139 1740 1199 1822 (5),
1215 1741 1266 1822 qui
1284 1750 1418 1806 testatus

157 1836 354 1894 secutusmon
374 1828 501 1910 amplius
520 1830 637 1908 cresci13
661 1828 703 1890 ita
721 1835 764 1892 ct·
801 1835 861 1903 est,
884 1845 915 1890 sc
936 1826 978 1888 od
998 1825 1051 1887 ltoc
1069 1823 1179 1886 occure
1196 1825 1231 1886 t'tt
1247 1828 1413 1904 arcadum,
1462 1859 1463 1900 5

158 1910 218 1972 iam
238 1911 403 1992 spiritualis
423 1913 510 1974 lromo
525 1931 579 1994 per
595 1912 762 1976 doctrinam
803 1908 1418 1992 atrautnootnmperttterctcomoedos·
1462 1909 1463 1980 l

157 1993 264 2058 Christi
289 2014 343 2077 per
369 1997 527 2078 Apostolos
555 1997 761 2059 annuntiatam
801 2013 889 2075 uatem
914 2009 1133 2069 oeruceutctts,
1152 1993 1276 2055 edvium
1295 1995 1352 2056 Dei
1381 1998 1418 2058 to
1462 1995 1463 2076 l

158 2078 287 2160 acquirit
308 2099 392 2142 suam
414 2082 520 2144 aetatis
545 2090 574 2144 et
597 2081 762 2163 plenilunii·
803 2081 926 2144 ueritate
938 2079 1050 2148 doecre,
1061 2077 1125 2156 ipsi
1136 2073 1249 2138 inimici
1259 2078 1417 2141 testificati
1462 2077 1463 2160 l

157 2163 204 2226 nis
224 2181 407 2241 mensnram,
428 2165 533 2240 idest,
562 2183 646 2226 snam
665 2173 762 2228 statu·
803 2171 884 2242 sunt,
906 2163 958 2244 qui
975 2160 1113 2222 homines
1129 2160 1164 2236 od
1183 2177 1417 2243 summomper-
1462 2161 1463 2234 i

156 2249 361 2328 remplenam,
375 2256 500 2310 aetatem
511 2257 763 2312 maturamsoam-
802 2247 961 2310 lectionem
980 2243 1281 2325 tendereiussitffl),
1304 2248 1360 2326 qui
1382 2266 1416 2309 se

158 2349 215 2412 que
231 2331 461 2412 plenitudinem,
478 2333 591 2396 scilicet
605 2333 764 2414 perfectio·
803 2331 965 2394 eorundem
981 2331 1090 2392 lotorem
1103 2335 1252 2408 pastorem
1267 2331 1416 2392 nomina-
1462 2333 1463 2402 l

158 2434 226 2477 nem
248 2415 316 2478 [idei
341 2423 372 2477 et
396 2417 582 2495 dilectionis,
602 2419 644 2479 ita
669 2426 703 2480 ut
726 2437 762 2480 o-
803 2418 856 2494 uit,
879 2415 931 2497 qui
949 2415 1083 2478 unimam
1100 2430 1185 2474 cotom
1206 2414 1258 2476 dot
1266 2431 1327 2492 pro
1340 2417 1415 2478 ooi-

157 2499 236 2560 mnis
254 2518 329 2561 noro
346 2497 544 2562 Revelationis
560 2501 695 2564 doctrina
709 2521 762 2566 ex·
804 2501 857 2564 ltus
873 2499 935 2562 sut's
955 2499 1015 2578 (8),
1035 2505 1065 2558 et
1085 2497 1138 2576 qui
1164 2495 1230 2557 idco
1259 2499 1354 2576 venit,
1379 2510 1415 2563 ott
1462 2503 1463 2538 r

147 2583 306 2658 cludatur,
325 2601 486 2665 perquam
507 2585 649 2666 perfectio
668 2586 763 2648 maior
802 2586 898 2651 odunt·
912 2584 1057 2656 ¹ltcltccttt,
1082 2587 1110 2642 et
1131 2581 1330 2644 consumuntur
1359 2584 1415 2647 lto·
1462 2623 1463 2648 t

157 2666 196 2730 sit
211 2667 402 2749 acquirendo.
418 2667 495 2730 Hinc
512 2669 591 2733 idem
605 2669 762 2750 Apostolos
802 2671 888 2732 tecm
907 2668 966 2748 (9).
991 2663 1063 2737 Quis
1087 2664 1209 2746 audebit
1229 2665 1340 2742 dicere,
1362 2677 1412 2729 tu-

158 2769 296 2832 orpressc
324 2761 423 2829 negat,
456 2771 549 2817 norae
574 2753 763 2816 revelationis
801 2748 1414 2830 lemRedemptoremperfectissimamdo·
1462 2757 1463 2828 t

158 2831 1463 2926 doeMmmmmmmofflmmmmm-cfflMmmmmmssQOnwmaell

157 2937 202 2996 se,
219 2918 279 2982 icoo
294 2918 336 2980 illi
356 2919 514 2982 anathema
532 2920 616 2996 dicit,
633 2921 762 3000 quino-
802 2919 947 2982 —Porro
970 2916 1119 2998 quomodo
1134 2916 1223 2977 statui
1241 2923 1350 2998 potest,
1368 2921 1411 2982 t·

157 3021 224 3064 vem
252 3002 430 3078 doctrinam,
451 3003 535 3084 quasi
552 3003 694 3066 divinitus
712 3023 763 3066 rc·
803 3004 934 3085 postolos
952 3001 1116 3063 doctrinam
1131 2997 1240 3062 Cirristi
1255 3014 1411 3064 assecutos
1435 3039 1440 3052 ·

156 3087 252 3148 uelata
264 3095 353 3161 esset,
370 3088 542 3167 praedicare
556 3105 764 3169 proesumpoe·
798 3108 862 3151 ‘uon
882 3085 986 3160 luisse,
1005 3094 1057 3148 aut
1074 3083 1246 3146 homiuibus
1265 3104 1332 3146 eam
1350 3105 1410 3147 aa·
1462 3113 1463 3174 p

156 3169 207 3232 rit.
239 3169 288 3233 Ait
318 3171 396 3232 enim
428 3170 498 3251 (l):
519 3173 579 3236 Sed
605 3173 669 3234 licet
694 3191 760 3250 atos,
804 3168 1096 3244 nuntiarenoluisse,
1110 3186 1176 3228 cum
1191 3168 1286 3249 etipsi
1303 3167 1409 3246 Legati
1462 3175 1463 3218 l

157 3261 210 3316 oct
225 3253 359 3334 Ampelos
372 3255 407 3318 de
423 3256 500 3318 cocto
517 3257 696 3336 cooupelilct
709 3274 761 3318 oo·
803 3254 1026 3329 diriniiuorint,
1040 3253 1071 3314 in
1083 3251 1252 3314 uniuersum
1262 3254 1408 3316 mundum

159 3337 214 3412 lats,
238 3347 449 3417 praeterquam
475 3342 552 3418 quod
571 3339 762 3420 montpelizo-
802 3338 1089 3415 missi.,utdoccocrtt
1103 3337 1215 3412 catcio,
1229 3337 1409 3415 nuncto-t-
1462 3345 1463 3408 ἶ

157 3420 256 3484 vimus
281 3422 383 3498 cotis,
414 3425 572 3486 ottutlrontu
603 3425 653 3486 sit.
681 3425 762 3488 Sicut
802 3432 865 3486 stus
882 3421 1035 3485 accudecit
1050 3419 1132 3500 (10),
1146 3437 1213 3480 cum
1228 3421 1296 3481 ideo
1310 3419 1407 3502 Spiri·
1462 3465 1463 3488 2

155 3505 361 3585 praedicuturos
376 3551 384 3581 ,
402 3515 429 3568 et
451 3524 531 3570 curto
552 3509 663 3570 iterum
684 3509 761 3572 dico:
804 3516 835 3570 tu
854 3505 884 3569 S.
903 3504 1009 3588 repleti
1022 3503 1133 3566 luerint
1150 3503 1217 3584 (ll)
1230 3505 1281 3584 qui
1294 3507 1406 3567 cosdo-
1462 3573 1463 3580 ἶ

157 3589 185 3650 si
210 3589 276 3666 occis
300 3590 379 3651 coto
407 3589 657 3670 ecutrpclirurcrit
676 3610 763 3672 proe-¹
802 3599 878 3655 erret
896 3607 1013 3652 onoraeot
1036 3589 1187 3652 ceritatem
1210 3587 1277 3669 (tu)
1294 3596 1323 3651 ct
1340 3607 1407 3669 sup·
1462 3599 1463 3668 l

157 3681 202 3735 ter
214 3672 259 3748 id,
274 3674 351 3751 quod
368 3674 526 3752 recepistis,
543 3677 700 3740 utaotltemc
711 3677 759 3739 sit.
801 3683 916 3758 pcrcrct
932 3674 1044 3748 omorio,
1068 3691 1181 3753 quaea
1202 3671 1341 3750 Magistro
1358 3674 1407 3734 di·

156 3755 235 3818 Haec
254 3755 414 3838 Apostolus
432 3757 561 3820 scribere
574 3779 632 3822 non
646 3760 762 3840 potuis·
802 3760 870 3822 nino
889 3759 962 3841 ipsis
980 3757 1127 3838 patefacta
1154 3757 1272 3817 lucrant
1286 3757 1360 3838 (13)
1379 3766 1407 3818 et

157 3848 215 3918 set,
236 3840 259 3902 si
279 3839 394 3919 Religio
410 3841 571 3904 eluistiana
593 3843 762 3907 Revelotio·
805 3845 854 3926 uui
882 3861 965 3904 suom
992 3840 1260 3903 extraordinariam
1285 3841 1404 3901 missio-

160 3925 207 3986 nis
229 3925 304 4004 apex
323 3933 353 3986 et
373 3927 623 4006 complementum
641 3948 699 3990 oon
718 3948 763 3991 es·
803 3947 871 3990 uem
891 3927 1020 3989 ditinum
1038 3923 1124 3986 iactis
1142 3923 1250 3986 diuinis
1279 3925 1405 3988 duoon-
1462 3959 1463 3974 2

157 4019 213 4084 set,
237 4007 290 4070 sed
320 4027 396 4071 nova
423 4011 563 4074 revelatio
582 4015 763 4094 expectando
834 4048 864 4109 f„
880 4049 911 4094 1,
928 4049 964 4102 tr,
979 4051 1002 4094 ,3
1122 4048 1152 4107 (ὓ)
1169 4046 1202 4094 p,
1220 4049 1254 4106 ,Q
1275 4047 1308 4095 15,

157 4092 245 4155 foret.
832 4108 1045 4167 turonorum.
1118 4107 1199 4286 {ntro
1217 4106 1251 4163 tn,
1271 4105 1305 4154 tt.

1129 4165 1366 4226 oeconomorum.
1462 4143 1463 4204 ἶ

1132 4227 1165 4286 tat
1181 4226 1214 4271 ro.
1229 4225 1266 4286 to,
1280 4225 1321 4274 to.

189 4219 221 4276 tt)
236 4223 287 4267 uu.
302 4223 324 4282 t,
339 4225 362 4270 t.
483 4225 514 4284 (2)
531 4226 614 4285 optes.
630 4226 652 4287 t,
667 4224 704 4272 to.
833 4168 867 4286 5¹⁰⁴
874 4167 946 4281 ’11ka
960 4167 1016 4284 22¹⁴

189 4277 219 4338 tot
235 4280 294 4326 roro.
307 4283 328 4341 t,
344 4283 382 4332 ts.
482 4287 513 4344 ttt
529 4287 577 4332 oar.
592 4286 614 4345 t,
630 4289 644 4332 s
659 4286 704 4332 etc.
834 4285 881 4342 tte)
897 4285 946 4332 totu
969 4285 1008 4346 tt,
1018 4283 1054 4333 ut.
