2918 4734
94 159 98 164 ·
185 145 247 208 l50
588 163 774 211 renoscens
790 161 953 208 onnnnanrs

143 248 295 318 enarrant,
316 261 404 324 quem
425 244 523 326 prouti
545 245 744 322 contigemnt.¹
786 239 922 304 terrimas
937 235 1090 300 defraudo
1103 235 1391 317 et'deceptioneac·

143 322 748 412 Constatantem,discipulosChristi,ela·
786 323 956 388 cusatioues
974 320 1182 401 grauioresque
1202 317 1387 402 persecutio·

144 409 747 494 psisiampluribuspostmortemeiusan·
786 427 839 471 nes
864 405 1023 470 subeundi.
1053 402 1187 475 Quodsi
1210 405 1331 485 quidam
1354 420 1388 464 ex

143 492 746 578 nis,Erangeliascripsisse,quotempore
786 487 1390 574 simplicitateautexaliacausalalsade

143 596 202 638 non
217 580 350 640 omnium
364 597 441 660 qnae
453 581 638 660 contigerant
654 598 744 640 accu-
785 575 901 639 Christo
923 573 1147 655 publicassent,
1172 572 1228 652 ipsi
1254 567 1387 653 Apostli

143 671 235 722 ratam
246 662 380 724 notitiam
397 663 508 726 habere
527 673 675 745 poterant.
694 661 746 724 His
785 660 844 723 illis
858 658 1048 734 restitissent,
1058 666 1087 719 et
1098 656 1274 719 traditiones
1287 673 1390 718 carru·

142 745 268 823 accedit,
288 748 366 826 quod
394 748 472 810 lacta
490 747 610 816 Christi,
632 755 664 808 ut
679 747 745 808 steri
785 754 850 826 ptas
865 744 895 804 in
910 742 973 805 suis
990 740 1109 822 scriptis
1124 759 1182 802 non
1205 740 1389 822 recepissent

142 831 234 906 solet,
251 848 304 913 per
319 831 527 912 loquacitatem
542 831 698 894 hominum
716 840 745 892 ct
785 829 837 892 sed
856 827 1071 901 correxissent,
1091 823 1162 906 qaia
1184 824 1305 888 nonnisi
1320 842 1389 886 vera

142 913 275 977 lallacern
295 915 484 977 traditionem
500 915 542 976 ita
560 923 698 994 corrupta
716 923 746 977 et
786 929 909 974 narrare
927 911 1083 972 voluerunt
1111 917 1144 972 ut
1167 909 1256 972 inodo
1277 908 1389 992 proha·

141 998 292 1078 perraria
317 999 457 1060 adiuncta
485 1007 660 1078 exaggerata
677 999 744 1060 luc·
786 995 877 1059 bitur.
1208 1019 1229 1050 υ

141 1091 221 1159 runt,
245 1091 277 1143 ut
297 1084 372 1144 mira
390 1093 420 1145 et
441 1085 588 1164 stupenda
605 1083 745 1148 rideren-
811 1121 814 1128 ·
1044 1125 1155 1196 μθ,

141 1165 281 1228 tur.Tali
299 1185 389 1248 porro
413 1167 565 1231 traditioni
587 1175 745 1247 corruptae
1048 1235 1052 1246 ¹
1138 1161 1147 1179 ’

141 1250 369 1333 rudeshpostoli
380 1251 504 1313 sidentes
517 1251 683 1319 necessario
696 1249 747 1312 de·
872 1236 898 1282 ¹¹·
915 1237 1024 1282 ⁸⁰⁰¹⁰³⁶⁸
1037 1233 1151 1346 trararpm
1159 1234 1233 1348 Ν·
1249 1246 1306 1282 “³⁸

141 1335 217 1414 cepti
237 1335 370 1411 luerunt,
395 1344 425 1397 et
442 1335 515 1396 salsa
546 1337 743 1416 protulerunt.
967 1313 1062 1348 narcara
1077 1312 1158 1347 *⁰⁰⁰³
1177 1314 1209 1346 ‘¹'

182 1419 267 1498 Resp.
282 1418 406 1480 Etiamsi
426 1419 557 1480 adivina
576 1419 745 1480 assistentia
827 1415 979 1480 Veraeitas
995 1416 1024 1476 in
1045 1422 1120 1478 teste
1140 1413 1268 1496 supponi
1287 1412 1390 1494 debet,

140 1503 220 1583 (qua
247 1499 277 1563 S.
299 1500 462 1584 Scriptores
485 1503 610 1585 praediti
640 1503 744 1582 erant)
786 1503 881 1564 donec
896 1500 1079 1562 contrarium
1091 1499 1254 1560 evincatur.
1266 1496 1339 1561 Cum
1355 1517 1391 1560 e·
1449 1565 1450 1578 ,

140 1584 365 1662 abscindamus,
391 1588 468 1649 lacta
487 1596 609 1649 externa
626 1586 747 1668 publica
786 1586 848 1648 nim
874 1584 989 1648 homini
1009 1585 1129 1645 innatus
1146 1583 1185 1644 sit
1202 1583 1336 1644 veritatis
1354 1602 1391 1644 a·
1449 1627 1450 1630 ,

140 1671 675 1753 etextraordinariamApostolorum
685 1691 747 1734 me·
788 1689 862 1746 mor,
873 1669 1069 1731 extrinsecum
1084 1667 1235 1728 dumtaxat
1245 1667 1390 1728 motivum
1449 1713 1450 1748 p

141 1754 237 1816 moria
255 1755 391 1817 excidere
410 1774 470 1816 non
491 1763 636 1836 poterant,
656 1773 746 1836 prae·
787 1755 884 1835 ipsum
904 1752 940 1814 ad
961 1751 1115 1817 mendacia
1139 1750 1316 1832 proferenda
1340 1749 1390 1811 in-

139 1837 241 1898 sertim
252 1857 318 1898 cuns
330 1839 445 1919 absque
458 1839 551 1901 dnbio
562 1840 599 1901 de
613 1840 671 1901 illis
683 1859 748 1902 sae·
788 1840 890 1900 sseotit:
910 1837 968 1898 tate
986 1845 1085 1898 antem
1102 1835 1299 1896 extrinsecum
1323 1853 1391 1896 mo·

140 1921 262 2001 pissime
280 1932 341 1983 tum
361 1923 567 2001 cogitaverint,
588 1932 650 1984 tum
669 1925 747 1984 inter
788 1923 878 1983 tivum
904 1937 971 1982 cum
1001 1919 1108 1981 habeat
1133 1919 1278 1981 rationem
1298 1917 1388 1994 lacti,

139 2024 171 2066 se
190 2014 301 2067 etcum
321 2006 387 2068 aliis
403 2006 610 2070 disseruerint.
631 2005 696 2068 Mox
711 2027 745 2068 e·
787 2025 846 2067 non
867 2006 923 2066 iarn
941 2014 1052 2066 tentare
1067 2004 1193 2084 supponi
1213 2011 1322 2083 potest,
1338 2005 1390 2065 sed

140 2089 202 2149 nim
218 2098 285 2172 post
297 2090 503 2153 ascensionem
516 2089 625 2154 Christi
641 2092 671 2151 in
683 2110 749 2152 coe·
788 2090 890 2152 solidis
919 2089 1100 2166 argumentis
1130 2087 1249 2166 probari
1276 2088 1389 2162 dehet,

140 2172 201 2233 lum
229 2174 481 2254 praedicationem
509 2194 592 2237 suam
622 2175 746 2255 incepe-
787 2175 880 2254 quod,
893 2173 1161 2254 qoamdlunonsrt,
1177 2171 1336 2233 sinceritas
1348 2182 1389 2233 te-

139 2265 223 2332 runt,
246 2257 277 2318 in
304 2277 363 2338 qua
387 2278 445 2320 non
466 2260 561 2320 solum
581 2259 744 2320 doctrinam
787 2259 840 2319 stis
859 2257 1114 2319 admittendaest:
1133 2256 1174 2316 ita
1190 2256 1390 2317 cotnmuniter

138 2341 275 2420 magistri
294 2343 340 2402 sui
361 2344 559 2420 annuntiare,
582 2343 634 2404 sed
653 2343 687 2404 ad
708 2344 745 2405 st-
787 2338 1389 2421 PhilosophietTheologisentiunt.Pleno

138 2423 205 2486 dem
234 2425 265 2486 in
292 2425 440 2488 Christum
472 2427 656 2490 excitandam
682 2427 747 2489 eins
787 2423 1340 2503 iureigiturdeauctoribuslibrorum
1352 2423 1387 2485 N.
1450 2473 1451 2476 .

139 2508 283 2570 miracula
299 2509 412 2592 ubique
432 2520 502 2574 nota
521 2512 617 2572 lacere
630 2508 745 2572 dehue-
787 2509 821 2570 t.
838 2509 1038 2571 sinceritatem
1059 2505 1389 2588 praedicamus,‘donec
1450 2555 1451 2560 ,

137 2603 222 2669 ruer,
242 2592 315 2655 haec
335 2592 426 2672 igitur
444 2614 511 2657 cum
528 2594 591 2656 suis
614 2595 746 2656 circum·
787 2592 947 2655 adversarii
969 2611 1003 2653 ex
1026 2590 1164 2670 genuinis
1189 2593 1389 2653 monumentis

137 2676 257 2739 stantiis
275 2697 310 2738 ex
328 2697 431 2740 eorum
450 2677 592 2740 memoria
612 2678 673 2739 labi
686 2697 746 2740 non
788 2677 1123 2758 probaverint,illosexs
1147 2675 1388 2738 uriisrnotivisad

137 2770 289 2842 poterant.
309 2759 464 2824 Undenam
484 2770 584 2823 autem
598 2763 746 2824 increduli
787 2762 860 2823 salsa
878 2760 1057 2844 proterenda
1075 2695 1219 2822 addictos
1235 2759 1340 2822 luisse:
1359 2761 1388 2821 id

138 2844 249 2919 sciunt,
272 2846 459 2908 traditionem
474 2846 553 2907 circa
572 2845 747 2908 lactadhri·
787 2855 885 2907 autem
909 2863 1061 2926 nunqnam
1087 2843 1307 2925 probaverunt,
1335 2863 1389 2906 nec

137 2929 351 3011 sticorruptam
365 2929 748 3011 luisse,ethpostolosssean·
787 2928 914 3011 probare
937 2937 1087 3010 poterunt.
1115 2925 1216 2989 Firma
1242 2945 1314 3006 ergo
1333 2936 1389 2992 stat

139 3011 207 3074 dem
233 3013 404 3094 inscriptis
427 3014 490 3076 suis
516 3023 635 3075 secutos
658 3015 748 3076 osse‘?
788 3014 950 3094 propositio
970 3021 1081 3088 nostra,
1099 3012 1178 3092 quod
1197 3022 1336 3074 auctores
1354 3013 1390 3074 li·

115 3099 299 3176 ¹utrumque
319 3098 429 3160 lactum
451 3099 577 3176 tingunt,
599 3107 628 3159 et
652 3117 690 3160 ne
712 3117 748 3160 ex
786 3098 909 3160 brorum
927 3095 962 3158 N.
983 3095 1016 3158 Τ.
1040 3095 1159 3158 nonnisi
1179 3113 1248 3158 tera
1267 3115 1391 3160 narrare

117 3251 118 3256 γ
139 3180 744 3264 nrinimoquidemmonumentoprohant.
786 3183 953 3244 voluerunt.
966 3215 1007 3228 -·-
1021 3179 1093 3244 Cum
1113 3189 1211 3241 autem
1231 3188 1338 3258 agatur
1355 3183 1391 3243 de

115 3267 117 3276 ’
137 3262 163 3324 A
179 3262 266 3325 nobis
283 3266 381 3345 potius
406 3266 525 3328 ostendi
543 3275 651 3347 potest,
666 3267 744 3346 anod
787 3284 819 3327 re
837 3265 947 3326 summi
960 3264 1115 3340 momenti,
1135 3265 1388 3344 operaepretium

111 3400 114 3410 .
138 3346 366 3429 taliscorrnptio
378 3350 509 3411 fierinon
521 3349 745 3432 potuerit.Haec
787 3356 843 3426 est,
857 3357 890 3410 ut
902 3349 1007 3410 solidis
1025 3347 1210 3427 argumentis
1223 3349 1388 3410 eorundem

113 3485 114 3490 ,
138 3430 219 3490 enim
242 3442 322 3492 certe
344 3433 423 3494 lacta
442 3451 501 3494 non
531 3442 575 3496 cst
593 3454 610 3494 a
629 3434 746 3496 Iudaeis
786 3433 952 3497 Auctorem
976 3433 1118 3496 veracitas
1136 3431 1291 3511 probetur.
1312 3431 1390 3494 llaec

112 3545 116 3588 ;
139 3521 168 3575 et
186 3512 356 3577 Gentilibus
374 3517 425 3598 qui
444 3515 561 3580 Christo
585 3518 693 3580 inlensi
711 3536 755 3580 e-=
787 3526 885 3580 autem
895 3517 981 3598 plena
996 3516 1173 3578 certitudine
1187 3516 1389 3592 cognoscitur,

138 3608 217 3673 rant,
230 3606 259 3659 et
272 3598 341 3661 ideo
355 3600 420 3663 eius
431 3601 574 3664 miracula
585 3602 747 3664 obscurare
787 3602 848 3664 siva
866 3601 926 3681 ipsi
941 3603 1107 3681 scriptores,
1122 3599 1182 3661 sive
1200 3601 1391 3664 eorarmsrri·

115 3707 117 3710 ·
138 3682 353 3764 potius,quam
365 3703 540 3764 exaggerare
552 3687 650 3748 conati
663 3694 744 3748 sunt.
783 3694 837 3767 pto
855 3685 955 3747 debito
975 3685 1062 3754 modo
1080 3683 1319 3745 considerentur.

137 3765 374 3829 Christianorum
389 3778 487 3831 autem
498 3770 561 3852 qui,
576 3771 646 3832 dum
657 3770 745 3832 tidem
831 3771 862 3831 l.
882 3763 1027 3834 staacros
1044 3768 1218 3847 Scriptores,
1235 3767 1391 3849 Apostolos

114 3851 332 3913 christianam
360 3854 628 3935 amplecterentur,
650 3853 747 3934 pluri·
788 3862 817 3916 et
828 3853 1043 3932 Evangelistas,
1057 3851 1294 3929 consideramus,
1313 3853 1389 3914 mul·

138 3934 196 3996 mis
210 3954 241 3998 se
260 3938 522 4016 persecutionibus
540 3939 745 4018 exponebant,
788 3945 818 3999 ta
835 3944 906 3999 sont
927 3955 1003 4019 qttae
1023 3937 1185 3998 ostendunt
1209 3934 1291 4016 ipsos
1314 3955 1389 4000 non·

107 4044 114 4059 ⁴
134 4019 269 4096 maxime
286 4020 430 4083 interesse
444 4022 559 4098 debuit,
575 4030 609 4082 at
628 4021 747 4082 nonnisi
789 4021 846 4082 nisi
865 4040 933 4083 nera
953 4022 1095 4101 prolerre.
1115 4018 1187 4080 llam
1209 4020 1240 4081 1ο
1257 4019 1391 4102 plerique

133 4099 296 4164 lueritatem
315 4113 523 4184 sequerentur3
541 4115 631 4184 atque
647 4105 671 4164 si
691 4106 747 4165 lal-
788 4123 823 4167 ex
836 4107 908 4189 ipsis
924 4124 982 4167 non
1002 4122 1123 4184 sagaces
1134 4102 1319 4184 Philosophi,
1334 4123 1391 4166 non

138 4203 173 4246 sa
193 4186 338 4248 adiuncta
356 4206 424 4248 oum
440 4190 516 4249 veris
532 4189 746 4268 propalassent,
790 4209 895 4267 magno
911 4189 1088 4251 eruditionis
1103 4198 1133 4250 et
1150 4187 1329 4250 dialecticae
1343 4207 1391 4269 ap·

133 4269 751 4354 tmaximosepericuloexposuissent,de·
789 4271 1391 4356 paratuinstructi‚sedhominesptebeii,
