2930 4736
193 177 255 240 tet
608 190 792 242 moruorum
813 186 976 240 amramis

153 274 249 350 uerbo,
268 280 296 338 cl
313 270 459 336 doctrino.
483 270 559 336 llicit
571 272 653 336 enim
666 269 750 338 Scri·
790 276 843 338 ait:
863 293 880 336 c
900 270 1011 337 Omnes
1033 267 1213 352 Episcopum
1233 261 1401 348 sequimini

153 366 283 440 ptura...
310 359 418 437 dianus
435 365 475 418 est
499 358 653 436 operarius
669 376 750 421 rner-
792 366 826 422 ut
843 358 926 421 lesus
947 353 1081 420 Christus
1110 351 1252 427 Patrem,
1273 361 1305 412 et
1335 371 1404 433 pre·

154 443 219 505 cedo
235 459 291 504 atto
315 441 374 520 (ll.
403 437 507 502 Statim
532 449 631 501 autem
660 443 749 504 etiam
790 441 952 524 sbyterium
979 448 1012 502 ut
1039 437 1215 518 Apostolos,
1247 433 1404 498 Diaconos

155 525 300 587 monitum
316 523 411 586 addita
433 523 582 587 Adversas
598 525 751 606 Presbyte-
791 535 891 588 nutem
910 521 1118 595 revereamini,
1140 529 1173 583 ut
1195 519 1250 580 Dei
1274 521 1404 582 manda-

154 627 224 673 rum
236 609 450 672 accusationem
464 608 527 670 noli
540 608 680 688 recipcre,
692 611 754 674 nisi
786 621 869 673 tum.
893 629 908 670 o
929 607 966 670 Et
984 607 1032 689 (5)
1052 604 1167 668 scribit:
1187 624 1204 664 c
1223 603 1320 666 Decet
1335 605 1402 666 sin·

154 694 208 756 rud
222 693 346 768 duodus,
367 700 420 755 ortt
439 691 535 754 trtour
552 693 672 755 tactibus
690 694 749 774 (2).
791 695 876 772 gulos
895 699 1039 766 restrum,
1052 697 1081 751 et
1092 688 1253 770 praecipua
1267 686 1403 769 Presby-

154 775 215 838 llac
237 794 307 854 ergo
334 775 449 838 cautela
480 774 634 838 obseruata
657 773 754 858 potuit
791 786 883 853 teras,
903 775 1069 838 refocillare
1086 771 1269 852 Episcopum
1289 771 1325 833 iu
1346 772 1406 833 ho-*

154 859 328 922 Timotheus
345 859 435 920 etiam
461 858 601 920 advertus
624 859 752 942 Presby-
792 879 895 923 uorem
913 858 1010 921 Patris
1028 857 1095 920 lesu
1113 855 1240 932 Christi,
1269 864 1303 917 et
1325 856 1402 937 Apo-

155 953 251 1007 terum
271 941 491 1006 accusationem
506 943 650 1025 recipere,
670 954 699 1006 et
713 955 755 1006 te·
792 946 978 1007 stolorum.»
998 941 1034 1004 Et
1054 941 1100 1021 (b)
1120 940 1229 1020 inquit:
1252 959 1270 999 c
1290 938 1403 1002 Hortor

156 1036 217 1090 stes
234 1027 351 1104 audire,
369 1025 473 1107 utique
489 1045 549 1088 nou
576 1027 635 1088 alia
654 1047 689 1091 ex
706 1033 755 1090 ra·'
792 1047 855 1104 uos,
873 1036 907 1090 ut
924 1027 980 1088 boc
996 1027 1035 1088 sit
1054 1033 1184 1086 vestrum
1203 1023 1358 1100 studium,
1376 1025 1405 1085 in

154 1111 249 1184 tione,
271 1111 328 1172 nisi
347 1117 380 1172 ut
407 1109 506 1190 ipsum
530 1110 652 1190 iudicet,
679 1121 709 1174 et
726 1113 752 1175 si
792 1111 846 1176 Dei
864 1109 1025 1174 concordia
1043 1108 1144 1170 omnia
1162 1126 1262 1186 agere,
1277 1107 1406 1190 Episco-

149 1213 225 1256 'reus
240 1194 341 1270 luerit,
366 1193 481 1275 puniat,
499 1193 634 1275 adeoque
653 1215 752 1258 ueram
793 1216 831 1278 po
854 1194 1041 1282 praesidente
1059 1191 1112 1254 uei
1131 1193 1208 1269 loco,
1225 1200 1256 1254 et
1275 1190 1406 1274 Presby-

154 1278 391 1341 iurisdictionem
415 1287 561 1340 exerceat.
582 1277 654 1351 Quis
665 1279 755 1359 igitur
795 1281 867 1342 teris
884 1281 950 1341 loco
963 1285 1085 1340 senatus
1096 1275 1267 1355 apostolici,
1283 1285 1316 1338 et
1329 1273 1405 1339 Dia-
1440 1353 1443 1361 ²

156 1372 256 1440 neget,
276 1361 465 1424 Timotheum
483 1363 608 1425 caeteris
631 1363 754 1446 Presby-
793 1365 893 1440 conis,
906 1359 1182 1437 mibisuarissimis,
1195 1359 1310 1441 quibus
1322 1379 1405 1423 com·

155 1447 229 1509 teris
247 1447 432 1528 superiorem
451 1445 611 1508 luissei-
628 1447 754 1510 Domum
795 1448 918 1510 missum
934 1454 980 1508 est
997 1444 1195 1507 ministerium
1212 1443 1235 1505 l.
1254 1439 1401 1506 Christi.»
1422 1432 1425 1506 f

156 1529 189 1594 S.
206 1531 334 1594 loannes
356 1528 388 1590 iu
406 1527 582 1612 Apocalypsi
600 1531 630 1592 in
649 1531 754 1594 Eccle·
794 1531 878 1594 quta
890 1529 920 1593 S.
938 1529 1083 1607 Ignatium
1100 1546 1170 1605 ergo
1185 1528 1359 1609 Episcopus
1372 1530 1403 1590 in
1419 1539 1425 1570 ¹

156 1615 210 1676 siis
227 1611 477 1676 eminentioribus
495 1633 587 1676 unum
603 1623 756 1697 nuncupat
794 1615 928 1678 Ecclesia
942 1613 1091 1696 praesidet
1105 1611 1305 1693 Presbyteris,
1325 1613 1404 1674 sicut

155 1697 317 1777 Amyclam,
337 1696 374 1758 ad
393 1715 481 1776 quem
500 1697 633 1778 Epistola
650 1699 755 1778 dirigi·
794 1698 927 1762 Christus
946 1700 977 1759 in
997 1705 1075 1759 terra
1099 1696 1249 1776 praesidet
1269 1696 1403 1777 Aposto-

157 1791 218 1846 tur.
236 1781 373 1842 llubitari
387 1788 486 1842 autem
505 1781 584 1844 haud
600 1791 710 1865 potest,
725 1784 755 1845 in
795 1784 843 1845 lis.
864 1818 907 1832 ·-
923 1782 1056 1847 comens
1075 1780 1165 1844 Alea.
1186 1780 1234 1861 (7)
1254 1781 1311 1842 ait:
1337 1780 1402 1842 clu

156 1865 300 1928 Ecclesiis
328 1863 394 1926 istis
422 1865 481 1925 iam
509 1867 668 1948 praeclaris
686 1868 755 1948 plu·
795 1865 929 1930 Ecclesia
969 1863 1258 1943 regressionessunt
1277 1864 1404 1945 Episco-

156 1968 207 2012 res
223 1947 397 2012 Sacerdotes
406 1948 549 2026 extitisse,
563 1950 643 2032 quod
660 1971 695 2013 ex
712 1951 758 2013 di·
796 1969 917 2032 porum,
937 1885 1185 2030 dresbyterorun
1205 1956 1235 2010 et
1255 1948 1404 2014 diacono·

156 2036 214 2096 ctis
234 2042 351 2096 constat
374 2033 411 2094 de
436 2033 570 2096 Ecclesia
590 2034 754 2115 Ephesiua,
796 2053 875 2096 rum.
888 2034 1164 2096 o-—Tcrtullioaus
1174 2032 1221 2113 (8)
1230 2029 1404 2094 aitzcllan·

157 2136 235 2200 quae
252 2125 297 2178 est
311 2115 400 2178 etiam
414 2134 473 2179 una
485 2135 520 2179 ex
539 2127 653 2199 septem
672 2119 702 2180 in
714 2119 756 2180 A·
796 2119 827 2180 di
857 2117 1037 2200 baptismum
1067 2117 1114 2177 ius
1144 2116 1234 2177 babet
1263 2136 1402 2178 summus

157 2201 309 2282 pocalypsi
336 2201 587 2262 commemoratis.
614 2201 673 2264 Cur
700 2220 757 2264 au-
796 2200 952 2277 Sacerdos,
969 2201 1020 2281 qui
1036 2199 1269 2281 estEpiscopos,
1290 2201 1401 2263 debinc

157 2294 217 2346 tem
234 2302 313 2345 unus
329 2301 383 2364 per
399 2285 635 2351 antonomasiam
653 2285 757 2367 Anye-
796 2285 962 2366 Presbyteri
975 2293 1004 2346 et
1015 2283 1149 2360 [liaconi‚
1168 2303 1227 2348 noa
1250 2295 1351 2346 tamen
1364 2285 1401 2345 si·

157 2369 217 2444 luc,
248 2385 301 2428 seu
327 2367 450 2429 nuntius
479 2368 533 2431 [lei
563 2369 759 2432 nominatur?
797 2389 835 2432 ne
847 2369 985 2466 Episcopi
998 2368 1257 2432 auctoritates&
1272 2370 1401 2451 Chr-yro-

157 2449 312 2524 Quomodo
321 2451 446 2530 intelligi
455 2452 611 2532 potuisset,
625 2454 660 2516 ad
669 2473 758 2536 quem
796 2463 907 2518 stomin
925 2455 972 2534 (9)
992 2453 1117 2535 loquens
1131 2453 1167 2514 de
1183 2461 1332 2533 potestate
1350 2472 1399 2514 or-

156 2537 284 2618 epistola
307 2535 421 2596 directa
439 2537 489 2611 sit,
513 2537 538 2598 si
558 2555 661 2600 omnes
689 2537 759 2600 Pre-
797 2538 876 2599 dinis
903 2537 1021 2618 inquit:
1044 2557 1059 2598 a
1080 2536 1162 2598 luter
1186 2537 1353 2619 Episcopus
1371 2545 1399 2598 et

157 2619 268 2701 sbyteri
286 2618 344 2681 sibi
363 2620 504 2699 aequales
525 2621 667 2684 luissent?
680 2641 758 2688 noue
797 2619 1190 2702 Presbyterosuonrnultum
1206 2621 1401 2699 interest3so·

159 2723 198 2766 ue
217 2705 281 2784 ipsa
293 2703 419 2778 monita,
431 2703 462 2764 iu
477 2703 618 2786 Epistolis
637 2715 760 2768 conten·
798 2707 827 2768 la
840 2703 1216 2785 ordination‘e‘superiores
1227 2705 1272 2767 illi
1284 2716 1365 2768 sunt.
1382 2727 1396 2765 r

159 2796 191 2850 ta
220 2788 304 2850 irrita
323 2787 468 2865 luissent,
488 2788 513 2849 si
533 2808 586 2870 per
614 2791 757 2867 Angelum
798 2789 879 2852 ldem
891 2789 964 2851 dicit
978 2789 1011 2852 S.
1022 2790 1237 2869 Hieronymus,
1259 2791 1313 2872 qui
1332 2790 1397 2870 (to)

159 2891 221 2934 non
247 2890 325 2933 unus
354 2871 384 2932 in
413 2871 548 2935 Ecclesia
577 2873 756 2955 Episcopus,
798 2873 914 2936 scribit:
937 2893 953 2936 ι
978 2871 1054 2943 Quid
1076 2872 1159 2950 iacit,
1178 2884 1303 2955 excepta
1322 2874 1398 2934 ordi-

158 2955 343 3037 Presbyteris
368 2956 549 3019 eminentior
575 2957 758 3037 intelligere·
798 2959 933 3034 natione,
948 2956 1126 3038 Episcopus,
1137 2957 1217 3037 quod
1235 2977 1296 3025 uon
1312 2958 1399 3020 iaciat

158 3040 225 3101 tur‘t
242 3073 285 3085 -
798 3041 980 3124 Presbyter?
998 3075 1041 3087 -
1058 3059 1162 3102 ornnes
1188 3040 1398 3121 Apostolomm

200 3125 231 3186 Ξ.
253 3123 418 3187 lliscrimen
443 3124 521 3186 inter
548 3123 711 3205 Episcopus
728 3131 758 3186 et
797 3143 985 3187 successores
1006 3131 1075 3186 sunt
1101 3124 1266 3203 ›(soilicot
1281 3126 1314 3187 in
1332 3127 1399 3188 reli·

156 3206 348 3288 Presbyteros
366 3209 396 3268 in
423 3207 556 3270 Ecclesia
584 3227 703 3290 semper
729 3217 758 3270 et
797 3209 888 3291 liquis
904 3207 1399 3292 sacramentisconterendis,quia

158 3291 271 3371 ubique
282 3292 413 3368 agnitum
433 3292 499 3354 luit.
520 3291 665 3354 Constans
684 3293 758 3354 haec
798 3293 830 3354 in
847 3291 966 3357 Oriente
981 3292 1156 3372 Presbyteri
1167 3292 1258 3353 etiam
1275 3295 1312 3354 ad
1329 3295 1398 3355 dan·

159 3375 279 3436 traditio
302 3385 436 3456 apparet:
465 3376 495 3456 a)
523 3393 558 3436 ex
576 3377 630 3440 88.
654 3377 759 3439 Potri-
799 3377 866 3438 dam
882 3375 1143 3440 confirmationem
1160 3376 1289 3456 delegati
1303 3379 1406 3458 sunt).‘

159 3461 222 3522 bots.
236 3456 309 3518 Nam
328 3461 359 3522 S.
382 3460 514 3524 Clentens
531 3461 616 3522 Rom.
637 3460 684 3541 (3)
704 3462 756 3522 ait:
798 3460 878 3523 Alibi
893 3469 991 3522 tamen
1011 3457 1041 3521 S.
1054 3459 1250 3541 Hieronymus
1267 3469 1397 3544 potesta-

154 3555 178 3605 ἰ
198 3540 319 3603 Summo
333 3541 485 3606 Sacerdoti
511 3563 564 3604 soa
583 3545 685 3606 munia
704 3545 758 3605 tri·
799 3555 858 3606 tem
878 3543 1074 3610 confirmandi
1092 3543 1332 3626 solisEpiscopis
1347 3545 1396 3607 ad·

160 3627 234 3689 buta
260 3635 350 3702 sunt,
378 3635 408 3687 et
435 3625 646 3691 Sacerdotibus
677 3628 761 3692 locus
800 3628 923 3690 iudicat:
944 3628 986 3690 ait
1000 3628 1079 3690 enim
1093 3627 1173 3708 (ll):
1188 3628 1253 3690 ‹ad
1268 3649 1333 3706 eos,
1350 3629 1397 3710 qui

161 3709 301 3793 proprius
327 3709 494 3786 assignatus
522 3720 584 3789 est,
604 3720 634 3774 et
650 3710 761 3774 Levitis
801 3731 853 3794 per
869 3712 1070 3794 Presbyteros,
1090 3719 1120 3774 et
1133 3711 1283 3774 Diaconos
1301 3713 1397 3795 bapti·

154 3801 215 3857 'sua
238 3795 338 3856 munia
361 3793 666 3858 incumbunt.›—ld
682 3796 761 3876 quod
799 3795 857 3858 zati
876 3804 956 3873 sunt,
977 3795 1142 3877 Episcopus
1161 3814 1284 3857 manum
1300 3797 1396 3878 impo-

160 3879 315 3958 analogice
333 3877 370 3938 ad
385 3876 520 3939 ordinem
543 3878 761 3942 hierarchicum
801 3881 914 3942 siturus
940 3888 1085 3942 excurrat.
1122 3899 1137 3940 a
1169 3877 1251 3942 ltlem
1279 3878 1310 3942 S.
1340 3881 1397 3942 llo·

153 3959 196 4032 ῘΝ.
211 3962 245 4026 Τ.
260 3962 436 4044 applicatur.
451 3962 484 4026 8.
501 3963 636 4043 lynutiuu
654 3965 698 4030 Μ.
714 3964 761 4046 (A)
801 3974 866 4026 otor
883 3965 964 4046 (ld),
982 3982 1072 4043 egens
1089 3962 1126 4025 de
1145 3963 1301 4062 mansione
1314 3975 1399 4026 sexta

133 4086 140 4104 ι
203 4083 475 4146 intermortuus,
537 4082 703 4144 (armata
833 4084 1042 4144 pluasuonc
1100 4083 1407 4144 (syuucoopaem

199 4146 223 4196 ὅ)
238 4145 263 4190 ln
278 4145 319 4204 Ep.
334 4145 343 4190 l
357 4144 387 4190 ad
403 4143 509 4190 corinth.
831 4145 864 4199 (9)
880 4143 947 4190 Hom.
962 4143 985 4189 tt
1002 4145 1025 4188 ln
1041 4142 1050 4190 l
1065 4142 1124 4190 Tlm.

201 4203 222 4258 tl
239 4204 264 4249 ln
279 4203 349 4261 Eplst.
364 4204 394 4250 ad
409 4205 498 4262 Smyrn.
513 4213 535 4248 c.
547 4201 571 4247 8.
831 4203 878 4260 (llll
895 4202 965 4262 Epist.
980 4202 1010 4248 nd
1024 4201 1173 4260 Evtrugelum.

193 4261 224 4313 (5)
241 4262 264 4304 tn
281 4261 353 4318 liplst.
369 4262 398 4308 ad
414 4263 544 4309 Trallianos
558 4271 579 4305 e.
596 4259 632 4307 ta
757 4267 763 4276 ·
834 4261 880 4320 (tt)
897 4263 956 4307 lllol.
970 4273 995 4307 e.
1005 4260 1079 4307 Lucil.

195 4316 224 4376 (6)
240 4319 265 4362 lu
280 4319 350 4379 Epist.
365 4321 395 4366 ad
411 4323 510 4380 manes.
524 4332 546 4366 o.
560 4321 584 4368 6,
835 4320 881 4379 (Ιῖ)
897 4319 1012 4381 aplanus
1028 4320 1058 4367 etl
1073 4319 1198 4367 rubratam.
