2918 4734
444 170 518 218 raas
536 172 567 219 u.
583 171 686 218 suerro
702 171 724 218 r.
744 173 838 222 carun
855 175 877 220 1.
1174 133 1232 221 ³9l
1329 153 1333 164 '

251 264 379 324 carun
403 269 427 322 ι.
680 247 812 310 continet
830 267 879 312 reu
891 257 990 329 gestas
1004 249 1106 332 populi
1123 249 1277 313 israeliticr

124 371 560 426 „mmmmm
649 392 651 398 ,
680 341 813 400 emente
826 332 932 414 idopsis
949 353 1045 416 usque
1060 335 1095 396 ad
1115 344 1240 396 mortem
1253 333 1279 396 i·

53 441 57 448 ”
251 451 432 490 „mum
648 413 978 498 lffipsiualusua,qucm
995 435 1049 501 per
1067 419 1213 481 llauuos
1228 435 1279 500 po·

289 550 320 622 ς·
341 557 394 604 u·
601 507 605 514 '
651 567 653 572 ,
682 500 783 579 pulum
806 501 935 579 rexisse,
950 502 1118 566 communis
1139 503 1195 564 lert
1213 503 1279 584 upi-

681 583 744 646 nio.
757 582 846 650 Liber
852 586 989 650 luditum
996 586 1091 648 refert
1102 593 1210 648 statum
1223 587 1278 648 rei·

88 663 162 731 Libri
177 667 287 732 ueteris
295 667 479 731 Testamenti
491 666 581 734 dividi
596 686 644 734 ao·
682 667 820 748 publicae
837 667 1038 735 Israelitarum
1056 669 1112 731 sub
1130 669 1281 731 lodicibus.

54 752 147 815 lentiu
166 754 288 834 leucha
301 753 643 834 turonmnrcptcmto-
683 760 808 814 emorte
820 751 1053 835 losueusquead
1066 751 1283 815 mortemSam·
1339 827 1340 832 γ

54 835 551 929 leutproplteticos..lleecdivisiua
560 853 644 918 pree-
683 835 777 914 aonis3
790 835 820 898 et
837 837 904 900 ideo
922 837 1129 917 complectitur
1147 837 1206 898 :tlt
1225 855 1281 897 an-

54 922 127 1002 clpua
145 920 286 996 materia,
300 939 391 1002 quent
406 928 599 1004 pertractant,
615 927 645 981 et
684 936 789 982 norum
809 919 975 985 historiam.
986 919 1076 984 Liber
1087 922 1103 983 l
1112 920 1281 1000 Repende·

54 1005 234 1087 aprincipeli
252 1005 324 1082 line,
340 1004 378 1068 ad
395 1023 483 1088 quem
498 1003 643 1080 tendunt,
684 1003 786 1068 scribit
801 1019 848 1064 res
859 1013 955 1082 gestas
970 1004 1025 1067 sub
1040 1004 1191 1066 iudicibus
1205 1003 1281 1080 Heli,

55 1088 201 1171 desumpta
220 1096 284 1167 est3
304 1089 439 1170 quemuis
462 1087 564 1166 negari
584 1105 644 1152 nou
685 1095 714 1150 et
731 1085 881 1164 samuele
897 1107 952 1154 nec
965 1108 1025 1150 uun
1043 1088 1098 1150 sub
1114 1086 1193 1167 Rege
1205 1085 1282 1150 Sau-

55 1174 152 1253 posit,
172 1174 239 1235 lere
257 1173 288 1234 in
306 1172 446 1236 ominibus
464 1171 548 1233 libris
566 1172 645 1252 leges
684 1173 730 1234 le:
753 1169 843 1236 Liber
860 1173 894 1236 ll
906 1173 1019 1254 Rapum
1036 1181 1136 1234 narret
1161 1191 1209 1233 ras
1230 1190 1283 1249 gu-

55 1255 159 1320 dirinas
178 1257 319 1340 proponi,
339 1256 416 1318 iacta
431 1255 576 1331 enarrari,
591 1273 644 1316 ve·
685 1263 745 1318 stas
764 1274 781 1316 a
799 1264 894 1321 morte
912 1254 1009 1320 Saulis
1023 1275 1117 1336 usque
1141 1257 1177 1317 ad
1195 1257 1283 1318 fluam

54 1341 318 1420 ritatesreligiosaa
340 1340 513 1424 pertractari
529 1385 538 1414 ‚
553 1339 645 1402 immo
686 1339 768 1418 regni
778 1339 907 1402 Doridis:
920 1339 1032 1404 -Liber
1043 1341 1286 1421 Illllcpuutcon-

54 1425 133 1485 eliam
163 1425 306 1488 uaticinia
336 1424 480 1504 quaedam
507 1422 644 1505 proferri,
688 1423 923 1489 tinethistoriam
935 1424 1018 1502 regui
1029 1421 1207 1499 Salomonis,
1218 1441 1286 1484 uer·

55 1507 123 1570 llaec
142 1521 217 1588 ergo
235 1507 339 1568 divisio
358 1527 418 1569 uon
437 1508 467 1569 in
484 1507 580 1586 rigore
600 1507 647 1568 lo·
688 1515 733 1572 rat
744 1507 915 1569 scissionem
927 1506 1221 1589 posterorumlecubi
1231 1507 1285 1569 sub

53 1592 126 1668 picae
156 1591 344 1672 accipienda,
368 1592 417 1652 sed
437 1599 469 1653 ut
491 1591 649 1653 commoda
689 1590 841 1654 Roboemo
857 1592 886 1654 in
907 1591 965 1657 duo
983 1611 1093 1670 regna,
1114 1600 1143 1654 et
1174 1591 1286 1653 descri-

54 1675 195 1738 librorum
215 1677 246 1736 iu
262 1677 370 1737 classes
387 1675 556 1737 distributio
574 1693 649 1736 cou·
690 1675 733 1738 bit
747 1693 794 1738 rea
811 1684 909 1752 gestas
926 1683 1055 1756 quatuor
1069 1675 1181 1753 Regum
1200 1675 1284 1752 Iuda,

54 1760 221 1838 siderauda,
238 1767 327 1840 atque
345 1758 473 1822 breviter
486 1760 649 1842 explenen-
691 1767 720 1822 et
735 1767 801 1822 octo
814 1757 926 1837 Regum
943 1759 1045 1822 lsrael.
1064 1757 1154 1822 hiber
1170 1761 1216 1824 lV
1229 1760 1285 1822 lle·

55 1845 87 1907 da
103 1853 160 1907 est.
710 1861 762 1906 urm
779 1844 910 1910 continet
936 1843 1089 1906 historiam
1118 1844 1155 1906 lb
1174 1842 1286 1921 Regum

94 1926 653 2023 l.Lihrilepalrssuntquinquemem·
690 1862 775 2004 iude,
795 1936 824 1992 et
841 1927 879 1995 it
897 1926 1008 2005 Regum
1031 1925 1121 1992 lsrail
1140 1926 1287 2007 usquead

56 2032 87 2093 pe
107 2013 248 2087 Genesis,
270 2011 321 2093 qui
339 2012 442 2072 muner
460 2018 556 2072 crtum
572 2057 580 2088 ‚
598 2028 651 2072 ve·
693 2012 900 2076 extinctionem
912 2011 1066 2091 utriusque
1074 2012 1157 2090 regul
1171 2011 1228 2077 suh
1240 2007 1290 2072 Se·

56 2098 173 2178 riosque
186 2104 310 2158 euentus
320 2095 356 2156 ed
371 2094 484 2156 obitum
499 2113 593 2176 usque
607 2093 653 2156 Io·¹
693 2095 788 2157 decia.
801 2094 891 2162 hiber
903 2095 922 2160 l
931 2096 1178 2174 Paralipomenon
1189 2113 1292 2157 rocen-

54 2182 122 2262 seph
151 2180 261 2256 reiert3
280 2179 423 2254 Euodus,
443 2178 495 2258 qui
521 2178 654 2241 continet
694 2189 737 2245 set
750 2178 989 2260 propagationem
1003 2180 1099 2258 gentis
1114 2179 1293 2242 israeliticae

55 2265 155 2329 duram
182 2262 287 2346 populi
309 2263 460 2324 israelitici
480 2261 652 2324 servitutem
694 2263 851 2330 abbiamo
860 2282 955 2344 usque
966 2262 1001 2326 ed
1011 2262 1292 2344 roditumaceptivi·

55 2350 82 2410 iu
99 2348 251 2430 Aegypte,
268 2345 473 2410 admirabilem
493 2346 654 2407 eius-libe·
696 2357 754 2416 tata
776 2347 970 2428 babylonica3
990 2347 1114 2424 deinde,
1134 2347 1293 2429 repetitae

56 2432 214 2508 rationem,
226 2429 364 2508 Decalogi
374 2429 653 2516 promulgationem,
695 2430 804 2500 Davide
823 2431 961 2505 historia,
982 2432 1046 2494 eius
1064 2450 1187 2510 reguum
1203 2449 1293 2493 accu-

59 2527 84 2578 et
101 2535 151 2577 res
169 2525 269 2594 gestes
288 2533 306 2578 a
324 2523 418 2580 morte
435 2513 542 2593 loseph
561 2532 656 2594 usque
696 2516 788 2582 ratius
815 2515 955 2580 describit
977 2535 1071 2596 usque
1099 2515 1135 2577 ad
1157 2513 1294 2578 Salomo-

58 2600 282 2662 aderectiouem
292 2598 487 2678 tabernaculi3
498 2597 655 2674 Manuos,
697 2601 743 2661 nis
754 2600 937 2660 unctionem.
951 2597 1040 2661 Liber
1053 2600 1087 2662 ll
1097 2601 1296 2679 Paralipome

58 2685 86 2751 in
105 2703 165 2766 quo
185 2681 398 2746 describuntur
411 2681 567 2756 sacrificia,
586 2699 656 2746 cae·
697 2703 758 2750 nen
772 2683 861 2750 ralert
879 2683 1034 2750 historiam
1047 2703 1063 2744 a
1078 2681 1235 2746 Salomone
1248 2701 1296 2743 us-

59 2767 223 2843 remouiae,
239 2766 332 2830 etalii
344 2767 430 2844 ritus,
447 2765 498 2852 qui
510 2766 659 2851 pertinent
699 2786 757 2850 que
775 2767 810 2832 ad
829 2773 972 2848 tempus,
991 2786 1050 2848 quo
1069 2766 1158 2847 Cyrus
1180 2765 1297 2828 ludaeis

60 2852 93 2914 ed
113 2851 316 2914 ministerium
335 2848 519 2927 heritarum3
545 2851 659 2924 Nouae·
699 2851 931 2932 Hierosolymam
960 2851 1104 2914 redeundi
1123 2855 1295 2930 potestatem

62 2933 331 3010 remetientur
349 2933 463 3014 erictus,
484 2934 554 3013 quie
575 2935 605 2999 in
624 2953 661 2996 eu
702 2935 782 3000 lecit.
809 2933 899 3002 Liber
916 2936 934 2999 l
950 2936 1065 3000 Eadroc
1088 2953 1124 2996 aa
1151 2939 1296 3008 recenset,

64 3021 93 3082 lit
109 3017 298 3081 enumeratio
319 3017 517 3082 multitudinis
533 3017 660 3082 filiorum
703 3017 1296 3102 quaeludaeiseccideruutpostreditum

64 3101 149 3170 lsrael
169 3121 225 3187 per
238 3101 334 3168 tribus
353 3110 382 3166 et
400 3101 545 3179 interillos,
565 3101 662 3166 couti·
704 3124 720 3165 e
742 3103 910 3184 captivitate
933 3101 1110 3181 Babylonica
1135 3099 1190 3162 suh
1213 3100 1296 3180 Cyro,

64 3195 172 3267 netque
191 3203 240 3248 res
258 3193 354 3262 gestes
373 3184 409 3251 ab
425 3185 504 3252 exitu
520 3205 555 3249 ex
572 3186 665 3267 Aegy·
703 3186 860 3252 Persarum
876 3184 965 3264 Roget
979 3185 1113 3248 Liberll
1122 3185 1298 3262 deerrarit

65 3281 114 3350 pto
131 3271 165 3332 ed
184 3287 280 3332 annos
294 3287 388 3348 usque
407 3269 526 3348 triginta
544 3287 663 3346 novem3
705 3272 813 3346 dictus,
830 3270 907 3350 quod
924 3289 958 3335 en
970 3268 1093 3333 consilio
1105 3269 1215 3334 Esdrae
1229 3269 1301 3331 scri-

63 3353 340 3429 petraepontem,
357 3353 435 3434 quod
452 3353 598 3432 siguificat
615 3372 665 3414 re·
706 3363 773 3437 ptus
791 3353 910 3420 luerlta
928 3351 1083 3429 Nehemie,
1100 3373 1117 3416 a
1135 3373 1194 3436 quo
1212 3373 1302 3416 uoca-

65 3439 243 3518 petitionem
262 3436 351 3517 legis,
372 3443 401 3499 et
427 3437 470 3499 sie
487 3437 665 3520 appellatur,
708 3449 755 3503 tur
774 3439 862 3504 etiem
882 3437 955 3514 liber
971 3437 1138 3509 lintamina,
1160 3437 1300 3500 describit

65 3524 134 3606 quia
153 3522 186 3582 iu
206 3539 242 3584 eo
262 3521 406 3601 repetitur
420 3521 480 3594 lex,
498 3522 557 3585 iam
580 3529 666 3586 antee
707 3522 789 3585 urhis
805 3521 1024 3604 hierosolymae
1043 3522 1302 3597 instaurationem,

67 3608 95 3670 in
112 3605 237 3678 Exodo,
255 3603 384 3666 Levitico
402 3613 432 3668 et
452 3603 589 3671 Numeris
617 3604 666 3670 iu·
708 3615 737 3668 et
757 3605 882 3668 labentis
900 3607 998 3670 cultus
1024 3605 1115 3668 divini
1133 3605 1303 3672 renovatio-

69 3693 194 3756 culcata.
214 3687 267 3752 lsti
285 3688 416 3770 quinque
426 3687 496 3749 libri
506 3689 667 3756 Pcutotcu-
708 3708 788 3756 nem.
805 3687 924 3754 Liberi
934 3689 1178 3758 Manichaeorum
1197 3699 1303 3752 statum

70 3777 136 3838 chuc
149 3772 304 3847 dicuntur,
324 3779 354 3834 et
372 3771 507 3856 allapso,
522 3772 670 3842 israelita·
709 3774 828 3842 exhibet
847 3773 982 3840 iudaicae
1000 3775 1096 3852 geritis
1110 3775 1165 3838 auh
1177 3773 1304 3838 Graecu-

72 3877 133 3924 rum
150 3855 335 3932 Legisletore
353 3856 512 3938 conscripti
529 3865 610 3920 sunt.
709 3877 775 3924 rum
791 3857 1026 3938 monarchie3ita
1040 3857 1237 3921 inscribitura
1249 3853 1306 3916 lla·

109 3942 142 4006 Ξ.
155 3941 243 4006 Libri
253 3940 386 4004 tioterici
397 3941 501 4021 partim
514 3941 603 4002 totius
618 3958 671 4021 po·
710 3941 869 4018 chebaeis,
887 3942 960 4004 uiris
977 3941 1160 4016 illustribus,
1180 3956 1304 4018 quorum

75 4027 131 4106 pali
154 4021 310 4090 israelitici
319 4019 332 4099 ‚'
349 4024 455 4104 partim
475 4024 669 4102 singularium
711 4024 797 4087 tortia
820 4032 902 4104 gesta
923 4034 1153 4090 columemoratr
1173 4021 1263 4084 Liber
1279 4021 1308 4083 ll

76 4108 268 4192 quarumdem
295 4125 486 4188 personarum
517 4107 671 4172 historiam
711 4111 956 4175 Mochoducorunt
974 4108 1143 4185 martyrium
1159 4106 1251 4166 relect
1268 4103 1309 4166 ld-

76 4193 219 4256 relerunt.
239 4189 350 4256 Prioris
368 4192 485 4270 generis
513 4201 672 4272 sequentes
711 4193 835 4270 lenzani,
856 4202 884 4254 et
901 4203 1015 4272 septem
1042 4189 1170 4248 filiorum
1189 4187 1308 4248 llacba-

75 4274 230 4340 duodecim
251 4282 459 4338 numerantur:
479 4276 568 4340 niter
590 4277 674 4342 tortu
712 4267 1220 4344 baeorumcummelrmacbreuem
1235 4290 1309 4331 con-
