2918 4734
416 175 490 223 rans
507 177 540 222 n.
556 174 660 222 succro
676 177 698 220 r.
724 173 819 222 crrnr
838 173 871 220 n.
1170 155 1230 218 lib

118 251 166 321 dli.
184 254 208 316 l.
230 255 260 322 S.
280 255 421 324 irenaeus
438 261 564 316 testatur
584 251 631 332 (t)
672 248 718 311 ius
736 269 820 327 cura,
833 248 985 330 diligentia
999 255 1089 332 atque
1106 251 1271 314 constantia

78 337 217 408 Marcionem
232 337 420 418 Evangelinm
439 335 537 400 Lucae
555 345 584 398 et
597 355 632 396 e·
672 333 702 396 in
721 335 931 396 conservandis
949 332 1013 396 sine
1036 334 1199 397 mutatione
1221 351 1273 400 aut

76 425 165 503 pistolas
181 423 256 486 Pauli
279 423 442 484 mutilasse.
465 421 566 486 Celanc
585 419 631 499 (⁶2)
672 420 862 500 corruptione
874 419 967 480 sacris
986 418 1091 479 litteris
1105 420 1196 496 magis
1212 439 1272 482 ma-

74 505 218 570 Chn'stiaons
234 508 269 568 de
287 505 476 586 corruptione
497 503 528 568 S.
550 501 632 566 Sori-
671 502 774 582 aisque
793 502 929 579 eluxerit,
951 521 1018 563 curn
1037 504 1096 563 veri
1114 503 1272 566 Christiani

73 601 149 672 ptorac
163 599 284 670 accusat;
303 589 434 670 loquitur
445 587 524 651 enirn
540 587 576 650 da
591 587 630 650 h·
649 527 654 656 l
671 585 720 661 iis,
735 586 784 667 qui
804 605 903 648 sacras
915 585 1027 648 litteras
1040 596 1154 648 mutare
1165 597 1272 650 etcor-

73 671 171 752 delibus,
191 674 269 754 aqui
284 669 397 736 similes
411 673 469 735 illis
487 691 562 756 quos
594 689 630 732 eo
671 688 810 751 rumpere
828 679 1023 745 attentarunt,
1044 689 1195 751 nunquam
1213 691 1272 732 non

71 756 310 840 impellitebrietas,
332 767 365 820 ut
380 757 438 818 sibi
455 775 562 818 manus
580 755 629 816 in·
671 763 772 835 aperto
790 755 887 816 ironte
910 754 1089 830 restiterint,
1109 773 1273 835 eorumque

71 841 150 918 lerant,
163 843 281 924 primurn
292 839 444 921 Evangelii
458 847 629 902 contextum
671 837 824 900 audaciam
848 839 970 922 connino
985 839 1194 918 represserintp
1209 857 1275 920 pro·

69 932 216 1006 tuaquom,
231 925 342 1008 pluries
359 933 486 998 mactant,
506 941 628 1008 perver·
670 929 703 983 nt
725 941 759 984 er
783 921 923 1003 operibus
948 919 999 984 SS.
1024 921 1143 984 Petrum
1168 941 1202 984 ac
1222 921 1271 983 hi-

70 1015 212 1090 tuotque,ut
232 1009 361 1072 habeant
377 1029 435 1090 quo
447 1027 494 1072 res
506 1008 563 1070 sibi
576 1006 629 1069 ob·
670 1006 761 1068 storia
786 1006 985 1068 ecclesiastica
1004 1007 1126 1068 eruditis
1145 1025 1272 1088 perspe-

69 1089 315 1156 iectasiniicientnr.
339 1093 401 1154 hoo
417 1101 490 1155 teste
509 1093 541 1158 S.
561 1092 628 1157 An·
671 1099 749 1152 ctum
770 1099 824 1152 est.
841 1091 873 1155 S.
887 1089 1074 1172 Anpocstinnc
1085 1089 1272 1154 Manichacus

56 1176 165 1254 pomino,
181 1172 341 1240 blanichnei
363 1176 521 1240 Catholicis
540 1195 629 1258 saepe
670 1182 856 1251 asserentes,
883 1175 961 1256 apud
987 1175 1147 1238 catholicos
1173 1193 1272 1236 sacras

69 1257 215 1336 obiecerunt,
235 1261 314 1342 qnod
329 1261 406 1342 apnd
425 1259 504 1342 ipsos
523 1278 623 1323 corru-
670 1260 783 1322 litteras
801 1269 955 1340 corruptas
971 1258 1085 1337 beheri,
1101 1259 1138 1320 de
1151 1259 1274 1322 menda·

66 1348 116 1420 plac
128 1361 216 1407 sacrae
232 1345 349 1408 litterae
366 1355 536 1410 serventur:
551 1363 629 1426 qun·
670 1343 716 1404 cio
735 1351 764 1404 et
782 1343 931 1405 calumnia
949 1351 1085 1420 accusat,
1110 1354 1140 1407 et
1156 1343 1203 1423 (ii)
1222 1343 1281 1404 ἰιι-Ι
1341 1401 1345 1412 ,

66 1425 131 1486 nodo
145 1446 205 1506 ergo
217 1428 368 1513 corruptio
383 1427 577 1510 impossibilis
588 1427 632 1490 di·
670 1426 745 1508 quit:
761 1445 776 1488 c
793 1423 815 1488 0
830 1445 930 1488 vocem
951 1446 967 1488 a
984 1429 1107 1508 veritate
1124 1429 1270 1505 fugacem,

64 1508 244 1588 cipntest‘l-
646 1513 699 1596 pin
720 1509 849 1571 amentia
865 1511 1058 1592 pertinacem!
1079 1531 1173 1594 usqne
1197 1510 1270 1572 adeo

92 1593 285 1674 Raphosnon
295 1613 449 1674 negamus,
460 1593 549 1656 variis
559 1603 630 1657 tem·
669 1595 776 1657 invicta
789 1602 856 1654 snm
868 1613 944 1675 quae
956 1595 1097 1657 adversus
1113 1617 1163 1658 vos
1178 1597 1213 1656 de
1226 1593 1271 1656 di·

61 1675 256 1752 poribusinisse
272 1680 389 1760 aliquos
407 1689 464 1740 tarn
478 1679 585 1759 impios
600 1689 629 1742 et
668 1677 744 1740 vinis
759 1677 911 1740 corticibus
931 1680 1141 1760 proteruntur,
1161 1689 1193 1742 ut
1211 1698 1270 1741 non

64 1760 162 1824 audaces
175 1763 307 1826 utsacris
320 1762 585 1843 Evangeliisatque
598 1783 630 1824 a·
668 1763 707 1824 sit
721 1759 817 1837 aliud,
837 1762 914 1844 ‹puod
935 1763 1039 1824 dicatis
1059 1763 1117 1825 nisi
1136 1783 1187 1827 eos
1205 1783 1271 1825 esse

63 1839 97 1924 liis
114 1846 217 1927 scriptis
240 1845 391 1911 canonicis
414 1845 557 1910 nonnulla
574 1847 628 1910 ao·
670 1847 801 1908 salsatos:
813 1846 993 1908 nimotalem
1006 1848 1227 1929 corruptionem
1238 1846 1269 1910 S.

64 1924 124 2002 dere,
138 1939 182 1990 aut
195 1931 231 1994 ab
250 1931 356 1994 iisdem
373 1930 549 1992 subtrahere
569 1949 628 1993 oon
669 1931 776 1992 Doctor
790 1931 1004 2012 impossibilem
1016 1940 1143 2013 reputat:
1158 1952 1173 1992 a
1186 1929 1273 2002 Quis·

64 2007 240 2078 dubitaverint.
263 2013 375 2078 Verum
403 2013 489 2077 irrito
507 2013 628 2078 omnino
669 2015 736 2096 quis
754 2013 846 2091 enirn,
866 2015 907 2075 ait
920 2015 980 2094 (l),
1002 2017 1056 2078 hoc
1075 2017 1201 2097 primum
1217 2033 1271 2076 au-

63 2103 143 2156 oouatu
157 2116 203 2160 cos
217 2108 275 2161 tam
292 2099 417 2180 impium
433 2098 550 2160 lacinus
563 2117 630 2180 per·
669 2118 721 2161 sus
739 2109 815 2161 esset
828 2099 897 2177 (hnc
908 2109 964 2176 est,
985 2099 1091 2162 falsare
1110 2117 1271 2162 sacrosan-

62 2186 176 2269 petrasse,
188 2183 240 2244 hoc
258 2183 394 2264 estquod
407 2181 494 2244 modo
507 2192 630 2244 conten·
669 2183 763 2264 dices)
787 2183 949 2262 multorum
966 2183 1110 2256 codicum¹
1126 2183 1271 2246 vetustio-

63 2259 146 2340 drmus‚
161 2274 187 2326 et
204 2267 284 2350 quod
302 2267 361 2328 iam
385 2267 416 2332 S.
428 2267 570 2332 irenae-nc
582 2267 629 2347 (3)
669 2286 736 2330 rum
759 2267 917 2330 collatione
942 2269 1157 2346 confutaretur,
1184 2267 1275 2328 maai·

63 2345 318 2431 catarrotttooocm)
332 2349 537 2412 ostenderunt.
549 2351 631 2414 Celso
670 2353 718 2430 mo
740 2350 887 2433 quianon
906 2371 965 2414 una
987 2352 1100 2432 lingua,
1120 2353 1171 2414 sed
1192 2353 1270 2415 mul·

63 2424 184 2493 obiicienti
209 2453 312 2496 sacras
341 2435 454 2496 litteras
472 2453 525 2518 per
539 2433 630 2498 Chri·
671 2438 708 2499 tis
728 2437 830 2498 eadem
850 2431 1003 2582 Scriptura
1022 2437 1239 2499 contineretur.
1256 2455 1271 2498 v

63 2509 148 2576 stiones
165 2535 227 2580 esse
247 2526 413 2598 corruptas,
437 2517 577 2600 Oripenes
602 2519 630 2580 i·
714 2521 779 2586 Obi.
800 2519 830 2580 2.
855 2518 886 2580 In
929 2520 1052 2582 brouico
1082 2521 1206 2584 Victoria
1231 2521 1274 2584 Ε-

62 2597 194 2688 pac(5)ita
206 2601 380 2685 respondet:
394 2601 557 2683 aliquidem
570 2623 631 2666 non
671 2603 786 2686 piscopi
803 2603 932 2666 Africani
952 2605 999 2683 (8)
1019 2605 1138 2683 legitur,
1161 2604 1273 2668 iuben·

62 2676 118 2769 ¹alvos
130 2683 201 2762 novi,
219 2687 271 2768 qui
290 2682 442 2764 Evangelii
460 2693 628 2749 contentum
673 2698 699 2751 te
718 2688 875 2760 Anastasio
894 2687 1090 2764 imperatore.
1111 2697 1213 2749 sancta
1230 2687 1274 2752 Ε·

61 2769 261 2848 immutaverint,
280 2790 370 2852 quam
383 2771 558 2848 Marcionis,
578 2771 632 2836 Vn·
670 2771 814 2850 vangelia,
828 2777 964 2851 tanquam
978 2771 1015 2836 ab
1034 2771 1132 2836 idiotis
1140 2765 1276 2848 ¹tivange·

62 2842 158 2928 lentini,
174 2853 298 2916 sortasse
317 2864 347 2917 et
364 2855 479 2920 Cucurri
501 2864 630 2918 sectato·
672 2857 746 2918 listis
758 2855 933 2935 coraposito,
946 2859 1126 2936 reprehensa
1138 2854 1233 2915 luisse
1245 2861 1275 2914 et

61 2944 103 2990 rcs.
117 2931 143 2994 ld
157 2955 221 3000 vero
236 2937 372 3000 criminis
387 2947 505 3002 nostroe
524 2937 631 3001 doctri·
671 2939 843 3002 emendata:
866 2939 943 3019 quod
964 2939 1042 3000 idem
1067 2939 1096 2998 in
1113 2957 1167 2998 suo
1182 2936 1275 3000 Chro-

61 3027 101 3073 nnc
116 3014 313 3099 imputandum
333 3041 392 3084 non
414 3031 469 3085 cst:
491 3021 521 3084 in
545 3023 631 3104 culpa
672 3025 738 3086 nico
757 3031 877 3085 enarrat
894 3023 925 3085 S.
945 3023 1076 3088 isidorus
1089 3021 1172 3102 Hisp.

59 3103 628 3186 suntquihvaageliadepravareaudent.
711 3109 798 3186 Resp.
812 3105 946 3168 Narratio
967 3107 1089 3168 Victoris
1107 3105 1218 3168 niallam
1236 3104 1273 3166 h·

59 3173 401 3264 Namquemadmon'umin
413 3189 629 3270 philosophiam
671 3191 737 3252 deon
762 3199 903 3263 meretur,
924 3190 993 3270 quia
1005 3191 1095 3250 ceteri
1112 3189 1275 3270 scriptores

58 3265 118 3356 nale
133 3272 289 3347 conferres,
301 3291 377 3353 quae
391 3293 408 3334 a
420 3269 577 3354 Sophistis,
593 3271 632 3336 Ε·
671 3275 771 3336 coaevi
792 3283 820 3334 et
835 3271 966 3354 proxime
986 3282 1144 3353 sequentes
1165 3273 1220 3334 hac
1238 3272 1275 3334 de

57 3354 189 3430 prcuraeis,
204 3355 412 3438 Peripateticis
433 3358 561 3438 aliisque
580 3357 632 3420 ial-
672 3377 705 3420 re
730 3358 819 3419 altum
849 3355 999 3418 silentium
1022 3367 1134 3420 tenent.
1158 3357 1274 3420 Proba-

57 3445 94 3525 ⁵³⁰.
112 3437 283 3518 excogitatae
298 3449 367 3502 sunt
386 3441 554 3521 opiniones:
571 3441 630 3517 sic,
673 3441 762 3504 bilius
780 3440 878 3503 Victor
891 3440 920 3500 in
941 3440 1038 3502 hicira
1058 3460 1177 3503 rumore
1197 3461 1270 3522 quo*

58 3525 241 3590 qnaannunulli
253 3523 629 3608 Evtangcliacorrupernot,
672 3525 738 3586 dam
758 3523 899 3605 deceptus
914 3524 981 3586 luit.
999 3524 1069 3588 Cum
1087 3526 1165 3589 enirn
1187 3525 1278 3590 Aao-

58 3611 179 3688 novasqoa
200 3617 297 3670 sectas
323 3607 422 3670 alesu
443 3609 577 3672 doctrina
596 3629 630 3672 a·
671 3611 779 3674 storius
796 3607 980 3690 Eutychiana
1002 3609 1068 3672 tolie
1090 3610 1278 3672 inlectuses-

57 3675 130 3774 lienes
145 3688 333 3768 induxerunt,
353 3711 412 3756 nora
434 3693 577 3756 continuo
600 3691 630 3756 in
672 3704 727 3772 set,
743 3703 772 3756 et
789 3691 953 3758 Concilium
969 3691 1212 3756 Chalcedonense
1229 3711 1280 3754 re-

57 3778 146 3861 crnoen
163 3773 259 3836 vocari
278 3785 395 3856 oportet
418 3795 518 3839 verum
543 3775 629 3839 Chri-
673 3779 808 3854 iecisset,
828 3777 932 3840 merito
962 3777 998 3838 de
1019 3777 1083 3857 ipso
1102 3775 1278 3846 dicebatur,

56 3853 252 3920 ctranvsmurn.»
272 3856 348 3932 Quin
368 3860 428 3921 imo
442 3869 558 3936 =tanatum
574 3861 631 3922 ab·
672 3861 753 3942 quod
771 3861 936 3927 doctrinam
954 3861 1062 3926 Christi
1081 3860 1278 3938 corrupisset,

56 3939 98 4006 est,
112 3946 139 3996 ut
155 3958 240 4004 verus
258 3942 500 4006 Cluistianismus
519 3944 550 4008 in
569 3939 631 4006 eriss
672 3945 751 4026 ‹puool
771 3946 808 4006 ab
826 3943 908 4022 attis,
924 3945 975 4026 qui
990 3946 1027 4010 nh
1047 3943 1216 4007 distantiam
1231 3943 1279 4004 lo-

56 4027 108 4076 uen
125 4026 218 4090 vocari
234 4025 302 4089 iude
317 4029 421 4113 possit,
438 4036 469 4092 ut
484 4028 583 4110 potius
595 4047 631 4110 e·
673 4030 699 4092 ci
717 4049 780 4114 rem
798 4027 968 4092 examinare
987 4048 1046 4090 non
1067 4033 1204 4110 poteraut
1213 4071 1225 4102 ,
1250 4033 1280 4086 et

78 4172 104 4232 (ll
115 4177 183 4227 libr
201 4195 222 4228 c.
234 4183 299 4230 brar.
315 4195 365 4244 cap.
375 4185 413 4242 ⁶27,
429 4195 452 4231 n.
468 4181 491 4230 2.
691 4189 734 4248 Ι(3)
749 4186 806 4237 hc.
846 4195 848 4201 “
866 4190 899 4246 (h)
911 4189 937 4236 h.
952 4187 1011 4234 tl'c.
1027 4187 1113 4248 taust,
1128 4197 1179 4247 cap.
1193 4186 1217 4234 2.

75 4233 103 4304 (ζ.
115 4240 172 4297 tpud
187 4246 307 4300 drogonem
320 4244 360 4288 tlh.
375 4243 389 4288 2
404 4255 423 4288 c.
435 4246 540 4299 tlcts.,.n.
554 4241 593 4292 27.
663 4263 666 4272 ·
701 4251 734 4305 (7)
750 4249 807 4296 tota.
822 4248 838 4294 l.
854 4248 891 4308 52,
906 4261 926 4294 c.
947 4249 980 4296 oo.
1048 4291 1052 4300 ,

77 4298 102 4352 hl
115 4295 166 4346 her
223 4304 253 4360 (tp
269 4305 302 4350 ba
318 4314 417 4356 praescr.
433 4313 454 4350 c.
467 4303 504 4374 hh.
542 4309 547 4315 “
584 4341 587 4344 .
701 4311 733 4370 (8)
748 4313 790 4371 ap.
805 4308 984 4366 scaligerumtn
999 4305 1262 4372 thesaurotemporunt.

1082 4490 1186 4546 'tn
