2934 4736
207 201 270 264 stt
540 245 543 253 -
604 213 790 266 moncons
811 211 977 258 amabas

155 297 276 377 probat
299 295 329 358 in
356 287 565 360 aestimatione
588 291 770 372 hominum,
812 293 978 368 doctrinae,
1002 307 1062 373 qua
1083 288 1286 354 eminuerunt.
1312 288 1419 375 Neque

168 380 266 461 qualis
287 381 378 444 luerit
392 382 549 448 Ecclesiae
566 383 668 458 fidere
681 391 771 462 atque
796 377 952 439 ¹sanctitas
973 374 1158 438 Tertulliano
1182 375 1301 453 deluit,
1326 387 1420 440 ante·

166 463 365 526 indubitatum
395 467 461 543 ost,
483 465 575 547 quod
589 463 772 529 sufficienter
795 477 898 542 -quann
911 458 943 522 in
958 459 1095 522 haeresin
1106 457 1236 522 Montani
1248 459 1416 540 laberetur,

163 556 282 610 constet
292 547 331 610 da
349 549 501 612 Ecclesiae
512 548 582 626 ilde,
602 550 627 612 si
640 566 770 630 sequens
796 555 899 627 'atque
916 544 983 606 ideo
1002 543 1097 624 ipsius
1114 542 1182 606 libri
1204 551 1273 606 ante
1292 545 1415 627 lapsum

165 631 279 693 obtinet
297 633 473 697 Cordinolis
490 635 633 696 Parrasii
651 633 698 714 (l)
716 649 768 693 re·
807 627 968 710 conscripti
991 635 1054 689 tuto
1073 626 1157 688 cltari
1176 635 1314 708 possunt.
1342 627 1414 692 Ori-

163 716 251 793 gula,
276 735 353 797 quae
381 719 469 780 edam
490 737 507 778 a
526 713 686 778 Benedicta
704 715 769 779 xlv
806 730 911 791 genem
931 727 1051 794 quoque
1074 710 1162 772 ritant
1179 720 1312 774 sanctam
1329 714 1414 792 egis-

152 799 328 880 approbata
343 809 399 878 est,
419 801 543 864 scilicet:
562 819 577 862 r
595 800 678 862 'lunc
693 819 768 862 uno·
805 815 849 874 se,
865 795 988 858 historie
1004 794 1104 874 tradit;
1121 795 1182 857 imo
1198 795 1272 858 fides
1288 815 1414 878 quoque

162 883 254 945 nimis
272 900 436 947 consensus
463 884 584 947 Petrum
613 886 765 948 cumulate
805 880 900 962 ipsius
917 879 1115 942 theoreticae
1143 879 1243 941 multis
1269 880 1412 942 delendi-

162 966 305 1047 probatus
321 968 473 1030 aestimari
491 967 591 1046 debet,
611 985 678 1030 cuna
698 970 763 1030 sin·
804 972 864 1042 tur,
881 965 932 1046 qul
953 964 990 1026 ab
1009 963 1143 1026 eiusdem
1163 963 1319 1044 discipulis
1336 966 1413 1026 scri-

152 1051 297 1128 *gularum
314 1053 467 1114 nationum
489 1052 719 1116 eminentissimi
732 1054 763 1114 in
804 1057 853 1129 pta
867 1047 1000 1128 magistri
1023 1054 1162 1128 corrupta
1180 1056 1210 1108 et
1226 1046 1411 1130 interpolata

161 1135 290 1196 alicuius
306 1136 350 1198 rei
371 1135 541 1198 adsertione
559 1136 760 1214 consentiunt,
803 1133 896 1196 laima
914 1131 1111 1194 contendunt.
1132 1129 1280 1193 Eusebius
1302 1131 1336 1192 in
1359 1133 1410 1192 hi-

160 1217 202 1280 ita
224 1227 257 1280 ut
274 1219 353 1284 inter
377 1220 446 1282 illos
467 1235 555 1282 nemo
574 1221 624 1302 qui
644 1239 764 1302 semper
802 1214 1141 1291 sloriaacriohristiani,
1158 1214 1321 1277 arianismo
1328 1217 1412 1296 prio·

160 1302 353 1380 orthodoxus,
372 1321 491 1386 sempor
513 1304 683 1366 orthodoxis
706 1305 762 1366 ad·
801 1300 855 1378 ris,
872 1303 954 1364 iuxta
971 1319 1076 1364 omncs
1094 1298 1218 1362 eminet.

161 1386 270 1463 haesit,
283 1387 473 1450 dissentiet.)
483 1387 567 1450 quta
585 1388 662 1449 hanc
673 1406 763 1468 rego-

159 1471 219 1532 lam
238 1489 299 1532 nou
322 1471 439 1547 sullicit,
459 1473 615 1534 utrumvel
635 1472 759 1535 alterum
792 1501 797 1508 ·
1035 1442 1066 1515 ς·
1094 1449 1169 1497 ¹⁰⁰·

159 1553 276 1616 Patrem
290 1555 395 1629 citare,
404 1555 455 1617 sed
468 1556 504 1618 ad
515 1556 622 1635 dogma
634 1556 762 1638 proban·
951 1544 988 1592 ¹¹2
1003 1545 1036 1592 θ’
1051 1544 1149 1602 t⁰¹¹⁴t¹¹¹⁸
1160 1542 1252 1593 mentm

158 1637 228 1699 dum
241 1638 371 1720 plurium
383 1657 546 1702 consensus
559 1640 760 1703 ostendendus
842 1635 965 1700 Praeter
975 1637 1123 1700 recensita
1135 1636 1193 1698 alia
1205 1655 1327 1718 quoque
1341 1656 1406 1702 rne-

158 1731 215 1784 est.
239 1721 335 1800 Magni
359 1733 457 1786 autem
478 1725 622 1787 momenti
649 1733 706 1800 est,
727 1735 760 1786 ut
800 1721 849 1783 dia
869 1722 988 1798 dantur,
1011 1721 1099 1783 sidem
1123 1721 1231 1783 veleris
1248 1721 1404 1785 Ecclesiae

157 1823 322 1869 consensus
329 1807 486 1870 Doctorum
495 1809 647 1872 Ecclesiae
656 1809 758 1871 orien-
800 1806 1026 1888 doctrinamque
1038 1805 1143 1886 primis
1155 1805 1214 1866 iam
1228 1805 1258 1866 in
1271 1807 1402 1870 saeculis

157 1891 226 1952 tnlls
244 1898 274 1953 et
292 1891 487 1954 occidentalis
505 1902 697 1956 monstretur.
715 1891 757 1954 tt-
801 1890 946 1968 rigentem
974 1888 1182 1967 cognoscendi.
1208 1889 1253 1950 hd
1277 1889 1334 1952 boc
1355 1909 1403 1954 se·

156 1975 225 2037 nius
243 1993 362 2056 qaroque
373 1975 469 2039 Patris
487 1977 648 2040 auctoritas
662 1976 758 2038 maxi·
798 1975 922 2059 quentia
937 1973 1015 2035 haud
1031 1992 1137 2055 parum
1164 1973 1343 2037 inserviunt.

157 2060 198 2120 nai
225 2059 365 2139 ponderis
388 2069 454 2138 est,
474 2061 500 2122 sl
524 2069 639 2124 constet
663 2061 758 2141 ipsius
841 2059 871 2121 l.
889 2058 965 2121 Aeto
980 2066 1162 2138 martyrum,
1182 2075 1309 2138 quorum
1329 2061 1401 2140 plu-

155 2142 321 2205 doctrinam
342 2144 380 2207 ab
395 2146 535 2208 universa
555 2143 687 2206 Ecclesia
705 2161 756 2207 re-
797 2139 874 2210 rima
896 2141 1014 2220 collegit
1042 2159 1077 2204 ac
1104 2142 1235 2220 genuina
1261 2142 1400 2221 probavit

156 2235 273 2308 ceptam
295 2236 324 2292 et
353 2228 546 2310 approbatam
570 2229 683 2306 luisse,
712 2229 755 2290 uti
796 2223 839 2288 Cl.
859 2227 1002 2304 Ruinort,
1028 2225 1116 2288 nobis
1143 2225 1264 2288 exibent
1285 2226 1395 2302 iidem,

155 2327 202 2374 ox.
222 2327 265 2390 gr.
287 2322 403 2374 constat
425 2313 462 2375 de
486 2313 542 2389 iis,
562 2331 639 2394 quae
657 2313 689 2378 S·
708 2313 755 2376 A·
795 2328 886 2389 quam
903 2309 1001 2372 omnis
1011 2310 1143 2387 generis,
1161 2310 1266 2372 aetatis
1284 2319 1314 2372 et
1326 2329 1398 2373 con-

145 2396 309 2460 ·thonosists
331 2405 435 2459 contra
453 2397 576 2473 Arium,
594 2397 627 2461 S.
646 2396 755 2476 Augu·
795 2394 918 2456 ditionis
930 2393 1089 2457 Christiani
1103 2393 1223 2475 publice
1239 2411 1340 2456 coram
1351 2396 1399 2457 iu·

49 2525 51 2529 a
153 2479 252 2543 solatas
268 2489 369 2542 contra
385 2480 550 2560 Pelagium,
569 2480 601 2544 S.
624 2482 756 2561 Cyrillus
794 2477 911 2541 dinibus
929 2478 1058 2541 ethnicis
1076 2478 1203 2560 prolessi
1221 2485 1300 2540 sunt.
1323 2478 1397 2541 Acta

153 2563 242 2627 Atra.
256 2575 360 2627 contra
373 2564 539 2626 Nestorium
558 2564 753 2645 scripserunt.
794 2563 851 2624 ista
869 2581 992 2641 rnagnae
1011 2572 1081 2634 sunt
1106 2561 1303 2638 auctoritatis,
1323 2563 1396 2644 quia

153 2648 184 2729 c)
197 2645 227 2710 Si
243 2647 344 2713 Patres
356 2648 537 2711 dissentiunt
550 2647 629 2711 circa
647 2649 756 2711 doctri·
794 2647 971 2730 plerumque
988 2646 1107 2728 publica
1125 2646 1300 2708 auctoritate
1319 2665 1396 2709 con-

153 2747 222 2793 narn
243 2733 281 2794 ad
299 2733 473 2812 religionem
498 2742 704 2814 spectantem,
724 2743 755 2797 et
793 2731 960 2807 lecta,etin
972 2731 1066 2793 sacris
1081 2729 1317 2793 Christianorum
1330 2750 1397 2794 coe·

152 2815 178 2877 si
196 2825 301 2878 neutra
320 2835 388 2898 pars
411 2816 449 2879 ab
474 2816 607 2879 Ecclesia
626 2817 753 2880 damna·
793 2815 891 2892 tibus,
914 2815 1104 2896 praesulibus
1133 2814 1393 2896 inspectantibus,

152 2901 277 2977 ta-luit,
298 2901 414 2979 signum
434 2908 496 2977 est,
517 2901 572 2962 bac
590 2901 621 2962 in
640 2921 673 2964 re
691 2921 754 2964 cer·
793 2901 942 2981 praelecta
957 2899 1089 2962 luerunt.
1109 2899 1152 2962 Ex
1166 2898 1232 2960 istis
1249 2917 1320 2978 ergo
1337 2900 1395 2962 do·

152 2991 211 3046 tam
232 2986 443 3054 revelationem
469 3003 528 3046 non
547 2986 629 3063 dari,
649 2995 679 3048 et
696 2987 753 3048 do·
791 2992 891 3072 gructa
903 2983 1047 3062 cognosci
1069 2992 1215 3064 possunt,
1236 2984 1394 3065 quasillis

152 3069 279 3130 utrinam
302 3069 339 3132 ad
358 3069 424 3132 lidei
447 3069 585 3147 dogmata
604 3088 663 3132 non
681 3089 753 3152 spe·-
793 3067 978 3149 temporibus
1007 3069 1178 3129 firmissime
1203 3067 1396 3133 crediderunt

151 3147 242 3216 olore.
261 3149 293 3213 ln
324 3153 376 3215 tali
405 3161 506 3214 aulem
536 3154 751 3216 sententiarum
792 3149 966 3214 Christiani:
981 3151 1024 3214 sic
1043 3169 1071 3213 e.
1090 3169 1120 3230 g.
1139 3170 1175 3214 er
1193 3151 1394 3215 confessioni-

151 3235 322 3298 divcrsitale
340 3253 400 3297 non
424 3245 482 3298 tarn
503 3238 539 3299 ad
558 3237 678 3301 Petrum
693 3258 751 3301 nu·
792 3235 848 3297 bus
866 3246 1027 3316 rnertgrum
1041 3235 1277 3299 Christianorum
1294 3235 1326 3296 in
1343 3237 1395 3298 tri·

152 3335 267 3380 merum
280 3321 536 3398 etauctoritatem,
552 3341 641 3402 quam
654 3323 752 3402 potius
792 3319 848 3380 bus
860 3319 967 3401 primis
984 3321 1112 3382 saeculis
1137 3321 1210 3382 indes
1226 3319 1263 3381 de
1280 3319 1391 3381 divini-

143 3403 187 3465 ·od
203 3403 320 3484 pondus
335 3417 591 3483 argumentorum,
607 3423 684 3486 quoa
699 3425 751 3487 pro
791 3411 852 3466 tate
870 3402 979 3467 Christi
997 3404 1106 3467 inuicte
1124 3404 1268 3485 probatur
1286 3402 1346 3484 (i).

149 3481 207 3549 sua
224 3488 373 3552 sententia
387 3489 526 3572 afferunt,
538 3488 751 3552 attendendum
832 3487 864 3550 ἓ.
884 3488 1032 3571 Symbola,
1049 3490 1093 3550 rel
1108 3507 1162 3570 pro
1179 3487 1312 3550 Ecclesia
1323 3486 1398 3548 uni-¹

150 3580 206 3632 cst.
564 3618 568 3626 .
789 3573 908 3648 cereali,
926 3573 972 3634 vel
990 3590 1043 3654 pro
1067 3571 1209 3634 Ecclesiis
1227 3571 1397 3653 particula-1

142 3675 144 3688 ’
202 3655 292 3720 Nolo.
312 3653 427 3718 Dantur
444 3655 605 3734 nonrmlli,
635 3654 686 3738 qni
703 3655 750 3718 cb
790 3655 873 3740 ribos
891 3656 1062 3718 orthodoxis
1080 3657 1228 3731 conlecta,
1240 3672 1309 3717 curn
1329 3673 1389 3716 nnn

144 3737 297 3812 delectum
313 3739 479 3802 sanctitatis
502 3739 602 3803 stricte
618 3740 750 3821 loquen-
790 3740 1030 3803 contineantniei
1043 3740 1161 3803 brevem
1173 3737 1389 3820 expositionem

148 3822 186 3886 dc
197 3825 335 3888 Patribus
346 3823 602 3886 adnumerarinon
612 3834 748 3907 possunt,
790 3825 1018 3905 praecipuorum
1034 3823 1218 3902 dogmatum,
1236 3823 1272 3886 ad
1294 3824 1395 3904 expli·

139 3908 192 3970 :uti
212 3916 282 3970 sunt
301 3927 327 3969 e.
348 3925 377 3985 g.
406 3907 618 3986 l'erlcllicracs,
641 3909 749 3990 Orige-
788 3908 846 3969 cite
864 3909 1044 3971 credendum
1067 3908 1300 3988 propositorum,
1320 3909 1391 3988 plu·

147 4007 211 4067 aes,
231 3992 376 4056 Eusebius
392 3991 614 4070 Caesariensis,
634 3993 746 4055 etalii.
787 3990 897 4054 simum
921 3993 1080 4055 conserunt
1095 3993 1134 4054 ad
1151 3991 1304 4070 Ecclesiae
1325 4001 1390 4053 tra·

147 4071 227 4136 iuste
245 4085 343 4137 tamen
364 4075 495 4155 ipsorum
516 4075 686 4138 testimonia
717 4077 748 4137 in
787 4074 930 4140 ditionem
950 4077 1206 4155 cognoscendamr
1227 4075 1271 4138 sic
1292 4092 1320 4136 e.
1341 4092 1387 4154 gr.

148 4155 309 4236 'theologia
323 4158 689 4236 dogmaticaadducunlur
702 4178 749 4220 ra·
788 4176 822 4218 cx
839 4160 981 4240 symbolis
1006 4161 1193 4240 apertissime
1221 4158 1388 4236 colligitur,

150 4239 230 4300 tione
248 4241 348 4303 habita
373 4251 434 4303 tum
454 4242 641 4322 critiquilotls
652 4286 663 4321 ,
683 4239 752 4304 tuns
786 4240 969 4305 Christianos
986 4245 1167 4307 orthodoxos
1190 4259 1310 4324 semper
1324 4259 1390 4304 cro·

178 4343 213 4397 ll)
225 4343 253 4388 ¹⁰
265 4357 328 4404 resp.
342 4345 372 4392 ad
384 4347 469 4401 Ram
483 4345 586 4400 inguae.
818 4347 852 4404 θ)
866 4351 890 4395 V.
905 4349 998 4410 Elitplel
1009 4352 1082 4399 bibl
1097 4353 1179 4400 Theoi.
1192 4352 1277 4408 dogm..
1293 4348 1314 4407 ἱ.
1329 4347 1368 4397 29.
