2928 4734
233 179 296 243 ent
619 187 804 238 resumeres
824 186 986 234 camaenas
1088 173 1097 186 ·

190 293 244 357 pso
264 265 396 355 tempore
417 273 499 352 sore,
519 282 553 336 ut
569 271 731 336 valesceret
751 267 793 332 0-
833 287 899 330 cum
908 264 1100 330 lliohaeaell.
1113 265 1353 348 Praeconoeptas
1370 285 1459 348 quo·

208 359 214 372 ‘
415 360 421 372 '
509 358 604 421 uduea
624 373 795 436 rerumpo·
832 371 890 434 que
908 371 978 414 suas
1003 352 1159 432 opiniones
1180 352 1217 414 do
1242 370 1338 430 regno
1366 350 1459 414 illes·

831 439 894 500 siae
912 436 1069 517 temporali
1084 455 1119 498 ex
1140 435 1286 498 vaticiniis
1313 435 1459 499 sinistre

830 539 921 584 seusrr
931 519 1091 582 intellectis
1108 520 1302 598 collegerunt:
1323 519 1367 582 do
1389 522 1459 584 ezi-

830 605 939 668 slentia
965 615 1036 682 'ergo
1060 603 1280 686 prophetiarum
1306 606 1459 668 messia-

831 707 937 752 narum
952 691 1122 751 nullalenus
1136 688 1324 750 dubitarunt.
1345 689 1385 768 c)
1403 690 1459 753 ld·

828 791 865 834 eo
876 772 1010 835 Christus
1018 781 1047 834 et
1057 772 1190 854 Apostoli
1201 790 1301 834 coram
1315 770 1459 838 luriaeis

829 857 897 918 -ad
916 875 1016 918 verum
1035 855 1158 918 llessiae
1178 875 1302 934 regnum
1330 867 1459 921 osten-

828 940 957 1004 dendum
973 975 990 988 -
1004 949 1050 1002 sat
1064 941 1189 1003 fidenter
1208 957 1244 1002 ou
1260 939 1459 1021 Propheta-

228 1027 265 1092 Ut
277 1028 413 1091 homines
427 1025 575 1103 Messium,
589 1044 642 1107 pro
654 1025 787 1107 ipsorum
827 1043 892 1088 rum
912 1025 1031 1106 eloquia
1046 1034 1255 1106 provocarunt,
1275 1033 1311 1086 ut
1331 1025 1457 1090 Evau-

187 1116 281 1176 salute
308 1114 442 1186 missum,
463 1118 542 1172 certo
561 1111 785 1189 dignoscerent,
826 1109 903 1186 galia
922 1109 1031 1188 legenti
1054 1116 1146 1189 patet.
1167 1108 1299 1171 Tolerari
1331 1121 1457 1175 autem

187 1199 265 1262 Deus
284 1215 338 1279 pro
362 1197 478 1258 infinita
497 1193 630 1256 bonitate
654 1214 708 1258 sua
726 1215 786 1258 eron
827 1212 885 1254 non
903 1203 1009 1273 potest,
1028 1193 1108 1274 quon*
1122 1194 1263 1256 ,nonnulli
1278 1207 1454 1276 asserunt,

186 1286 282 1345 solum
299 1293 415 1360 tempus
433 1298 486 1360 pro
502 1279 582 1340 illius
596 1278 722 1340 adventu
737 1280 787 1341 de·
825 1276 973 1340 Christum
987 1287 1017 1340 et
1031 1278 1186 1358 Apostolos
1200 1279 1457 1344 accommodati-

187 1365 357 1440 terminari,
377 1364 429 1425 sed
447 1363 536 1425 etiam
555 1363 743 1425 characteres
758 1365 785 1425 i·
827 1361 866 1424 tio
883 1363 978 1424 solum
991 1381 1079 1424 seusu
1091 1360 1127 1424 V.
1141 1360 1174 1423 Τ.
1186 1362 1252 1424 loca
1263 1362 1393 1425 citasse.
1412 1365 1454 1430 ld

205 1453 268 1514 sius
280 1467 333 1529 per
346 1448 507 1528 Prophetas
522 1447 667 1524 assignari
680 1447 782 1510 voluit:
825 1446 904 1508 enim
924 1454 1069 1527 repugnat
1086 1447 1251 1510 characteri
1273 1446 1451 1529 ipsorum,

184 1473 332 1598 Plurimae
350 1533 417 1594 ideo
434 1533 463 1594 io
482 1530 513 1592 S.
532 1529 684 1611 Scriptura
698 1530 734 1594 v.
748 1532 782 1595 Τ.
825 1530 876 1610 qui
902 1549 961 1591 non
988 1531 1047 1592 iam
1067 1530 1264 1593 eruditionem
1292 1541 1349 1594 aut
1370 1535 1451 1598 ele-

184 1618 358 1701 prophetiae
383 1617 548 1678 messienae
573 1617 782 1696 reperiuntur,
824 1615 955 1691 gantiam
975 1614 1035 1676 stili
1058 1615 1180 1691 iactare,
1201 1615 1252 1678 sed
1271 1617 1449 1681 raritatem

184 1699 784 1785 quorumemisterrtiomprohare,distin-
824 1699 972 1760 allirmare
1003 1699 1169 1777 studuere3
1191 1709 1338 1781 repugnat
1362 1705 1451 1781 fine}

183 1788 309 1852 ctionem
331 1785 505 1861 declarare,
529 1785 685 1847 criterium
706 1785 783 1846 assi·
824 1783 980 1845 ideoenim
991 1782 1129 1844 vaticinia
1142 1783 1284 1859 citabant,
1295 1794 1329 1847 ut
1341 1785 1449 1851 Chri-

182 1889 272 1954 gnare
295 1877 325 1931 et
341 1870 441 1933 classes
459 1887 635 1931 enumerare
654 1877 780 1948 oportet.
823 1877 901 1930 stum
919 1886 1018 1929 rerum
1031 1865 1165 1930 Messiam
1174 1869 1383 1947 ostenderent,
1401 1875 1445 1937 ad

226 1957 255 2017 1.
273 1955 405 2016 Fuerunt
420 1955 499 2015 enim
516 1952 625 2014 nostris
637 1953 783 2032 tempori·
824 1951 903 2032 quod
919 1950 1105 2032 probandum
1120 1953 1359 2014 accommodatio
1372 1976 1445 2021 non

182 2041 239 2102 bus
254 2038 401 2113 nonnulli,
415 2038 466 2118 qni
486 2038 607 2098 omnino
625 2048 782 2114 rregaruut,
824 2036 1444 2115 vulet3repugnatcommunieteonstauti

183 2124 213 2185 in
231 2122 262 2185 S.
283 2121 386 2184 Bibliis
403 2119 438 2185 ll.
460 2121 494 2183 T.
516 2139 598 2182 veras
620 2121 657 2181 de
679 2119 783 2182 llessia
823 2121 1012 2200 ontiprritotis
1034 2121 1224 2199 persecutioni
1235 2122 1255 2195 ;'
1278 2136 1444 2201 repugnat

182 2207 362 2290 prophetias
379 2206 516 2268 inveniri.
537 2239 579 2250 -
596 2202 652 2265 Sed
673 2205 724 2285 qui
742 2205 782 2266 ita
822 2204 941 2266 tandem
955 2205 1049 2267 cerdis
1066 2224 1091 2265 s.
1106 2206 1295 2286 scriptorum,
1310 2207 1367 2286 qui
1386 2229 1445 2272 ex-

181 2293 329 2368 seutiunt,
356 2290 526 2370 gravissime
550 2288 779 2351 hallucinantur.
824 2304 925 2370 presse
942 2288 1056 2364 dicunt,
1077 2288 1167 2352 citata
1180 2291 1299 2353 oracula
1318 2291 1442 2371 inepte-

182 2411 222 2422 -
234 2375 306 2436 Nam
325 2376 355 2454 a)
370 2375 461 2436 multa
475 2375 506 2435 in
518 2371 548 2436 S.
567 2371 718 2453 Scriptura
733 2373 782 2434 in·
823 2380 853 2435 ta
867 2371 970 2447 luisse,
985 2373 1110 2453 quotide
1121 2374 1355 2438 accommodatis
1372 2378 1443 2442 dici

182 2461 354 2535 veniuntur,
370 2477 447 2540 quae
467 2457 539 2519 nulli
555 2456 709 2518 hominum
724 2458 782 2518 nisi
823 2457 936 2536 nequit.
958 2489 995 2504 -
1027 2457 1060 2534 d)
1078 2456 1212 2520 Christus
1234 2467 1264 2521 et
1291 2459 1441 2540 Apostoli

181 2545 237 2605 soli
254 2543 377 2606 Messian
395 2542 537 2623 applicari
558 2548 683 2621 queunt,
701 2560 728 2602 e.
749 2561 778 2619 g.
823 2540 1442 2622 theoreticequoqueproplretihsmessia-

180 2628 270 2716 rprha
288 2627 340 2689 Dei
358 2628 389 2687 in
407 2626 455 2687 Ps.
475 2624 519 2687 II:
535 2625 633 2688 Filius
655 2642 737 2687 omres
753 2643 782 2688 cs
822 2643 875 2684 nas
893 2625 1019 2687 existere
1037 2625 1215 2688 docuerunt.
1230 2625 1278 2688 Sic
1291 2626 1440 2695 Christus

175 2720 226 2787 tn,
246 2730 297 2793 epo
315 2711 400 2778 hodie
416 2711 510 2790 penrri
521 2718 568 2782 tc;
586 2715 614 2770 et
628 2708 678 2770 Ps.
698 2709 779 2772 CIX:
821 2708 858 2769 ad
875 2706 1000 2771 ludaeos
1025 2709 1116 2772 dixit:
1137 2711 1321 2774 Serretemini
1342 2713 1440 2778 Scri-

179 2798 267 2861 Dicit
285 2796 428 2862 Dominio
450 2795 577 2856 Domitio
593 2810 726 2855 meor-
740 2829 782 2842 -
819 2799 937 2871 plnres,
954 2795 1024 2872 puio
1040 2812 1090 2856 eos
1106 2796 1218 2873 putetis
1234 2796 1268 2860 in
1290 2796 1354 2858 illis
1381 2801 1438 2862 oi-

182 2899 220 2944 ca
236 2890 319 2943 ntero
331 2887 399 2942 onte
421 2879 580 2959 luciferam
593 2878 685 2958 penei
698 2885 739 2950 tc;
752 2887 781 2940 et
821 2883 1049 2941 tom'oeternem
1064 2879 1183 2951 hohern
1194 2880 1262 2942 illoc
1273 2889 1440 2959 sarrrtpnoe

182 2965 271 3028 hlioh.
291 2962 326 3026 V:
347 2963 493 3042 Eprcssns
511 2963 574 3025 eius
597 2963 634 3025 oh
658 2962 745 3024 initio
763 2981 782 3026 o
821 2961 1021 3024 testimoninm
1033 2963 1184 3040 perhibent
1199 2965 1234 3026 de
1251 2983 1295 3026 me
1303 2964 1366 3044 (3).
1390 3003 1438 3018 -

181 3051 283 3113 dicius
302 3047 499 3120 aeternitatis;
511 3080 553 3092 -
566 3046 597 3107 hi
614 3055 644 3108 et
661 3045 781 3127 plurimi
821 3045 857 3106 Et
875 3046 911 3106 ad
928 3045 1091 3126 discipulos
1102 3066 1172 3108 suos
1184 3047 1237 3109 ait:
1254 3049 1377 3110 Necesse
1388 3061 1438 3115 est

181 3133 231 3196 alii
245 3132 358 3194 similes
370 3129 518 3191 tentusvel
535 3132 661 3206 nullum,
675 3131 718 3191 rel
730 3130 782 3192 ob-
820 3129 940 3208 impleri
955 3131 1067 3206 omerio,
1088 3147 1162 3209 pirae
1176 3133 1285 3211 scripto
1301 3141 1375 3195 steret
1399 3137 1438 3199 in

181 3217 303 3278 surdum
316 3233 435 3276 sensum
453 3214 605 3290 haberent,
617 3214 641 3276 si
655 3213 689 3275 ad
703 3213 781 3274 lies·
821 3213 881 3292 lepe
898 3215 1008 3292 Mopsi,
1027 3222 1053 3277 et
1070 3215 1209 3291 Psalmis,
1229 3224 1256 3278 et
1268 3217 1436 3295 Prophetis

181 3301 254 3362 siam
269 3318 328 3360 nou
340 3299 568 3360 reserantur.-
580 3298 612 3378 b)
631 3297 690 3378 Ipsi
704 3299 782 3360 anti·
820 3297 856 3359 de
869 3315 915 3360 nte
929 3297 989 3377 (t).
1002 3297 1107 3360 Petrus
1121 3298 1240 3379 publice
1252 3318 1352 3361 coram
1372 3302 1435 3365 Iu-

182 3381 779 3464 quiludaeideexistentiaprophetiarum
821 3381 998 3443 daeisdiuit:
1013 3383 1352 3462 Deras-praenuntient
1372 3405 1437 3465 per·

181 3467 395 3528 messianaram
418 3468 539 3528 omnino
556 3465 689 3547 persuasi
712 3465 780 3527 sue·
820 3467 997 3528 osomninm
1010 3467 1237 3546 Prophetarum,
1253 3469 1317 3546 poti
1337 3469 1436 3534 Chri-

182 3550 347 3613 ruothino
358 3569 516 3613 commune
528 3550 599 3631 ipsis
614 3550 729 3612 axioma
745 3569 780 3611 e·
819 3557 898 3613 etum
910 3549 971 3631 (5);
986 3558 1016 3611 et
1032 3549 1152 3612 iterum:
1174 3550 1280 3616 Orttrres
1292 3553 1435 3632 Prophe-

181 3643 238 3696 rat:
250 3632 387 3712 (Omma,
399 3653 595 3716 quaecunque
615 3650 782 3694 oremoran·
820 3641 867 3696 tae
883 3652 903 3697 o
920 3635 1050 3709 Sernncl,
1069 3643 1096 3697 et
1113 3636 1259 3714 deinceps,
1272 3636 1434 3716 pnilocnti

183 3717 779 3800 turinlege,Prophettsethagiographis,
818 3726 903 3798 pnrrt,
921 3720 1180 3782 onrznon'eoernnt
1198 3720 1259 3781 dies
1276 3721 1346 3783 istos
1361 3723 1428 3801 (6).

180 3803 315 3882 indicant
333 3801 534 3884 Sapientiam,
555 3802 610 3863 hoc
628 3803 673 3863 est
693 3801 780 3864 Chri·
820 3801 925 3863 Coram
950 3801 1087 3866 Cornelio
1114 3801 1294 3866 Centuriones
1321 3804 1365 3865 ait
1390 3807 1430 3870 de

171 3897 258 3950 ¹stum
271 3887 363 3968 (1).)
387 3886 539 3966 Principes
560 3883 730 3966 Syrragogae
752 3894 781 3947 et
821 3885 953 3949 Christo:
974 3887 1054 3950 Htric
1072 3903 1171 3950 omnes
1188 3888 1353 3966 Prophetae
1380 3898 1430 3954 te·

181 3972 296 4034 scribae
310 3972 423 4052 populi,
442 3968 615 4047 interrogati
631 3969 667 4030 ab
687 3967 782 4030 llero·
819 3969 992 4033 stimonium
1000 3971 1221 4050 perhiberem).
1235 3970 1345 4033 Paulus
1353 3990 1430 4036 ean·

181 4057 231 4131 de,
242 4055 293 4116 ubi
309 4054 442 4118 Christus
454 4062 636 4128 nosceretur,
653 4070 780 4132 respon·
820 4053 886 4114 dem
909 4054 997 4116 tradit
1012 4055 1187 4118 fiderunihii
1204 4063 1291 4118 entre
1308 4056 1426 4134 diceres,

171 4133 781 4224 'deruntrinBethlehem(2),citenteslo·
820 4154 1055 4218 prromeu,puee
1065 4139 1426 4220 Prophetcelocntisunt,

212 4269 244 4326 (1)
259 4270 283 4313 v.
300 4269 388 4317 llanloi.
403 4269 469 4316 fluet.
482 4281 549 4326 prop.
561 4269 584 4323 t,
601 4281 624 4314 n.
640 4268 661 4315 1,
851 4268 881 4325 (ll
896 4267 1000 4327 tuear,
1017 4268 1052 4313 11.
1120 4269 1152 4325 (ὅ)
1168 4271 1213 4316 Act.
1225 4271 1247 4327 ³,
1266 4269 1300 4315 l8.

213 4329 242 4386 (2)
258 4329 375 4374 uetans.
478 4329 509 4384 15)
524 4330 556 4374 lo.
566 4330 589 4379 tt.
603 4329 694 4374 edalo.
852 4329 882 4385 td)
897 4327 930 4372 11).
946 4340 968 4375 r.
983 4328 1053 4392 at..
1113 4329 1145 4388 tl)
1161 4331 1210 4377 Aet.
1226 4328 1263 4388 tu,
1279 4331 1317 4377 ta.
