2934 4736
215 155 275 239 358
614 193 799 242 rncouosmc
821 191 983 241 cruentata

172 255 330 335 fundatum
358 284 502 358 perpetuo
531 273 695 356 perdurare
720 273 776 338 de·
817 272 873 336 bus
891 270 1043 338 Ecclesiae
1067 269 1213 355 triplicem
1240 281 1420 352 potestatem

172 353 254 418 bere.
815 357 994 440 attribuunt,
1015 357 1156 426 nimirum
1176 366 1355 438 potestatem
1376 369 1421 420 te-

216 440 245 502 1.
265 439 346 504 ldem
366 438 561 506 confirmatur
578 461 614 506 ex
632 447 775 524 perpetua
815 441 913 505 standi
930 441 968 506 de
990 441 1107 522 scriptis
1130 441 1321 522 apostolicis,
1341 443 1420 504 divi-

170 521 322 588 Ecclesiae
349 528 548 612 persuasione⁸
567 536 601 589 et·
621 528 715 608 praxi.
740 528 773 590 ln
815 545 884 588 nam
903 526 1079 607 scripturam
1095 534 1174 588 recte
1188 524 1377 602 intelligendi
1393 539 1421 590 et

171 608 310 688 omnibus
340 611 420 673 enim
449 610 576 674 saeculis
603 611 774 677 christianis
814 609 1042 692 interpretandi,
1056 616 1086 672 ct
1104 609 1215 673 iudicia
1230 609 1419 674 dedoctcina

169 690 216 753 ius
227 697 261 754 'et
276 695 404 757 officium
421 695 560 772 docendi,
574 694 773 758 Revelationis
814 693 1003 760 instituendi.
1021 727 1063 740 ·-
1084 691 1166 756 ldevu
1191 692 1281 756 etiam
1310 693 1420 772 legitur

169 774 267 839 tontes
282 778 509 861 interpretandi,
522 797 557 841 ac
572 779 642 841 tidei
655 788 773 842 contro·
813 777 844 840 in
871 778 1063 841 Confessione
1089 776 1310 856 Theologorum
1336 777 1417 841 Wit-

167 862 279 924 versias
297 863 457 925 dirimendi
476 863 615 945 Episcopi
631 883 697 925 cum
717 884 771 926 suo
814 862 1049 942 tenbergentiuttt
1064 861 1123 943 (3).
1137 895 1180 910 -
1191 860 1296 923 lllelius
1310 862 1414 942 etiam,

167 941 298 1010 Primate
322 947 381 1010 sibi
406 945 605 1010 vindicarunt.
630 946 770 1019 Quoties·
812 961 900 1028 quam
921 945 1094 1023 Luciacus,
1121 945 1214 1008 sensit
1238 954 1267 1006 et
1294 947 1415 1028 scripsit

168 1045 286 1111 cunque
306 1032 384 1094 enim
405 1030 549 1110 agebatur·
566 1031 602 1094 de
621 1033 769 1111 dogmati·
811 1029 975 1108 Calvinus,
994 1031 1044 1112 qui
1071 1031 1101 1092 in
1123 1029 1187 1090 ¹suis
1213 1029 1414 1094 institutioni-

167 1109 224 1175 bus
240 1115 429 1193 dellniendis,
444 1115 482 1177 de
496 1113 527 1178 S.
541 1113 712 1198 Scripturas
726 1119 770 1180 lo·
812 1115 866 1178 bus
887 1116 933 1198 (1)
954 1116 1036 1178 dicit:
1059 1135 1074 1176 c
1090 1113 1160 1176 Eius
1180 1115 1331 1195 (satanae)
1351 1127 1414 1178 arte

167 1196 209 1258 cis
226 1198 358 1278 legitime
377 1200 577 1280 exponendis,
595 1220 628 1262 ac
648 1201 685 1264 de
699 1202 769 1265 fidei
810 1199 919 1261 lactum
935 1210 990 1277 est,
1004 1209 1036 1262 ut
1048 1217 1121 1281 pura
1134 1199 1214 1258 verbi
1230 1199 1414 1278 praedicatio

166 1285 376 1346 controversiis
397 1283 591 1361 dirimendis,
613 1296 767 1368 rmnquam
808 1283 921 1365 aliquot
939 1284 1066 1346 saeculis
1086 1281 1264 1359 evanuerit,
1283 1290 1315 1344 et
1331 1304 1414 1348 nunc

166 1368 301 1446 quaestio
320 1368 460 1430 solvenda
476 1368 768 1432 omnibusddelibus
809 1369 912 1430 eadem
938 1368 1129 1449 improbitate
1147 1367 1294 1428 incumbit
1309 1367 1346 1430 ad
1364 1369 1413 1430 la-

164 1449 402 1532 relinquebatur,
422 1452 492 1529 sed,
513 1452 556 1515 uti
581 1473 616 1516 ex
644 1455 767 1516 historia
808 1451 1016 1515 belactandum
1039 1449 1249 1528 ministerium,
1264 1451 1345 1523 cuod
1363 1462 1413 1514 ta·

166 1535 368 1606 ecclesiastica
386 1535 457 1598 satis
481 1546 584 1600 notum
604 1549 670 1615 est,
692 1537 766 1620 Epi·
809 1555 875 1598 men
891 1537 934 1598 sic
953 1537 983 1599 in
1000 1535 1130 1599 Ecclesia
1143 1533 1276 1596 Christus
1291 1537 1412 1599 ordina-

164 1617 247 1697 scopi
270 1620 419 1700 primitus,
438 1640 505 1683 cum
521 1624 764 1702 persecutionum
807 1619 859 1698 vit,
876 1629 909 1684 ut
924 1621 975 1683 illo
988 1619 1118 1697 sublato,
1136 1618 1226 1680 huius
1241 1619 1410 1684 aedificatio

163 1703 313 1781 procellae
331 1706 491 1781 saevirent,
509 1725 562 1787 per
574 1707 687 1770 litteras
703 1708 766 1768 lor·
807 1704 1057 1785 pereat.»llirum
1068 1705 1207 1767 ideonon
1217 1711 1271 1780 est,
1283 1703 1309 1765 si
1318 1706 1408 1767 etiam

163 1795 258 1849 malas
276 1789 544 1867 communicantes,
564 1797 593 1852 et
612 1801 714 1874 postea
733 1791 763 1854 in
806 1787 1409 1868 interProtestantes'l'heologiinveniun-

162 1871 297 1934 conciliis
322 1873 525 1938 oecumenicis
550 1875 666 1937 collecti
690 1894 764 1938 con·
806 1881 864 1951 tur,
885 1873 935 1954 qui
954 1874 1068 1949 dicunt,
1089 1872 1359 1934 controversiarum
1376 1877 1408 1935 sv-

163 1957 320 2019 troversias
344 1957 549 2034 diremerunt,
573 1966 603 2020 et
627 1959 764 2038 dogmata
805 1958 852 2018 dei
870 1958 1000 2020 iudicem
1021 1957 1243 2022 ministerialem
1263 1975 1330 2018 esse
1348 1959 1407 2020 Ec·
1457 1997 1458 2000 =

161 2037 310 2102 credenda
329 2050 559 2122 proposuerunt.
579 2041 665 2104 Prius
684 2043 764 2106 circa
804 2042 938 2120 clesiem,
951 2051 981 2104 et
996 2042 1156 2123 praecipue
1170 2048 1303 2123 pastores
1315 2043 1408 2105 etdo-

160 2121 405 2202 Valentinianos,
426 2124 638 2203 llontanistas,
657 2125 763 2190 Sabel·
804 2133 901 2188 ctores
918 2126 949 2188 in
967 2126 1119 2204 Ecclesia,
1137 2134 1170 2187 ut
1192 2125 1329 2206 loquitur
1347 2125 1406 2190 Ge-

161 2207 270 2284 lianos,
286 2218 315 2271 et
334 2209 482 2290 posterius
496 2229 564 2272 vero
579 2210 611 2272 in
625 2213 764 2275 causant·
804 2210 920 2287 cardus,
941 2211 992 2274 vel
1004 2212 1028 2272 si
1046 2211 1136 2274 etiam
1156 2227 1223 2270 cum
1243 2208 1404 2272 Turretino

159 2292 327 2368 rianorum,
344 2293 636 2373 Macedonianorum,
655 2295 762 2359 Nesto·
803 2293 976 2372 admittunt,
987 2295 1017 2356 in
1031 2295 1094 2356 soro
1107 2303 1228 2363 externo
1240 2295 1406 2374 quemlibet

159 2377 333 2454 rianorum,
352 2377 624 2458 Eutychianorum,
641 2389 670 2442 et
687 2381 763 2442 sub·
803 2379 949 2460 privatum
972 2398 1004 2442 se
1021 2378 1169 2442 subiicere
1186 2378 1295 2440 debere
1313 2397 1403 2460 spuo·

160 2461 348 2542 sequentium
375 2461 591 2524 haereticorum
611 2465 763 2526 obtinuis-
803 2463 877 2525 dicis
902 2461 1116 2524 decisionibus
1137 2497 1179 2510 --
1203 2461 1275 2524 Cum
1303 2471 1401 2524 autem

160 2563 210 2622 se,
231 2545 354 2626 antiqua
373 2555 565 2608 monumenta
587 2549 760 2612 ostendunt.
802 2545 1401 2628 Protestautesnihilominuspermittant,

159 2627 293 2692 Ecclesia
318 2639 415 2691 autem
443 2649 496 2712 pro
514 2651 576 2692 suo
600 2631 710 2696 iudicio
730 2634 760 2696 in
803 2640 835 2694 ut
853 2631 979 2712 quilibet
1005 2631 1211 2713 perspiritum
1229 2649 1319 2692 suum
1339 2632 1403 2712 pri-

158 2713 249 2784 rebus
268 2714 336 2776 odei
355 2714 443 2776 talem
460 2733 579 2797 semper
596 2715 760 2780 subiectio·
801 2725 900 2778 vatum
913 2713 1094 2796 Scripturam
1107 2723 1325 2796 exponat,cum
1339 2734 1404 2798 por·

159 2817 228 2860 nem
247 2799 355 2877 exegit,
375 2807 408 2860 ut
424 2817 539 2876 omnes,
558 2800 609 2881 qui
627 2819 692 2862 eam
709 2797 760 2864 ress
800 2819 834 2862 ro
861 2809 973 2862 rectum
1002 2809 1178 2880 conceptum
1203 2797 1240 2862 de
1268 2798 1402 2861 Ecclesia

158 2893 309 2960 cusarent,
326 2883 514 2945 anathemate
532 2885 718 2964 percelleret,
731 2894 761 2948 et
801 2905 861 2946 non
880 2884 987 2946 sistant
998 2929 1007 2962 ,
1027 2903 1115 2964 quam
1135 2891 1168 2945 ut
1192 2885 1401 2962 congregatio-

158 2967 262 3030 snlutis
279 2975 395 3028 exortes
410 2967 586 3044 declararet,
602 2970 680 3048 quod
695 2972 760 3034 tisri
800 2988 869 3032 nem
887 2966 1061 3030 Sanctorum
1086 2975 1166 3030 recte
1191 2965 1399 3043 sentientium,

158 3050 237 3112 baud
256 3051 411 3132 potuisset,
429 3051 485 3112 nisi
504 3054 671 3114 communis
688 3074 759 3136 per·
799 3055 851 3120 sed
871 3057 930 3115 non
949 3052 1078 3114 externis
1093 3061 1122 3114 et
1138 3050 1307 3114 visibilibus
1323 3052 1401 3114 notis

157 3135 257 3197 suasio
271 3135 424 3213 viguisset,
437 3135 600 3198 Ecclesiam
616 3154 681 3199 esse
697 3159 760 3201 ma·
799 3138 1004 3201 distinctorum
1017 3144 1205 3218 proponunt,
1216 3144 1247 3198 et
1260 3154 1329 3198 cum
1345 3137 1400 3198 de-

156 3217 311 3297 gisterium
325 3219 588 3297 authenticum,ab
601 3217 665 3302 ipso
677 3223 759 3286 Chri·
799 3222 889 3304 nique
907 3241 961 3304 pro
978 3221 1040 3282 suis
1060 3221 1229 3302 pastoribus
1245 3237 1280 3280 ac
1298 3219 1401 3282 docto·

157 3310 201 3377 sto
221 3302 401 3366 institutum.
798 3305 1057 3384 ribus·legitimam
1074 3305 1244 3380 missionem
1260 3305 1400 3365 ostende-

196 3387 286 3450 Noto.
311 3353 496 3453 Contriiiam
523 3387 593 3450 huic
618 3393 757 3473 proposi·
797 3409 830 3452 re
849 3409 909 3452 non
929 3391 1057 3465 valeant,
1073 3389 1141 3450 ideo
1161 3406 1281 3468 semper
1295 3406 1398 3449 verum

157 3469 231 3546 tioni
249 3471 411 3533 doctrinam
432 3474 628 3552 propugnavit
643 3473 757 3539 Luthe-
798 3481 909 3549 nnanet,
924 3474 961 3535 ab
977 3473 1049 3556 ipsis
1069 3472 1268 3552 magisterium
1284 3472 1398 3533 docen-

155 3571 225 3631 rus,
249 3555 300 3636 qui
322 3556 466 3633 asseruit,
485 3556 649 3636 quemlibet
669 3559 756 3623 Chri·
796 3558 824 3620 di
840 3557 1056 3634 authenticum,
1070 3555 1091 3619 i.
1106 3576 1134 3619 e.
1149 3555 1264 3638 abipso
1279 3553 1397 3620 Christo

155 3637 284 3701 stianum
304 3659 321 3702 a
339 3637 452 3721 Spiritu
471 3637 501 3702 S.
521 3640 633 3720 doceri,
653 3651 683 3705 et
704 3645 756 3707 tali
796 3642 963 3706 institutum
978 3643 1088 3720 negari.
1106 3640 1184 3702 Haec
1199 3641 1263 3720 ipsa
1278 3641 1397 3718 negatio

154 3721 274 3786 interna
297 3723 439 3785 unctione
462 3726 592 3806 repleri,
613 3737 645 3788 ut
666 3728 753 3791 sidem
795 3727 923 3790 maxime
936 3725 1137 3809 promotaluit
1149 3724 1399 3806 perinvalescen·

153 3817 265 3870 rectam
284 3807 451 3888 concipiat,
472 3819 501 3872 et
522 3811 559 3872 de
583 3811 634 3874 illa
658 3822 755 3876 certus
795 3820 854 3872 tem
874 3810 1124 3886 rationalismum,
1138 3808 1301 3890 quispretu
1314 3808 1397 3870 omni

154 3891 205 3952 liat
224 3891 283 3972 (1).
304 3890 488 3954 Contrarium
514 3893 651 3974 equidem
679 3895 754 3960 Pro·
795 3896 969 3957 auctoritate
993 3893 1100 3956 rationi
1123 3893 1226 3954 omnia
1248 3892 1395 3970 indulget,

111 4034 115 4048 2
152 3982 296 4036 testantes
314 3976 452 4038 statuisse
472 3976 609 4038 videntur
630 3977 660 4040 in
680 3983 754 4042 arti·
791 3988 823 4040 et
842 3979 871 4040 in
893 3979 1056 4059 perlectum
1075 3975 1328 4040 Socinianismum
1348 3977 1398 4040 in·

154 4057 229 4119 culis
247 4077 325 4120 anno
345 4060 424 4122 1511
445 4059 532 4122 editis
550 4059 616 4142 (2),
636 4062 667 4124 in
683 4067 753 4145 qui·
792 4062 885 4125 clinct
903 4063 962 4143 (5).
999 4091 1001 4100 v

182 4209 215 4328 μ)
230 4213 262 4261 os
277 4185 377 4286 miecio.
392 4217 449 4262 secr.
465 4215 539 4262 instit.
554 4216 572 4262 c.
588 4217 615 4275 rr,
629 4215 671 4266 tor.
686 4219 739 4267 scr.
824 4189 896 4276 tvp'c.
911 4188 933 4278 i,
949 4229 970 4263 e.
985 4218 1008 4278 r,
1024 4216 1045 4278 p.
1062 4217 1097 4264 rc.

191 4301 205 4314 .
228 4273 305 4330 super
320 4278 388 4320 trtrc.
404 4287 418 4320 a
433 4278 497 4320 Caes.
514 4286 605 4333 propos.
823 4279 853 4338 (ὅ)
870 4276 903 4322 cl.
919 4277 1024 4324 lloebler
1038 4277 1160 4336 Symboltlc
1176 4276 1197 4322 t.
1212 4275 1235 4322 o.
1248 4277 1271 4322 5.
1287 4277 1316 4326 11.
1332 4276 1355 4340 1.
1371 4281 1400 4326 tt

181 4327 213 4386 151
227 4331 296 4378 00⁰0·
309 4334 363 4379 trid.
375 4333 480 4378 exhibito
492 4346 556 4386 tuno
568 4338 636 4388 isac
793 4341 837 4386 etc.
848 4337 907 4384 illue
922 4336 941 4382 l.
954 4337 977 4382 Β.
988 4337 1011 4382 2.
1025 4337 1068 4384 Tb.
1082 4337 1101 4384 l.
1114 4337 1140 4384 ll.
1154 4336 1180 4384 ll.
1196 4335 1299 4384 tlvscltn.
