2928 4734
187 203 250 266 262
589 217 774 264 aeconomus
794 213 956 262 eeuensms

140 306 201 362 tem
217 309 247 362 et
260 299 449 382 impollutum
466 297 689 380 praefiguraret.
703 296 746 358 Α·
786 295 818 357 in
836 294 954 356 deserto
973 312 990 355 a
1006 290 1086 355 llose
1110 313 1262 375 percussa,
1279 317 1314 362 ex
1333 321 1394 384 qua

140 385 203 462 gni,
232 393 262 447 et
287 384 395 449 Christi
419 383 485 445 Iesu
507 401 586 444 mors
610 389 745 455 cruenta,
787 379 825 442 ad
850 378 1011 441 sedandam
1036 377 1233 442 israelitarum
1253 384 1332 445 sitim
1358 409 1393 447 a-

140 477 267 550 ntraque
284 468 313 530 in
338 467 460 546 gratiam
480 466 594 548 populi.
621 463 748 542 Sanguis
787 481 847 544 qua
867 461 1022 538 scaturiit,
1045 460 1194 525 Christum
1216 471 1395 547 praesigna-

140 553 209 632 agni
224 553 381 614 domorum
400 551 514 613 loribus
531 569 669 631 aspersus
686 547 747 610 He·
786 548 840 625 vit,
860 565 895 608 ex
913 547 999 608 cuius
1017 564 1157 626 percusso
1174 549 1265 612 latere
1286 557 1394 634 copio-

140 636 241 700 braeis
263 636 352 698 saluti
377 635 444 712 suit,
477 635 601 716 perinde
619 642 653 694 ut
681 631 747 693 lesu
787 649 839 693 sae
854 631 967 710 gratiae
985 631 1138 707 effluxere,
1158 650 1235 712 quae
1254 634 1394 701 homines

140 719 263 798 sanguis
286 720 433 781 universis
460 717 653 794 bominibus,
677 716 748 796 qui·
787 715 818 776 in
836 715 973 796 squalida
997 714 1100 776 mundi
1123 715 1212 778 huius
1230 719 1395 785 solitudine

141 820 259 885 cunque
278 822 313 865 eo
335 803 509 865 abluuntur.
533 801 576 863 Ne
594 800 662 880 agni
681 819 748 861 ossa
787 799 835 861 siti
847 798 1393 887 spiritualitabescentesresrciunttb).

140 889 400 966 confringerentur
421 887 485 964 lege
515 893 636 948 cautum
667 892 743 962 erat3
786 881 1069 953 SummusPontilen¹
1082 884 1172 946 semel
1183 885 1396 970 inanno,‘post

53 1023 57 1026 .
140 971 208 1034 Iesu
225 971 335 1033 mortui
346 989 406 1032 non
421 969 573 1047 fregerunt
587 987 686 1031 crtrra.
703 967 746 1030 Α·
787 967 1106 1030 mactatamaictimam
1117 967 1257 1032 insancta
1274 984 1395 1036 sancto-

139 1055 190 1135 gni
208 1055 350 1136 reliquias
366 1055 442 1115 ullas
457 1053 487 1114 in
502 1053 662 1115 crastinam
681 1070 746 1114 ser·
786 1071 852 1114 rum
872 1051 1053 1130 ingrediens,
1079 1053 1286 1132 praefiguravit
1304 1057 1395 1120 Chri-

138 1156 208 1200 uare
232 1139 317 1200 nefas
338 1146 414 1215 erat,
440 1134 573 1199 Christus
596 1137 633 1198 de
658 1143 746 1199 eruc'e
786 1145 864 1199 stum
879 1136 940 1215 (6),
954 1135 1006 1216 qui
1024 1145 1092 1216 post
1108 1136 1240 1199 oblatum
1264 1140 1297 1200 in
1321 1161 1395 1204 eru·
1454 1147 1455 1156 ’

140 1223 295 1303 depositus
322 1231 378 1295 est,
409 1228 440 1282 et
462 1220 494 1282 in
518 1230 744 1284 monumentum
786 1239 820 1282 ee
835 1220 1014 1282 sacrilieium
1033 1220 1065 1282 in
1079 1221 1196 1282 eoelum
1214 1223 1343 1300 gloriose
1358 1245 1395 1288 a·

140 1307 277 1368 conditus
298 1306 363 1387 ipso
386 1305 490 1367 mortis
517 1325 589 1367 suae
614 1306 674 1368 die.
699 1304 745 1367 Ab
785 1305 975 1383 scendit(i).

142 1392 211 1470 agni
230 1409 282 1452 esu
298 1388 403 1470 polluti
421 1407 455 1450 ac
476 1387 676 1452 incircumcisi
695 1407 745 1450 ar·
807 1387 1395 1470 Noraahiramnonnullisvidatur,eur

140 1474 297 1550 cebantur3
317 1473 484 1535 adsacrum
505 1475 637 1556 eorporis
655 1473 745 1536 Chri·
785 1472 900 1550 ludaei,
917 1472 969 1552 qui
989 1473 1109 1534 oracula
1127 1474 1340 1555 prophetarum
1362 1481 1394 1540 in

140 1559 177 1619 sti
194 1558 316 1638 epulum
330 1556 450 1618 nonnisi
468 1559 558 1619 corde
572 1577 648 1639 puro
665 1575 747 1618 acee-
787 1556 926 1618 inanibus
942 1555 1103 1632 habebant,
1115 1560 1243 1620 maxima
1258 1581 1293 1622 ex
1310 1574 1397 1642 parte

140 1643 210 1703 dere
224 1641 304 1703 licet.
321 1641 391 1703 Post
408 1641 477 1721 agni
497 1642 643 1724 paschalis
662 1661 744 1702 esum
786 1639 949 1716 Christum,
969 1640 1055 1701 cuius
1074 1642 1133 1702 lata
1152 1645 1280 1723 propriis
1298 1647 1397 1708 oculis

140 1726 311 1806 aegyptiaca
335 1725 433 1786 statim
458 1727 599 1788 servitute
617 1725 746 1806 exempti
786 1725 961 1800 cernebant,
985 1743 1040 1785 eeu
1068 1723 1203 1787 Messinm
1232 1747 1397 1807 agnoscere

139 1819 211 1872 sunt
227 1809 392 1887 israelitam
412 1827 467 1889 per
486 1810 620 1891 corporis
638 1808 746 1872 Christi
787 1809 991 1870 detrectarint.
1008 1808 1055 1869 Nil
1071 1819 1169 1872 autem
1188 1812 1294 1874 exinde
1320 1835 1396 1876 con-

140 1893 746 1969 esunavitiorun‚dacm0num,aom0r-
787 1901 832 1954 tra
849 1893 1002 1954 veritatem
1023 1894 1245 1974 prophetiarum
1266 1902 1397 1959 messia-

139 1979 179 2039 tis
197 1977 354 2059 tyrannide
376 1977 548 2039 liberamur.
566 2013 608 2024 -—
623 1979 748 2058 Serpens
786 1995 891 2038 uarum
911 1978 941 2038 in
957 1975 1073 2039 Christo
1089 1979 1316 2058 adimpletarum
1330 1986 1397 2045 col-

141 2080 270 2138 ueneus,
295 2080 312 2122 a
330 2059 410 2122 Mose
428 2061 458 2121 in
478 2063 593 2122 deserto
612 2070 745 2136 erectae,
786 2061 836 2139 ligi
856 2069 963 2142 potest,
974 2061 1137 2123 dummodo
1151 2064 1280 2126 nationis
1292 2067 1398 2129 iudai·

140 2145 249 2208 Christi
269 2146 300 2206 in
321 2163 408 2224 cruce
429 2145 547 2206 exaltati
568 2154 652 2225 typus
678 2145 744 2222 luit,
787 2163 838 2206 cae
857 2145 973 2208 indoles
989 2145 1044 2206 rite
1064 2156 1216 2226 perspecta
1236 2150 1396 2213 habeatur.
1454 2219 1455 2226 g

140 2229 440 2310 -quemadmodum
454 2229 748 2310 enimserpentishu-
787 2227 897 2300 Quouis
915 2232 995 2290 enim
1011 2237 1145 2310 tempore
1162 2230 1276 2311 ludaei,
1293 2236 1338 2296 uti
1352 2236 1399 2296 hi·

140 2313 335 2394 iusaspectus
348 2312 485 2374 homines
498 2332 514 2373 a
528 2323 748 2375 venenatoser-
787 2313 879 2375 storia
900 2313 997 2388 docet,
1022 2331 1090 2391 erga
1116 2316 1312 2396 prophetase
1333 2319 1397 2382 Deo

142 2399 279 2478 pentium
297 2415 399 2458 morsu
418 2397 553 2473 sanavit,
577 2397 619 2458 sic.
640 2417 692 2478 per
709 2398 747 2458 fi·
788 2398 895 2458 missos
913 2397 1045 2459 animum
1061 2397 1181 2475 durum,
1197 2401 1346 2479 ingratum
1367 2415 1399 2466 et

143 2481 211 2542 dem
238 2481 269 2542 in
291 2481 454 2558 Christum,
474 2482 555 2542 cruci
580 2483 749 2557 affixum,a
787 2482 928 2544 rebellem
960 2481 1153 2543 ostenderunt
1183 2484 1241 2563 (8).
1273 2485 1396 2549 Praeci·
1454 2489 1455 2548 l

143 2583 247 2626 morsu
265 2565 432 2640 daemonis,
450 2565 471 2626 i.
492 2584 520 2626 e.
542 2575 696 2646 apeccato
709 2565 747 2626 li·
788 2584 846 2647 pue
865 2574 964 2627 autem
981 2574 1114 2645 tempore
1129 2566 1237 2629 Christi
1250 2571 1331 2632 natio
1350 2573 1398 2633 iu·

141 2648 283 2712 beramur
302 2649 315 2728 (
337 2649 362 2729 ).
386 2683 427 2694 —-
451 2650 561 2712 Hircus
579 2651 749 2712 emissorius
790 2650 873 2712 dalea
898 2651 980 2710 valde
1005 2660 1145 2730 corrupta
1168 2653 1279 2728 extitit,
1305 2665 1397 2736 atque

142 2733 228 2794 cuius
239 2733 329 2814 capiti
345 2733 423 2794 mala
437 2733 659 2813 imprecabatur
673 2733 750 2795 Pon·
789 2733 856 2795 ideo
875 2733 962 2794 multi
980 2735 1101 2796 oracula
1119 2737 1332 2816 prophetarum
1350 2741 1395 2801 vel
1454 2743 1455 2822 J

142 2817 226 2893 tifex,
243 2817 354 2898 quique
373 2816 572 2880 israelitarum
593 2818 677 2880 noris
688 2817 750 2878 vel·
790 2817 912 2878 omnino
929 2836 988 2878 non
1003 2819 1154 2897 legebant,
1172 2822 1217 2881 vel
1232 2841 1290 2882 non
1303 2823 1396 2885 intel·

141 2912 175 2962 ut
197 2901 367 2962 onustusiu
384 2901 448 2962 loca
468 2901 583 2962 deserta
606 2902 749 2980 abigeha-
789 2900 933 2980 ligabant,
957 2902 1110 2964 ueletiam
1139 2923 1190 2984 per
1208 2906 1325 2985 spurias
1343 2927 1394 2969 vo·
1454 2919 1455 2940 ³

143 2993 205 3061 tur,
223 2985 370 3047 Christum
391 2985 552 3060 denotavit,
569 2987 620 3064 qui
633 2993 750 3065 peceato
789 2985 899 3047 riarum
914 2993 1060 3047 sectarum
1075 2987 1274 3066 expositiones
1288 3000 1317 3051 et
1333 2999 1394 3052 tra·

141 3068 748 3150 nostroipsepertolitiocorporesuo(hh
790 3070 931 3146 ditiones,
960 3088 994 3130 ao
1022 3072 1180 3153 praecipue
1208 3092 1262 3153 per
1291 3075 1397 3136 salsam
1454 3069 1455 3152 3

142 3171 213 3213 nam
228 3155 327 3231 posuit
345 3153 492 3216 Dominus
506 3155 540 3216 in
556 3171 588 3215 eo
602 3154 750 3232 datiqultu-
789 3152 912 3214 Messiae
931 3173 985 3216 ceu
1004 3155 1084 3232 regis
1115 3157 1261 3218 terrestris
1288 3166 1396 3238 poten·

144 3243 201 3297 tem
218 3239 350 3298 omnium
368 3246 504 3300 nostrum
516 3236 575 3317 (3).
593 3237 747 3318 Sacrificio
790 3237 898 3298 tissimi
918 3237 1070 3299 notionem
1084 3239 1202 3318 penitus
1220 3259 1396 3323 corrumpe-

143 3320 751 3400 cruentosatirequenteraludaeisobla-
790 3320 1043 3399 bant-Negari
1072 3330 1170 3384 autem
1199 3344 1259 3386 non
1287 3335 1393 3406 potest,

143 3410 174 3463 ta
192 3403 432 3482 praefigurabant
450 3405 627 3466 sacrificium
644 3423 750 3467 cruen-
791 3405 869 3466 haud
883 3423 993 3484 paucos
1007 3405 1138 3468 melioris
1150 3407 1260 3470 indolis
1272 3409 1396 3472 ludaeos
1454 3429 1455 3480 j

143 3495 207 3546 tum
231 3486 378 3549 aChristo
403 3487 434 3547 in
457 3506 545 3549 cruce
567 3489 749 3550 offerendum
790 3489 929 3550 vaticinia
946 3489 1094 3551 messiana
1109 3500 1187 3553 recte
1201 3493 1396 3568 intellexisse,

144 3588 238 3650 aquo
257 3570 444 3631 omnemvim
459 3590 542 3632 suam
561 3574 747 3653 repetebant.
791 3572 856 3653 ipsa
874 3573 903 3634 in
923 3571 1038 3635 Christo
1058 3573 1217 3655 adimpleta
1230 3580 1397 3654 agnovisse,
1454 3635 1455 3638 ,

144 3653 218 3715 -Ε
238 3655 322 3716 coelo
347 3653 491 3733 depluens
518 3675 645 3733 manna,
667 3658 752 3738 panis
791 3665 880 3736 atque
907 3656 974 3719 ideo
1004 3657 1178 3734 religionem
1200 3660 1398 3724 christianam

146 3737 278 3814 coeli,et
293 3738 570 3818 panishngelorum
588 3741 666 3802 dicta
690 3740 749 3821 (d),
791 3740 958 3821 suscepisse
984 3740 1024 3822 (ᾗ.
1057 3741 1141 3822 135).
1169 3742 1309 3806 Maiorem
1331 3766 1399 3810 vero

144 3823 243 3900 figura·
257 3823 314 3883 luit
326 3822 411 3901 panis
423 3823 614 3886 eucharistici
630 3844 646 3886 a
665 3824 752 3888 Chri·
791 3825 889 3902 gentis
912 3825 1049 3886 iudaicae
1073 3835 1186 3906 partem
1211 3829 1242 3888 in
1263 3828 1398 3891 hiessiam

146 3916 192 3967 sto
210 3906 396 3982 instituendi,
417 3909 502 3969 cuius
527 3916 700 3989 perpetuam
720 3909 751 3969 in
793 3927 851 3968 non
870 3907 1049 3969 credituram
1070 3909 1144 3986 sore,
1161 3911 1218 3992 ipsi
1236 3912 1399 3993 prophetae

144 3991 265 4072 templis
275 3991 326 4051 llei
338 3993 570 4053 asservationem
581 4009 674 4071 pones
682 4009 754 4070 pro·
792 3991 851 4052 iam
869 3991 980 4052 dudum
993 3993 1212 4072 praedixerant,
1227 4005 1317 4076 atque
1334 3999 1398 4059 ideo
1454 4037 1455 4080 ,

142 4076 300 4154 positionis
328 4075 578 4157 praefigurabant.
605 4077 754 4138 -Petro
793 4076 859 4155 ipsa
877 4075 1025 4137 obstinata
1043 4075 1218 4140 ludaeorum
1239 4079 1400 4143 increduli·

177 4221 338 4280 (ι)ιο.5,ιι.
410 4221 629 4281 (2)1Ριιι.22ι.
826 4226 856 4284 (7)
873 4223 908 4271 Cl.
922 4227 985 4271 Frlnt
1000 4227 1015 4271 Ι.
1027 4239 1047 4272 c.
1060 4226 1119 4284 W
1131 4231 1174 4273 etc.
1188 4228 1324 4274 [tarniluet.
1336 4229 1401 4284 Prop-
1454 4223 1455 4280 l

179 4278 211 4338 (ὅ)
227 4281 258 4325 lo.
275 4283 312 4338 55,
327 4285 350 4328 o.
409 4281 439 4339 (ι)
452 4280 493 4326 Ex.
503 4281 539 4336 ld,
549 4281 570 4324 l.
583 4281 700 4340 us.77,2t
711 4283 755 4327 etc.
795 4285 818 4342 9,
830 4296 882 4342 cap.
901 4284 951 4330 lid.
968 4287 1035 4332 hlurt.
1048 4287 1132 4332 decani
1148 4288 1280 4343 strategium
1297 4289 1323 4334 V.
1338 4289 1362 4332 et
1376 4287 1402 4332 h·
1454 4283 1455 4320 l

175 4338 207 4396 (ὃ)
222 4337 294 4383 icor.
310 4341 348 4425 ltll
363 4339 384 4398 l,
400 4342 446 4384 etc.
538 4341 569 4396 (6)
584 4341 688 4401 neure,
704 4343 740 4389 l2.
795 4343 947 4390 Testamenti.
1023 4419 1027 4426 ι
1114 4346 1144 4406 (8)
1163 4348 1240 4394 hlatth.
1256 4347 1345 4407 25,57.

51 4460 100 4472 1-
