2934 4736
212 177 274 241 atti
610 139 794 242 menaeus
814 193 976 240 cananaeus

169 277 331 355 quominus
353 277 410 360 ipsi
429 297 462 342 se
476 285 583 361 sponte
601 278 639 340 ad
658 278 768 338 imma·
808 293 871 336 ram
890 275 970 357 passi
988 281 1075 352 sunt,
1095 273 1125 336 id
1144 291 1217 336 sane
1235 274 1411 341 naturaliter

170 359 220 420 nia
242 379 361 442 quoque
375 364 558 440 oaeneon«
578 363 689 443 quippe
707 379 770 422 cer·
808 359 948 440 explicari
968 379 1027 421 non
1041 367 1150 441 potest,
1164 359 1215 420 sed
1228 368 1260 419 ut
1279 360 1340 420 veri
1360 381 1412 424 no·

170 445 404 528 tatimgloriosa
426 447 456 508 in
475 447 639 509 certamina
656 445 768 507 rueba·
809 444 898 505 minis
907 443 1411 520 miraculumestagnoscendum.--

170 534 228 605 tur,
245 530 350 591 scribit
366 531 516 612 Sulpicius
537 532 598 612 (l),
615 532 768 610 multoque
808 527 889 588 Inter
905 527 985 608 ipsos
1002 526 1150 604 ethnicos,
1169 526 1297 608 propriis
1315 531 1412 592 oculis

168 612 283 675 aridius
298 623 368 678 tuno
387 616 526 697 martyria
540 614 678 693 gloriosis
690 632 769 675 mor·
809 620 953 692 martyres
967 612 1200 687 considerantes,
1216 611 1339 692 plurimi
1357 631 1411 675 su·

167 696 249 759 tibus
267 698 506 779 quaerebantur,
525 717 614 780 quam
634 716 713 759 nuno
733 715 767 759 e·
809 697 1029 776 pernataralem
1039 694 1207 756 liiriuitatis
1219 696 1365 757 inlluxum
1380 717 1412 760 a·
1458 723 1459 754 ι

166 782 341 864 piscopatus
359 784 455 864 pravis
471 781 688 845 ambitionibus
711 801 767 862 ap·
807 780 1003 858 gnoscebant,
1017 787 1048 841 et
1065 779 1133 842 ideo
1146 779 1323 857 religionem
1335 781 1413 844 elari-
1458 809 1459 830 1

166 875 350 947 petuntur;›
368 879 397 930 et
415 868 485 928 duan
499 868 647 942 latrones,
667 865 768 928 subdit
808 864 934 926 stianarn
952 863 1167 946 suscipiebant.
1188 863 1301 924 Exinde
1315 865 1411 944 potis·

165 951 351 1027 Lactantius,
370 960 400 1012 et
421 949 536 1012 robusti
555 950 688 1031 corporis
711 951 768 1011 riri
808 949 917 1010 simum
931 949 1042 1010 lactum
1057 957 1115 1025 est,
1135 956 1168 1008 ut
1183 947 1229 1022 id,
1250 949 1332 1028 quod
1354 969 1409 1012 na-

166 1035 314 1098 eiusmodi
334 1035 528 1097 lacerationes
557 1037 688 1116 perterre
712 1053 768 1097 ne·
809 1033 947 1094 tonaliter
961 1032 1099 1094 homines
1113 1053 1130 1094 a
1144 1031 1214 1094 fidei
1228 1032 1410 1096 christianae

166 1127 292 1200 queunt,
311 1129 340 1181 et
362 1120 490 1198 gemitus
515 1118 607 1180 edunt
625 1120 693 1181 victi
710 1119 767 1182 do·
809 1117 993 1198 professione
1011 1115 1177 1178 absterrere
1191 1116 1356 1193 debuisset,
1373 1120 1411 1179 ad

167 1203 242 1279 lore,
263 1204 348 1284 pueri
372 1210 402 1264 et
432 1202 623 1266 mulierculae
642 1212 768 1265 tortores
808 1203 885 1264 hanc
903 1202 1132 1281 promerendam
1149 1200 1277 1262 maxime
1292 1203 1412 1263 eouler·

166 1307 238 1350 suos
257 1289 344 1348 tacite
361 1286 495 1363 vincunt,
508 1296 538 1348 et
556 1288 721 1368 exprimere
734 1289 769 1349 il·
808 1295 863 1348 ret.
887 1284 992 1347 llirum
1009 1285 1088 1346 bunc
1108 1284 1313 1364 martyriorum
1333 1287 1411 1348 etle-

166 1372 203 1434 lis
220 1371 363 1451 gemitum
388 1389 443 1432 nec
461 1371 536 1450 ignis
554 1371 675 1454 potest(
697 1375 768 1451 ).-
807 1379 886 1433 ctum
907 1370 965 1431 iam
983 1369 1121 1431 admirati
1139 1378 1208 1430 sunt
1230 1378 1340 1448 patres,
1368 1370 1410 1431 it-

166 1454 239 1528 Quis
260 1457 318 1515 iam
339 1455 428 1516 talem
448 1456 540 1516 animi
560 1457 765 1518 tortitudinem
807 1455 930 1534 lamque
943 1472 998 1515 eeu
1013 1460 1220 1530 argumentum
1233 1453 1269 1514 ad
1285 1453 1410 1531 religio-

165 1549 196 1602 et
208 1540 389 1602 alacritatem
403 1539 579 1601 naturaliter
593 1540 768 1620 explicabit?
807 1539 854 1601 nis
866 1539 1046 1600 christianae
1058 1538 1209 1599 veritatem
1224 1536 1409 1616 probandam

165 1622 304 1686 ——Certe
323 1623 418 1685 -sire
442 1632 582 1704 martyres
600 1625 767 1686 naturalem
807 1623 1003 1684 adduxerunt.
1030 1619 1078 1683 Sic
1099 1622 1300 1685 Tertullianus
1319 1641 1411 1703 prae·

165 1716 384 1769 tormentorum
392 1708 615 1783 rimscnserint,
625 1709 765 1785 eirenen,
807 1707 886 1768 sides
904 1705 1078 1787 alloquitur:
1097 1704 1270 1782 ‹Cruciate,
1291 1715 1412 1787 torque-

166 1791 284 1852 dirinus
302 1792 429 1854 influxus
450 1792 551 1870 negari
566 1793 643 1853 baud
658 1801 765 1874 potest.
809 1801 848 1867 te,
868 1791 1019 1867 damnate,
1043 1789 1289 1852 attentares...
1310 1793 1411 1870 plures

165 1875 286 1939 Constat
306 1877 385 1937 enim
406 1885 542 1938 naturam
568 1877 728 1938 humanam
750 1897 767 1939 a
808 1876 964 1951 efficimur,
981 1875 1099 1956 quoties
1121 1875 1262 1936 metimur
1279 1893 1298 1934 a
1314 1874 1408 1950 robis;
1459 1889 1460 1920 ³

165 1960 304 2022 violentis
327 1960 526 2032 cruciatibus,
550 1970 580 2022 et
610 1963 767 2024 tormentis
807 1979 908 2022 semen
928 1969 973 2022 est
990 1959 1111 2037 sanguis
1134 1958 1409 2021 christianorum...

166 2046 295 2106 maxime
312 2044 486 2106 abhorrere.
514 2043 546 2105 ld
572 2053 653 2125 patet
679 2065 767 2125 prae·
808 2064 862 2106 nec
892 2044 1054 2125 quidquam
1085 2044 1202 2124 prolicit
1233 2043 1413 2123 exquisitior

166 2129 254 2209 cipue
268 2129 443 2190 incruentis
461 2128 686 2210 operationibus
700 2131 767 2192 cbi-
808 2147 943 2210 quaeque
961 2127 1120 2189 crudelitas
1139 2136 1248 2203 restra,
1267 2126 1412 2190 illecebra

167 2213 306 2288 norgias,
323 2230 400 2292 quae
418 2212 486 2274 licet
505 2230 571 2273 cum
596 2213 676 2273 ornari
697 2227 783 2295 pos-⁴
808 2222 852 2274 est
869 2212 962 2290 magis
976 2205 1127 2292 sectae(3)
1141 2231 1170 2272 a.
1190 2211 1272 2273 Idem
1293 2221 1410 2274 testan-

166 2295 248 2358 sibiti
268 2297 390 2358 lenitate
415 2297 451 2358 ad
483 2297 608 2358 salutem
635 2299 769 2379 corporis
808 2305 857 2359 tur
878 2296 1029 2360 Arruntius
1057 2296 1118 2376 (l),
1146 2297 1322 2358 Lactantius
1340 2298 1410 2379 (5),

168 2380 381 2461 suscipiantur,
400 2389 500 2441 tamen
523 2381 580 2462 piis
602 2400 721 2463 quoque
740 2393 769 2445 et
809 2400 863 2442 nec
882 2400 942 2442 non
966 2381 1171 2456 discederetur,
1185 2380 1236 2460 qui
1254 2383 1411 2461 praeclara

166 2464 298 2526 robustis
310 2464 481 2526 bominibus
496 2465 647 2547 praevium
663 2466 769 2528 lrorro-
808 2465 863 2526 lrae
883 2465 977 2526 utitur
992 2463 1232 2546 cornparatiune:
1252 2463 1362 2526 «Sicut
1377 2467 1411 2528 li-

167 2567 230 2610 rem
250 2548 422 2623 incutiunt,
443 2556 472 2610 et
493 2550 564 2610 ‘sine
586 2550 767 2628 gemitibus,
807 2549 981 2627 guatoribus
994 2548 1409 2612 silvamcaedentibusrraulto

168 2632 349 2695 elamoribus
363 2633 407 2694 rel
422 2641 451 2693 et
465 2633 708 2695 convulsionibus
722 2635 769 2696 vix
809 2635 907 2714 plures
926 2632 1075 2715 pullulant
1092 2632 1269 2713 propagines
1291 2653 1309 2694 a
1326 2635 1411 2696 radi·

167 2715 373 2798 perficiuntur.
394 2715 457 2778 lmu
479 2737 539 2778 non
557 2736 626 2779 raro
647 2717 768 2780 contin·
808 2718 904 2794 cibus,
925 2736 1013 2798 quam
1032 2717 1092 2778 sint
1108 2716 1184 2777 rami
1202 2717 1409 2797 quiincidun-
1460 2749 1461 2760 ι

166 2801 221 2879 git,
241 2801 289 2861 lais
304 2801 455 2862 adstantes
473 2801 604 2882 deliquia
623 2803 697 2883 pati,
716 2822 768 2864 so·
809 2810 870 2878 tur,
891 2803 931 2863 ita
947 2811 1017 2863 tunc
1037 2819 1174 2881 quoque,
1193 2802 1250 2881 piis
1269 2804 1409 2883 cumplu-

167 2885 228 2946 lum
247 2894 400 2964 aspectum
428 2886 559 2967 perterre
583 2905 642 2947 non
664 2888 768 2948 valen·
808 2886 893 2948 ribus
911 2885 1088 2962 interiectis,
1108 2885 1201 2946 multo
1220 2887 1410 2967 pluresque·

168 2977 223 3032 tes.
245 2967 318 3040 Quis
335 2970 394 3031 iarn
414 2977 538 3031 naturae
558 2970 671 3032 uiribus
687 2972 768 3032 illam
810 2971 880 3032 tidie
898 2969 934 3031 ad
949 2967 1114 3032 doctrinam
1133 2971 1335 3048 evangelicam
1356 2988 1410 3032 ac·

167 3053 383 3128 fortitudinem,
403 3054 647 3134 alacritatemque
658 3055 770 3116 adscri·
808 3054 1042 3134 cedebant(ti).a

168 3135 230 3210 bet,
250 3155 338 3216 quam
370 3146 513 3218 martyres
530 3139 559 3201 in
584 3137 769 3219 perferendis
856 3141 946 3202 Noto.
965 3138 1118 3200 absonum
1141 3144 1202 3214 est,
1233 3137 1409 3218 quodnon-

167 3221 348 3284 saerissimis
374 3223 528 3284 tormentis
557 3224 768 3286 ostenderunt?
808 3223 881 3284 nulli
901 3222 1045 3284 increduli
1071 3223 1322 3299 argumentationi
1349 3241 1412 3282 no-

167 3337 211 3366 -·.
226 3304 256 3364 in
276 3304 349 3385 ipsis
369 3308 501 3386 prolecto
515 3316 689 3369 naturanun
705 3327 769 3369 mu·
807 3315 885 3368 strae
903 3315 1118 3389 opposuerunt,
1137 3305 1282 3382 dicentes,
1301 3315 1410 3386 marty·

168 3395 251 3462 tata,
280 3388 330 3449 scd
352 3407 404 3470 per
425 3392 548 3468 gratiam
578 3392 768 3454 corroborata
807 3409 854 3453 res
873 3409 907 3452 ex
923 3391 1108 3473 stupiditate,
1128 3391 1172 3450 ael
1186 3395 1220 3450 ex
1237 3390 1408 3452 insaniente

169 3468 276 3534 luitSi
289 3490 358 3550 ergo
373 3484 515 3555 martyres
527 3477 691 3538 naturalem
709 3487 769 3539 tor·
808 3476 966 3537 lanatismo
1000 3481 1042 3536 tot
1071 3483 1220 3535 tormenta
1250 3474 1405 3536 tolerasse.

168 3563 336 3617 mentorum
349 3557 406 3618 rim
420 3569 588 3638 senserunt,
602 3561 767 3624 extraordi-
807 3559 927 3622 Constat
940 3557 1032 3634 enim,
1049 3558 1152 3620 doctos
1167 3576 1299 3638 quoque,
1316 3568 1346 3621 et
1362 3567 1408 3620 sat

169 3639 285 3701 narium
305 3641 446 3702 auaritiam
466 3642 612 3720 divinum,
636 3663 687 3708 seu
703 3665 769 3724 gra·
807 3643 940 3706 eruditos
965 3643 1042 3704 airus
1068 3661 1121 3724 pro
1146 3642 1263 3707 Christo
1282 3643 1433 3720 sangui-,

169 3724 228 3786 tiae
247 3728 481 3804 supernaturalis
504 3729 635 3808 operatio
667 3729 769 3807 negari
808 3747 875 3790 nem
894 3727 1016 3792 fodisse.
1040 3726 1142 3807 Neque
1159 3727 1190 3788 in
1209 3726 1337 3804 imperio
1355 3745 1408 3786 ro·

170 3809 286 3889 nequit.
306 3806 335 3870 Si
356 3827 424 3870 vero
447 3813 612 3874 naturalem
633 3822 767 3875 tormen·
809 3830 909 3888 marm,
926 3811 1004 3893 quod
1016 3812 1067 3873 illo
1080 3822 1212 3892 ternpore
1224 3811 1338 3890 optime
1351 3809 1408 3871 ad·

170 3901 267 3955 torum
286 3894 344 3953 aim
365 3912 423 3955 non
443 3907 611 3972 senserunt,
630 3899 673 3959 ael
700 3898 725 3960 si
751 3917 768 3959 a
808 3897 866 3958 bue
890 3898 1037 3958 excultum
1056 3905 1140 3971 erat,
1157 3902 1236 3956 tanta
1253 3893 1407 3955 barbaries

170 3976 326 4040 uoracibus
345 3978 493 4055 belluis,a
510 3979 768 4044 vehementissimo
808 3981 1027 4061 stupiditasque
1046 3979 1124 4040 inter
1139 3979 1275 4040 immines
1292 3977 1360 4052 luit,
1375 3984 1407 4037 ut

171 4061 240 4140 igne
258 4069 287 4124 et
306 4062 343 4122 ab
362 4063 428 4124 aliis
452 4064 624 4141 tormentis,
645 4076 676 4125 ut
700 4084 769 4127 sae·
809 4067 929 4146 optione
948 4065 1015 4127 data
1040 4062 1119 4124 inter
1140 4062 1263 4124 delicias
1280 4071 1310 4123 et
1332 4080 1405 4139 snp-

173 4146 240 4226 pius
256 4147 390 4225 contigit,
411 4148 520 4209 trullam
537 4165 659 4230 prorsus
677 4149 770 4213 iactu·
809 4150 910 4231 plicia,
930 4150 1008 4212 inter
1025 4147 1191 4210 libertatem
1211 4155 1241 4208 et
1258 4162 1411 4221 carceres,-

203 4275 233 4334 ιιι
247 4277 302 4324 litat.
315 4281 329 4325 t.
344 4280 366 4326 2.
450 4279 472 4339 ι)
489 4281 539 4327 [ιιι.
554 4281 607 4327 inst.
621 4281 637 4327 1.
653 4283 707 4336 tt,c.
722 4281 756 4328 ta.
838 4285 869 4338 (bl
882 4284 932 4330 [ιιι.
948 4285 1000 4332 inat.
1016 4284 1029 4329 l.
1047 4287 1069 4343 a,
1084 4296 1105 4330 c.
1120 4284 1157 4330 25.

205 4335 238 4393 ιδ)
251 4338 315 4396 spot.
325 4353 346 4386 c.
356 4339 392 4389 d'l.
451 4341 473 4400 lp
486 4343 509 4387 c.
521 4343 579 4389 deut
595 4342 609 4388 Ι.
622 4342 645 4404 2,
657 4343 712 4390 ud.
841 4344 983 4404 miseruut,
997 4344 1027 4391 de
1037 4345 1107 4402 tagit».
