2928 4734
440 211 514 263 rins
535 219 567 262 ιι.
592 217 693 263 sscrro
715 216 747 262 u.
772 213 866 262 carot·
886 215 931 263 111.
1211 203 1272 266 tea

73 293 275 358 lateraticinio
291 303 409 376 tempus
424 314 477 376 pre
489 293 673 358 llessiaead-
711 295 769 355 lam
788 289 1136 357 referturliberationem
1155 298 1260 378 paprali
1272 296 1320 360 iu·

74 388 147 440 ventu
173 379 409 442 determinatum
433 379 542 457 fuisse,
558 389 589 441 et
603 379 671 441 ideo
688 435 690 448 ,
709 376 786 439 daici
805 396 845 439 er
858 379 1026 458 captivitate
1041 379 1232 460 Babylonica:
1249 382 1317 444 ideo

71 462 217 524 assertioni
238 473 358 526 nestrae
376 465 532 546 sequentia
547 464 671 546 potissi·
687 452 691 532 ἶ
709 461 835 538 arcitum
850 455 1109 525 '10¹‘trebdomades
1132 463 1316 528 determina·

68 563 137 608 narn
159 555 331 628 opponunt.
687 533 694 620 'p
712 554 755 606 tus
768 559 832 607 esse
850 561 939 626 super
952 547 1097 626 papatum
1111 555 1207 627 tutam,
1223 559 1251 612 et
1262 567 1317 612 an·

102 631 164 694 ott.
190 632 222 692 l.
244 631 350 694 Daniel
368 631 400 693 in
423 630 594 712 captivitato
613 647 670 711 po-
706 631 1163 709 pertuderit‘aonetumtnom,ut
1177 647 1317 696 rourum·-

64 712 130 776 sitas
147 715 283 777 servidas
300 717 335 777 ad
351 715 444 777 Deum
459 729 561 796 preces
580 715 667 790 ludit,
709 722 807 776 otetur
820 715 1039 794 praevaricatio
1062 722 1139 790 ele,
1160 715 1254 793 idest,
1282 725 1316 779 ut

63 817 116 858 nnn
138 808 171 860 ut
189 798 331 861 Massia-m
355 801 463 874 mittat,
484 809 535 860 aut
554 808 669 879 tempus
710 798 799 859 linem
819 799 926 859 naneae
945 797 1099 878 captivitas
1122 816 1176 878 per
1194 809 1316 880 peccata

62 881 201 944 adrentus
214 885 284 946 eins
299 883 548 960 determinet‚sad
559 893 669 944 ntcnm
709 881 842 958 inducta,
858 891 892 944 ut
910 883 1077 945 adducatur
1093 883 1219 959 iustitio,
1236 885 1316 962 lega-

64 967 166 1046 populo
190 984 251 1029 suo
271 985 289 1029 a
310 967 480 1048 captivitate
506 967 668 1045 liberetur,
709 965 745 1026 lis
761 983 879 1051 nempe,
898 975 932 1029 ut
946 966 1105 1046 impleatur
1117 967 1190 1030 mnia
1205 977 1316 1048 etpra-

65 1049 93 1108 in
109 1069 197 1129 qnam
221 1051 324 1113 ludaei
341 1062 461 1132 propter
478 1061 598 1132 peccata
616 1069 669 1112 sua
704 1049 816 1128 partie,
834 1069 851 1111 a
866 1049 991 1112 Ieremia
1007 1051 1112 1112 litteris
1126 1051 1312 1131 consignata,

65 1145 271 1212 pervenerunt.
304 1135 406 1216 ltaque
432 1136 521 1197 etiam
541 1153 669 1216 respon-
709 1135 1015 1215 unapatorsanuoe
1025 1135 1211 1211 Sanctorum,
1224 1137 1313 1213 idest,

63 1235 120 1277 sum
141 1216 284 1280 divinum
299 1238 360 1281 nan
378 1221 413 1280 de
431 1218 548 1296 Messio,
565 1220 616 1281 sed
632 1219 668 1280 de
709 1235 783 1278 nova
802 1221 852 1279 liat
872 1217 1060 1298 inauguratio
1077 1227 1106 1280 et
1120 1220 1220 1280 nnctio
1239 1229 1313 1283 tem-

50 1299 244 1366 'lilteratione
267 1304 367 1384 populi
386 1303 496 1364 iudaiei
518 1321 553 1364 ex
572 1303 669 1383 capti·
704 1301 760 1379 plt’.
777 1297 840 1362 llox
859 1304 982 1383 propius
1001 1303 1219 1364 determinatur
1235 1311 1312 1366 lem·

62 1385 142 1447 ritate
168 1387 350 1467 babylonica
367 1387 591 1465 intelligendum
609 1395 666 1448 est.
702 1401 784 1464 pus,
816 1388 902 1447 cuius
930 1388 1112 1467 computatio
1141 1387 1313 1469 incipienda

95 1467 183 1549 Resp.
203 1471 271 1532 Non
286 1488 352 1532 raro
368 1471 446 1532 Deus
460 1471 571 1532 terrine
583 1489 670 1532 oran·
708 1478 751 1529 est
770 1471 805 1531 aa
821 1473 904 1532 erite
920 1473 1074 1546 coatrae,
1090 1480 1122 1533 nt
1141 1471 1312 1535 iterumueu

60 1550 135 1614 tibus
155 1555 304 1634 plura,·et
319 1556 444 1616 meliora
463 1555 599 1616 concedit
617 1555 666 1632 iis,
707 1553 843 1634 didactur
859 1555 1030 1630 lertcsulcm,
1060 1555 1155 1631 idest,
1185 1557 1223 1617 aa
1246 1557 1314 1637 ipso

60 1653 130 1714 quae
149 1639 190 1700 ab
225 1638 289 1720 ipso
312 1640 403 1719 petita
429 1640 567 1717 luerunt;
589 1639 668 1700 unde
707 1650 934 1718 sermoneque
962 1639 1090 1718 Angelus
1109 1638 1227 1702 Gabriel
1250 1641 1309 1702 Da·

60 1719 163 1782 mnam
183 1741 247 1784 non
261 1733 350 1798 esset,
363 1723 443 1804 quod
455 1721 534 1784 Deus
552 1721 668 1784 Danieli
707 1720 779 1782 nieli
796 1721 1043 1783 restaurationem
1060 1721 1144 1784 urbis
1161 1725 1308 1806 premisit.

60 1801 258 1868 lemidissime
278 1809 422 1886 precanti,
446 1814 479 1868 ut
501 1807 538 1869 de
556 1806 668 1869 libera·
706 1804 777 1866 Cum
807 1813 905 1866 autem
931 1805 1036 1868 Daniel
1059 1815 1171 1887 septem
1195 1808 1312 1870 trende-

60 1885 172 1950 ratioue
189 1891 294 1970 populi
315 1890 424 1952 iudaici
440 1891 548 1952 certior
563 1891 669 1952 redde·
708 1889 808 1949 mades
822 1907 839 1950 a
851 1887 1001 1970 sexaginta
1012 1890 1307 1969 duabusdistinguat,

60 1980 149 2047 retur,
175 1975 317 2034 revelarit
337 1984 471 2054 ternpus,
495 1993 554 2054 quo
572 1983 666 2036 totum
707 1973 781 2033 duos
797 1974 940 2053 praedixit
952 1975 1066 2034 laturos
1083 1973 1215 2051 Messias,
1232 1994 1310 2056 quo·

60 2070 151 2128 genus
166 2057 334 2118 humanum
347 2059 553 2120 redimendum
569 2059 618 2120 sit.
631 2060 668 2120 m
707 2071 772 2116 ram
793 2071 871 2118 unus
887 2066 999 2138 septem
1017 2059 1125 2119 exactis
1144 2059 1311 2141 hebdoma-

63 2137 191 2202 dnbitari
214 2143 328 2221 nequit,
355 2141 485 2204 Danielis
504 2143 667 2204 orationem
706 2141 805 2216 dibus,
824 2143 898 2202 alter
912 2156 981 2202 vera
996 2151 1064 2222 pust
1073 2143 1223 2220 sexaginta
1236 2144 1310 2204 duas

61 2221 91 2280 ad
116 2221 244 2286 llessiae
269 2245 387 2306 qnoque
408 2228 566 2288 adventum
586 2227 668 2288 dire·
707 2225 870 2286 adveniret.
892 2219 944 2286 llis
967 2225 1076 2287 notatis
1094 2243 1128 2286 er
1146 2227 1311 2289 chronolo-

62 2311 134 2366 ctam
167 2309 275 2369 luisse.
296 2309 421 2370 Noverat
445 2310 525 2372 enim
550 2310 666 2388 Daniel,
706 2311 753 2386 gia
777 2309 876 2388 omnia
896 2309 1093 2371 declarantur.
1119 2309 1310 2392 Prophetavit

61 2407 109 2466 per
122 2389 283 2454 Ieremianr
298 2394 474 2474 promissam
490 2395 582 2456 luisse
594 2389 669 2458 li'be·
707 2409 813 2472 nempe
831 2391 934 2460 Daniel
953 2409 1034 2454 auno
1047 2394 1142 2474 ptime
1160 2395 1240 2456 Darii
1250 2395 1311 2458 Me*

62 2473 205 2536 rationem
237 2479 337 2557 populi
357 2497 391 2538 ex
417 2479 585 2559 captivitate
603 2488 668 2560 post
706 2477 747 2552 di,
762 2477 812 2557 qui
832 2476 935 2538 incidit
953 2478 983 2538 ia
1001 2495 1111 2540 anirum
1132 2480 1306 2557 vigesimum

65 2556 99 2617 70
115 2578 228 2634 annoS,
248 2579 304 2622 nec
324 2561 469 2622 dubitarit
487 2563 543 2624 hoc
561 2564 666 2625 retici·
706 2562 835 2641 primum
854 2562 1042 2641 captivitatis.
1063 2561 1093 2624 Si
1107 2564 1194 2625 annis
1206 2564 1241 2624 rt
1258 2581 1310 2624 aa«

64 2639 138 2701 nium
172 2643 308 2706 divinum
341 2655 420 2708 certe
454 2645 665 2708 verificandum
706 2645 1309 2728 nosaanastusauseprsmtrehaoma·

64 2739 133 2814 esse3
152 2728 207 2788 sed
226 2727 366 2800 nescivit,
393 2749 431 2790 an
458 2730 522 2810 ipse
546 2729 667 2793 Messias
705 2729 768 2803 des,
788 2729 825 2790 ad
840 2731 1087 2810 septuagesimam
1107 2731 1261 2810 pervenies
1272 2749 1310 2792 e·

64 2823 117 2866 ram
145 2829 227 2871 iruna
253 2813 288 2872 nd
312 2812 497 2875 liberandum
523 2818 666 2895 populum
706 2813 820 2874 insulem
841 2813 1030 2894 captivitatis,
1048 2814 1181 2893 adeoque
1197 2815 1232 2874 ad
1251 2812 1308 2894 Cy·

65 2890 226 2955 mittendus
250 2896 297 2956 sit:
330 2898 522 2977 qnanrolrrem
546 2899 666 2961 lerridis
705 2912 783 2971 curn,
800 2897 850 2978 qui
865 2907 910 2958 est
924 2898 1006 2979 prior
1020 2917 1037 2958 a
1052 2897 1173 2959 Daniele
1187 2898 1310 2977 praedi*

63 2977 199 3050 precibus
218 2979 289 3040 tanti
307 2981 436 3060 mysterii
454 2983 663 3044 revelationem
705 2989 770 3042 ctas
786 2979 917 3042 llessias,
943 2981 1100 3042 Praeterea
1125 2981 1168 3042 62⁴
1191 2981 1309 3042 nebda*

65 3060 144 3134 petiit
167 3081 185 3122 a
205 3061 276 3124 Deo.
299 3061 350 3125 Vel
370 3065 410 3141 si,
438 3074 470 3126 ut
496 3067 586 3146 aliqui
606 3083 664 3148 pn·
689 3066 809 3126 illudue
832 3067 1037 3146 supponendae
1064 3072 1133 3125 sont
1157 3083 1175 3126 a
1195 3067 1306 3146 templo

67 3149 133 3219 tant,
149 3143 255 3206 Daniel
271 3145 381 3214 timuit,
398 3150 607 3228 repromissio
620 3151 665 3212 di·
688 3149 1029 3224 ¹ineansoadlraldaeis,
1046 3147 1103 3208 hac
1118 3156 1163 3210 est
1174 3149 1210 3210 alr
1227 3167 1306 3211 anne

63 3223 124 3288 vina
142 3230 310 3291 conditioni
342 3231 477 3310 alligata,
498 3243 526 3295 et
546 3245 666 3316 propter
688 3235 801 3313 'prima
830 3232 1018 3312 captivitatis:
1050 3249 1066 3291 a
1084 3249 1143 3312 quc
1165 3233 1191 3294 si
1213 3251 1325 3296 annosi

64 3322 182 3400 peccate
201 3314 302 3394 populi
321 3324 430 3377 statuto
453 3326 586 3398 tempore
608 3320 665 3380 ad-
688 3323 847 3398 supputes
872 3316 951 3391 tat,
978 3331 1077 3396 quarn
1094 3335 1240 3379 summam
1261 3337 1307 3381 ει·

62 3397 210 3474 implenda
229 3415 288 3459 nen
308 3399 358 3474 sit,
376 3401 570 3462 nihilominus
587 3402 666 3464 clire-
688 3399 897 3480 ³xagtntaduae
914 3399 1074 3461 conficiunt
1093 3399 1305 3480 hebdomades,

64 3477 117 3538 ctio
142 3499 263 3559 precum
290 3483 328 3544 acl
353 3481 476 3546 llessiae
504 3487 663 3548 aduerrtom
688 3473 858 3564 pervenies
875 3484 910 3544 ad
930 3501 1041 3545 atinum
1057 3485 1186 3565 primum
1204 3486 1307 3549 Antio·

63 3564 162 3636 uagari
180 3582 239 3626 nan
259 3574 365 3647 potest.
386 3567 516 3630 Danielis
533 3571 612 3632 enim
633 3571 665 3631 οὶ
687 3565 749 3628 fetu
766 3567 940 3648 lipiplranis⁹
959 3582 1012 3630 seu
1030 3569 1151 3630 alterius
1169 3568 1303 3647 llessiae,

61 3647 132 3707 ratio
146 3649 306 3730 praecipue
324 3662 456 3714 versatur
470 3654 548 3714 circa
561 3654 665 3716 remis·
687 3651 689 3698 ἶ
704 3653 756 3732 qni
779 3653 808 3712 in
822 3653 1040 3732 septuagesima
1055 3651 1239 3715 hebdomada
1255 3671 1308 3714 sa·

62 3725 173 3812 nonem
193 3743 381 3812 peecatorum
397 3736 587 3799 obtinendam
601 3739 660 3818 (l).
687 3735 864 3807 ¹reralotium
891 3737 1015 3811 delevit,
1039 3747 1072 3798 et
1094 3751 1212 3799 cessare·
1236 3733 1306 3797 lecit

63 3812 152 3878 lluurn
172 3833 242 3878 reso
260 3817 331 3880 laec
347 3820 517 3899 plenissima
530 3823 610 3884 iuxta
626 3839 663 3884 o·-
686 3810 857 3881 Jeacrilicia.
883 3817 1026 3901 Sequitur
1046 3821 1193 3900 deinceps·
1208 3820 1306 3884 acedia

64 3909 147 3958 mnes
161 3901 321 3981 prophetas
339 3919 392 3982 per
418 3903 552 3966 llessinnr
573 3923 663 3987 prae·
703 3901 899 3981 leudomado,
920 3907 952 3966 in
969 3921 1027 3986 qua
1046 3917 1099 3985 per
1122 3903 1223 3964 ludam
1241 3899 1305 3962 lla·-

63 3982 270 4068 enecassent,
295 3985 324 4046 in
346 3987 395 4048 illa
414 3987 508 4066 igitur
527 3989 663 4052 oratione
702 3987 866 4049 eltaltaeom
887 3997 1077 4070 repurgatum
1093 3986 1303 4064 eulampium,

64 4075 117 4122 tam
143 4064 353 4130 includebatur
373 4073 506 4150 precatio
529 4089 582 4154 pro
606 4073 662 4136 atl-
703 4087 779 4152 quae
797 4075 966 4154 reparantia
982 4071 1077 4132 tribus
1093 4069 1183 4130 annis
1197 4068 1306 4130 accidit

64 4156 144 4208 rents
168 4149 293 4214 llossirm
309 4153 433 4236 eiusque
451 4158 544 4234 rapui.
565 4207 576 4227 ,
702 4166 769 4236 post
787 4157 1046 4237 profanationem:
1066 4163 1154 4232 atque
1171 4153 1212 4213 ita
1231 4152 1305 4234 Cyru

102 4229 169 4294 Oti.
183 4234 215 4310 2.
231 4234 602 4304 VatirirritinrDanielisatd
613 4255 663 4303 aa·
701 4250 733 4300 et
747 4241 894 4302 datiuum
905 4240 1004 4299 amnia
1023 4236 1060 4298 ad
1071 4237 1215 4298 amirssim
1230 4253 1305 4300 eon·

89 4331 119 4392 a,
134 4337 191 4384 nan.
207 4339 230 4402 a,
245 4341 260 4388 a
276 4341 321 4390 ate.
700 4323 833 4386 verrium.
847 4323 1019 4387 llinatalom
1029 4321 1304 4401 interpretationem
