2918 4734
200 147 261 212 toa
611 158 798 207 moncons
816 156 983 206 emenonis

203 245 267 310 Odi.
287 241 391 306 blico
407 233 508 306 omnia
521 237 715 303 Pentateuchi
727 259 761 304 e·
800 234 992 310 Guaeantem
1010 238 1042 302 in
1060 237 1169 304 Genesi
1182 246 1353 316 narrantur,
1371 255 1409 319 es

158 327 321 410 semplaria
332 327 462 409 periente
476 344 607 388 consona
621 323 701 399 sunt,
710 323 762 386 sed
799 321 911 405 iloyses
922 323 1063 387 facillime
1074 322 1347 406 plenacertitudine
1358 341 1410 384 co-

158 413 191 474 in
209 412 282 494 ipsis
291 411 438 474 sanantes
449 409 593 472 lectiones
605 409 763 471 observan·
799 425 942 484 gnoscere
960 417 1078 491 poterat
1098 427 1134 470 ex
1156 409 1294 488 antiqua,
1323 414 1354 468 et
1376 407 1409 468 in

159 504 226 573 tur3
248 513 324 574 ergo.
338 493 545 574 corruptiones
562 493 760 571 contigerunt.
799 490 1411 555 Patriarcberumfamiliisconservatatra·

199 577 454 661 despumantes
469 577 623 651 lectiones,
642 577 761 658 quaein
801 574 926 652 ditione,
946 595 1023 658 quae
1048 585 1160 638 attenta
1178 577 1320 653 longaeva
1346 570 1412 635 Pa-

159 665 247 728 rariis
264 663 482 745 exemplaribus
503 661 663 736 habentur,
686 660 762 722 sub·
800 657 995 722 triarcbarum
1020 668 1116 722 aetate
1146 659 1259 738 integra
1285 667 1409 738 etpura

159 748 309 812 stantialis
332 767 392 810 non
411 745 560 820 alliciunt,
586 744 636 805 scd
662 763 760 820 uoces,
801 745 952 824 usquead
975 743 1092 826 ldoysen
1114 743 1281 805 conservari
1309 742 1410 822 potuit

158 841 189 894 et
207 851 257 895 res
281 830 405 894 minoris
423 829 566 890 momenti
584 826 760 908 respiciunt;
801 837 832 889 et
849 828 963 890 debuit.
986 828 1097 908 Moyses
1119 828 1283 890 enimcum
1307 827 1411 906 pluri-

158 916 264 978 eadem
287 925 385 978 nutem
404 913 435 975 in
454 912 594 974 omnibus
617 913 696 973 iacta
712 930 763 973 re·
802 911 858 972 bus
867 923 1058 974 conversatus
1072 918 1127 986 est,
1141 912 1193 992 qui
1205 910 1411 972 Patriarcbarn

159 1001 307 1076 teruntur,
326 997 449 1061 eaedem
469 997 560 1076 leges,
581 995 685 1058 eadem
708 1013 762 1056 ra·
802 993 890 1058 lacob
909 1003 1063 1070 noverant,
1079 997 1150 1077 qnia
1169 996 1210 1058 80
1221 995 1339 1057 circiter
1357 1013 1411 1054 an·

159 1084 273 1158 ticinia,
288 1083 392 1146 eadem
408 1080 555 1154 doctrina,
579 1078 763 1142 substantia·
804 1079 851 1140 nis
866 1087 933 1159 post
951 1081 1016 1142 eius
1032 1087 1157 1141 mortem
1177 1087 1339 1142 natusest.
1360 1077 1412 1139 Ia-

158 1165 438 1246 lisergoeorruptio
454 1165 536 1226 nulla
553 1165 585 1226 iu
603 1163 764 1226 Pentateu·
804 1163 860 1225 eob
885 1173 984 1225 anmm
1003 1182 1072 1225 cum
1094 1183 1148 1225 avo
1172 1181 1226 1225 suo
1254 1162 1413 1224 Abrabam

159 1251 214 1314 cho
232 1249 368 1329 contigit.
392 1299 394 1303 ,
803 1247 886 1324 uixit,
907 1248 958 1328 qui
969 1248 1044 1309 vidit
1057 1245 1125 1310 Sem
1141 1247 1235 1308 filium
1251 1245 1324 1307 Noe.
1340 1243 1413 1307 Sem

220 1335 227 1342 ”
413 1374 443 1444 ς.
460 1379 513 1427 η.
804 1349 892 1427 porro
910 1332 992 1392 nouit
1004 1330 1147 1408 Lamech,
1161 1339 1192 1393 et
1202 1328 1414 1426 Mathusaiem,

174 1483 236 1564 ,ιι
250 1455 472 1554 cenenum-ea
487 1483 554 1530 ιιι
567 1481 614 1528 ιιι
630 1483 725 1541 em·-
804 1415 1080 1579 ttttttlltt
1095 1421 1417 1580 tltttttttltlut

178 1577 185 1621 ·'
201 1578 320 1656 Omnia,
339 1579 457 1662 quaein
469 1579 670 1644 Pentateucho
692 1600 765 1644 nor·
805 1585 948 1645 memoria
977 1583 1073 1664 potuit
1101 1591 1163 1644 tota
1195 1583 1247 1644 iila
1272 1581 1414 1656 historia,

161 1673 278 1740 rantur,
296 1683 366 1728 rena
385 1683 463 1741 esse,
481 1665 660 1746 plenamque
681 1685 767 1728 ano·
804 1685 881 1746 quae
898 1668 929 1728 in
945 1665 1052 1730 Genesi
1067 1668 1248 1734 continetur,
1266 1666 1415 1745 usquead

161 1749 210 1814 bis
227 1748 315 1811 tidem
334 1749 511 1830 promereri,
532 1750 693 1811 ostendunt
704 1751 765 1812 cri·
804 1749 921 1832 Moysen
940 1751 1103 1832 pervenire.
1119 1749 1199 1812 Nihil
1214 1759 1313 1811 antem
1330 1759 1416 1811 certe

163 1833 237 1895 teria
254 1832 399 1908 ueritatis,
420 1851 497 1913 quae
521 1849 556 1894 ex
573 1834 766 1912 qualitatibus
806 1836 910 1916 priscis
920 1835 979 1897 illis
992 1834 1177 1915 temporibus
1191 1833 1345 1915 antiquius
1361 1833 1417 1894 ba-

162 1935 308 1999 personae
322 1917 483 1992 narrantis,
498 1935 532 1977 er
548 1927 654 1978 natura
671 1918 766 1980 lacto·
805 1920 937 1980 buerunt
948 1919 1128 1981 familiarum
1145 1917 1308 2000 principes,
1321 1936 1416 1998 quam

163 2019 231 2063 rum
254 2009 463 2076 narratorum,
489 2008 519 2062 et
536 2019 571 2062 ex
590 2002 767 2064 testimoniis
805 2010 839 2063 ut
856 2011 979 2065 eventus
1006 2003 1215 2064 memorabiles
1234 2001 1268 2063 ad
1290 2001 1370 2063 titios
1386 2011 1416 2064 et

84 2155 87 2163 ι
164 2085 291 2168 aliorum
307 2083 388 2145 iuxta
405 2084 522 2163 regulas
540 2085 657 2148 criticas
670 2084 707 2147 ab
731 2105 766 2147 o·
806 2095 929 2167 nepotes
947 2087 1182 2149 transmitterent
1207 2085 1287 2148 fideii
1302 2092 1334 2146 et
1350 2104 1417 2148 cre·

164 2167 286 2230 mnibus
308 2177 444 2248 receptas
472 2169 670 2232 deducuntur.
701 2169 767 2251 ipsa
806 2170 860 2232 bra
878 2171 1059 2247 narratione;
1084 2179 1113 2231 et
1128 2166 1194 2232 idco
1211 2187 1293 2232 error
1307 2169 1355 2230 hic
1370 2171 1416 2230 ir-

166 2252 247 2315 enim
262 2251 337 2314 ratio
355 2252 509 2333 praecipit,
522 2253 610 2324 utilli
626 2253 694 2315 testi
708 2255 769 2334 ple·
805 2272 911 2336 repere
934 2273 993 2317 non
1014 2264 1147 2335 poterat,
1165 2253 1321 2334 praecipue
1344 2273 1416 2315 cum

164 2355 204 2398 na
221 2335 294 2398 fides
313 2335 474 2412 habeatur,
495 2337 547 2417 qui
564 2337 642 2398 circa
670 2339 766 2414 sacta,
806 2340 843 2401 de
862 2338 947 2400 sactis
963 2339 1089 2419 publicis
1113 2347 1142 2400 et
1156 2337 1328 2400 domesticis
1342 2357 1419 2416 age-

166 2438 243 2501 quee
262 2427 373 2494 narrat,
403 2421 496 2500 decipi
512 2439 573 2482 non
587 2421 697 2501 potnit,
715 2422 768 2484 de·
808 2433 900 2485 retur.
914 2421 1330 2484 Praetereaeaedemnotitiae
1341 2422 1420 2484 ban-

165 2505 262 2583 cipcre
279 2503 388 2580 noluit,
403 2505 468 2566 imo
487 2506 619 2584 decipere
635 2523 767 2585 acopo·
807 2507 871 2582 riri,
896 2525 949 2568 seu
967 2507 1072 2569 saltem
1088 2507 1256 2569 confirmari
1275 2515 1419 2586 poterent

167 2589 242 2664 tacit,
268 2587 427 2668 praecipue
451 2589 477 2650 si
500 2589 563 2650 ciac
590 2591 769 2652 cerocitnso
809 2609 844 2652 ex
862 2591 1074 2667 monumentis,
1091 2589 1196 2671 bloysis
1212 2600 1344 2669 tempore
1359 2589 1419 2650 ad-

166 2672 288 2754 caecis,
307 2679 334 2733 et
346 2672 482 2750 proxime
492 2675 769 2750 sepaentidasnan-
810 2675 867 2738 buc
884 2675 1090 2750 existentibus,
1106 2675 1230 2736 forsitan
1245 2673 1420 2752 exscriptis

166 2773 255 2836 pacm
273 2755 308 2818 in
326 2757 448 2818 dodican
465 2765 571 2832 tracto,
591 2766 621 2819 et
633 2759 770 2821 norrotlo
810 2778 929 2839 quoque
946 2759 1145 2832 documentis,
1166 2777 1242 2840 qnae
1259 2758 1324 2838 ipse
1342 2775 1419 2837 prae

165 2841 258 2920 ipsios
278 2841 524 2904 consentientibus
539 2841 669 2904 ottonom
686 2843 770 2905 testi·
811 2843 950 2904 manibus
968 2843 1091 2920 babuit,
1111 2843 1155 2903 nel
1177 2843 1281 2904 saltem
1300 2859 1336 2902 ex
1355 2859 1420 2902 no-

165 2925 275 3004 mentio
296 2925 469 3006 confirmato
482 2923 551 3002 snit.
813 2926 954 3004 minibus,
975 2927 1122 3006 personis,
1139 2925 1242 3002 rebus,
1260 2924 1348 3000 loeis,
1369 2925 1420 2986 la-

210 3009 240 3072 l.
259 3008 373 3088 Moyses
395 3009 488 3087 decipi
504 3025 565 3070 non
582 3010 695 3088 potnit,
719 3009 771 3071 scd
811 3011 942 3091 pidibus,
965 3009 1132 3086 arboribus,
1158 3008 1332 3078 fluminibus
1356 3018 1418 3070 etc.

70 3151 72 3157 .
166 3102 405 3168 rectameorum,
419 3110 495 3173 quae
510 3101 623 3168 narrat,
636 3092 771 3156 notitiam
810 3094 998 3156 intactarum
1010 3094 1185 3156 memoriam
1202 3093 1291 3156 tribui
1306 3093 1419 3167 solitis,

168 3175 285 3237 habuit.
304 3172 410 3237 Omnia
429 3177 529 3252 enim,
548 3195 626 3257 quae
652 3186 773 3258 excepta
812 3175 1418 3259 ercanticiniumnis,bieroglyphicisetc.

169 3257 277 3320 Genesi
294 3257 325 3318 in
344 3258 545 3323 Pentateucho
563 3261 714 3339 leguntur,
727 3263 773 3324 rel
812 3281 888 3341 quae
907 3263 1007 3322 omnia
1023 3263 1059 3322 ad
1074 3259 1303 3322 conservandam
1320 3260 1421 3320 tradi·
1443 3313 1444 3338 ,

168 3341 207 3402 ab
226 3341 291 3422 ipso
308 3341 481 3419 factasunt,
497 3345 542 3406 vel
561 3346 616 3407 sub
634 3345 728 3427 ipsius
744 3365 775 3406 o-
813 3347 923 3408 tionem
952 3345 1175 3408 inserviebant„
1190 3344 1255 3406 Non
1279 3343 1421 3420 exiguum
1443 3351 1444 3384 ³

131 3474 134 3478 .
169 3425 247 3486 culis
261 3425 459 3505 contigerunt3
473 3447 564 3508 quare
582 3429 613 3490 in
632 3429 697 3491 istis
711 3447 775 3492 cer·
814 3437 911 3490 autem
932 3430 1048 3509 pondus
1068 3429 1112 3490 bis
1127 3428 1313 3507 argumentis
1328 3445 1363 3488 ex
1385 3445 1422 3488 eo
1443 3495 1444 3500 γ

168 3516 198 3570 te
217 3507 315 3588 decipi
341 3528 401 3572 non
430 3512 537 3591 potuit.
567 3512 667 3592 ipsum
694 3515 773 3574 enim
814 3514 940 3588 accedit,
961 3513 1040 3594 quod
1059 3511 1182 3576 Genesis
1197 3521 1290 3593 panea
1312 3511 1444 3571 admo-³

169 3592 269 3670 magni
281 3591 376 3654 uirum
396 3595 519 3672 ingenii,
536 3603 566 3657 et
583 3597 614 3656 in
633 3597 714 3658 omni
727 3616 776 3658 sa·
815 3597 886 3659 dum
905 3599 1023 3672 celerat,
1055 3597 1152 3676 quoad
1175 3597 1301 3676 primam
1322 3603 1352 3656 et
1369 3613 1422 3654 se-

169 3675 282 3756 pientia
300 3674 502 3739 Israelitarum
521 3687 551 3740 et
565 3678 774 3761 Aegyptiorum
815 3683 943 3742 eandam
965 3681 1068 3742 mundi
1086 3687 1234 3755 aetatem,
1254 3697 1288 3740 ac
1306 3697 1342 3740 ee
1359 3677 1423 3737 im-

170 3760 257 3823 velde
275 3760 423 3822 eruditum
443 3761 547 3838 luisse,
570 3772 599 3825 et
618 3783 672 3824 nec
691 3765 776 3825 rudi·
816 3765 931 3845 primis,
946 3781 1091 3845 quaenon
1103 3763 1189 3825 lacile
1207 3768 1345 3844 poterant
1363 3761 1423 3822 ob·

171 3845 252 3920 tatis,
283 3863 339 3906 neo
362 3844 473 3906 nimiae
496 3846 702 3924 credulitatis,
722 3867 777 3910 nec
816 3849 925 3911 livione
944 3848 1048 3910 deleri.
1078 3845 1135 3909 Sed
1157 3847 1246 3910 etiam
1273 3847 1325 3907 illa
1344 3865 1422 3926 pau-

171 3927 324 3991 lanatismi
343 3929 478 3990 accusari
502 3947 604 4010 posse,
619 3931 778 3993 ostendunt
817 3952 863 4010 ca,
884 3951 960 4012 quae
977 3933 1014 3994 de
1031 3932 1135 4013 primis
1155 3930 1258 3994 mundi
1273 3929 1422 4010 tempori-

174 4012 490 4089 consiliagreriseima,
502 4032 577 4094 quae
590 4015 700 4094 optime
714 4034 778 4096 per·
818 4017 873 4078 bus
889 4017 1069 4092 reseruntur,
1083 4016 1160 4076 sicut
1172 4034 1207 4076 ea
1223 4033 1301 4095 quae
1315 4013 1352 4074 de
1372 4032 1424 4092 po·

171 4093 566 4174 lecit,legcssanctissimae,
580 4117 654 4178 quas
668 4117 721 4176 pro
734 4116 781 4160 re·
818 4099 991 4162 sterioribus
1026 4099 1209 4179 tenrrporibus
1240 4106 1424 4171 narrantur,

172 4175 281 4253 ligione
302 4189 332 4242 et
353 4181 471 4242 civitate
486 4181 579 4254 dedit,
599 4188 628 4242 et
646 4181 778 4241 ratioci—
818 4203 877 4244 non
894 4183 951 4243 iem
969 4183 1157 4257 haesitando,
1174 4188 1224 4243 aut
1236 4181 1424 4242 coniieiendo

172 4278 221 4334 nae
245 4261 474 4344 integerrimae,
502 4283 592 4347 quam
618 4263 724 4327 tenuit.
737 4297 780 4310 —
819 4279 1039 4351 proponuntur,
1057 4266 1110 4330 sed
1128 4267 1205 4330 sicut
1222 4263 1300 4328 lacta
1317 4265 1427 4327 certis-
