2930 4736
439 267 513 316 cuns
534 236 577 318 tx.
600 269 701 318 securo
723 271 755 318 ιι.
779 271 872 320 cneus
892 271 937 318 ιιι.
1192 256 1254 320 449

55 351 181 426 petunt,
201 343 270 406 licet
287 345 319 408 id
336 365 396 410 nun
408 367 526 429 sctttper
543 369 661 431 expres·
702 351 815 414 mnium
831 350 1033 434 Ecclesiamm
1045 370 1146 416 curam
1166 354 1294 438 pertine

53 430 105 490 sis
123 428 221 490 uerbis
239 429 350 492 dicant.
370 432 401 512 d)
420 431 521 513 Neque
540 435 617 496 enim
633 454 661 498 e-
701 454 734 498 ce
751 435 786 498 ad
810 433 972 516 Episcopus
992 455 1107 500 omrtcs.
1134 456 1151 498 ι

53 513 118 576 lias
142 513 270 594 plurime
287 513 405 578 Petrum
430 517 517 580 etiate
536 517 661 598 intelligi
740 519 879 598 Respa)
908 518 1070 600 Episcopus
1098 538 1203 586 omnes
1229 539 1294 586 esse

54 605 200 676 possunt;
219 615 247 658 e.
265 617 295 676 p.
313 598 500 665 dumtlicuut
514 620 581 663 cum
600 602 661 666 lra-
699 599 907 682 Apostolorum
923 621 1119 679 successores,
1137 605 1225 666 etium
1241 604 1293 670 Ca-

53 697 160 758 noeu,
185 700 202 742 ‹
222 699 343 746 necesse
366 702 452 760 esse,
477 692 509 746 ut
526 685 563 748 ad
585 685 660 750 hanc
701 685 805 750 thulici
830 694 982 751 asserunt:
1001 687 1056 753 'sed
1075 684 1156 748 Petri
1172 705 1292 754 succes·

52 763 227 826 Euclesium
246 785 349 828 omnes
375 767 525 833 Ecclesiae
550 787 671 834 counie-¹
698 787 748 832 sor
764 780 808 835 cst
822 771 904 834 sulus
921 769 1071 834 Romanus
1087 769 1231 848 Pontiiem
1244 771 1292 836 hic

52 848 188 924 uiant,›
205 867 272 915 cum
287 850 448 930 uppetona,
462 870 658 933 percummu·
699 852 765 916 ideo
780 854 859 918 iuter
886 853 1061 936 Episcopus,
1083 854 1160 916 sieut
1186 855 1291 920 Petrus
1315 869 1317 872 ·

52 931 183 996 niunem
200 951 266 996 cum
293 935 344 996 illa
362 931 513 1005 Ecclesiae
530 937 658 999 catholi»
697 937 776 1002 iuter
792 937 948 1018 Apostolos
966 939 1125 1019 primatum
1146 947 1238 1002 leuet.
1256 939 1289 1020 b)
1307 938 1310 961 ²

50 1035 114 1080 eae
136 1015 278 1080 unitatem
299 1019 430 1099 probari,
448 1039 515 1084 cum
529 1021 658 1085 Ambro-
697 1017 806 1084 Omnes
823 1021 961 1102 Episcopi
983 1041 1050 1084 eum
1067 1020 1196 1087 Primate
1214 1042 1288 1086 eon·
1310 1099 1312 1104 ,

50 1102 115 1178 siu,
131 1099 174 1162 ihi
189 1101 350 1166 Ecclesiam
370 1122 448 1182 csse,
468 1104 518 1166 ubi
537 1113 581 1167 est
599 1104 657 1170 Pe·
697 1104 822 1167 stituunt
840 1105 1001 1167 Ecclesiam
1020 1106 1187 1181 docentem,
1204 1107 1311 1168 cuiusss.

52 1194 123 1248 trus
135 1182 157 1244 i.
170 1203 197 1246 e.
213 1183 249 1247 ll.
262 1183 296 1248 P.
314 1187 373 1267 (l),
386 1207 453 1251 cum
463 1189 654 1269 Hieronpmo,
695 1197 751 1264 est,
775 1206 875 1249 curam
894 1188 1005 1250 hebere
1022 1191 1058 1252 de
1074 1190 1206 1252 Ecclesia
1224 1190 1290 1252 uui·
1312 1238 1314 1242 l

55 1266 198 1332 «Christi
208 1271 346 1350 assequi
354 1270 654 1339 adhaerentilomanc
695 1291 788 1334 versa:
808 1273 1000 1350 ergodiotum
1018 1272 1048 1336 S»
1064 1272 1166 1342 Basilii
1175 1273 1288 1343 Prima·
1312 1301 1317 1331 x

51 1353 222 1432 Episcopo,-
242 1372 258 1416 u
281 1373 348 1416 cum
360 1356 529 1438 Artpuatirco
547 1354 652 1421 Sedem
696 1356 737 1418 tui
755 1375 813 1418 nun
832 1357 1013 1418 adversatur.

52 1455 215 1502 consanam
234 1435 349 1502 Petram
369 1437 449 1502 ittam
470 1457 546 1515 esse,
565 1459 655 1521 super
736 1439 789 1508 Odi
813 1440 842 1504 3.
867 1441 899 1504 s,
919 1441 1118 1522 &rumpamus
1145 1440 1193 1522 (Oi
1210 1439 1316 1512 sen-J

48 1539 150 1602 quam
161 1521 326 1586 aediticavit
343 1521 476 1599 ,Christus
490 1523 651 1590 Ecclesiam
694 1521 748 1589 bit:
767 1543 782 1586 r
798 1521 830 1586 Si
853 1525 1185 1606 auctoritasquaeritur,
1201 1519 1287 1590 Orbis
1314 1544 1318 1581 1

49 1623 142 1668 suam
162 1605 221 1686 (⁹2).
241 1607 272 1685 e)
292 1605 391 1690 Neque
405 1607 651 1685 lucadesuut,iu
694 1605 962 1670 maturescimus.
983 1605 1060 1679 Quid
1085 1609 1155 1672 milii
1176 1609 1286 1690 proteus

50 1689 170 1771 qruibus
196 1687 323 1752 Buritani
340 1690 491 1758 Pontificis
509 1691 652 1774 primatus
693 1689 1285 1770 uniusurbisconsuetudinem‘lUbicuu-

49 1793 72 1836 a
92 1772 147 1850 liei
160 1773 343 1840 institutione
359 1777 513 1856 repetitum
525 1776 567 1838 sic
582 1795 649 1854 eg.
693 1793 750 1854 que
768 1775 856 1838 luerit
870 1775 1100 1856 Episcopussive
1118 1775 1286 1852 Rurrtne,si·

50 1857 243 1938 Aupctstinus
260 1857 362 1934 ducet,
383 1878 399 1921 r
419 1859 552 1922 Romano
571 1859 651 1922 Pou-
691 1877 725 1920 ue
737 1857 1074 1940 Constantinopoli,sive
1090 1859 1285 1926 Alexandriae

51 1941 130 2004 titici
151 1942 183 2004 in
201 1960 327 2021 persona
340 1942 418 2006 Petri
433 1963 450 2006 a
467 1942 582 2006 Christo
595 1963 650 2024 pa·
691 1950 747 2004 ete.
768 1943 900 2006 ciusdem
915 1942 1014 2007 meriti
1033 1956 1093 2019 est,
1104 1953 1133 2008 et
1151 1943 1283 2008 eiusdem

50 2024 199 2088 scendum
213 2026 306 2090 luisse
324 2027 462 2092 traditum
481 2027 650 2093 uuiversum
691 2022 864 2090 Sacerdotii.
891 2047 907 2088 u

49 2127 176 2188 gregem
193 2128 278 2174 strum
299 2111 359 2191 (3).
379 2131 394 2172 a
731 2111 815 2191 Recp.
840 2109 905 2173 Nou
923 2109 1055 2192 loquitur
1071 2107 1103 2172 S.
1122 2109 1229 2174 Ductor
1246 2109 1283 2174 du

98 2194 187 2256 moto.
207 2193 238 2256 2.
264 2191 366 2258 Solent
393 2194 481 2259 etiam
501 2213 538 2258 en
552 2193 650 2274 Patri·
691 2195 867 2266 auctoritate
881 2197 990 2257 summi
1007 2194 1233 2270 Pontificis,secl
1247 2195 1283 2260 de

53 2277 114 2342 bus
128 2277 193 2341 loca
210 2277 330 2355 adduci,
345 2298 420 2359 quae
432 2277 558 2344 Romani
570 2279 650 2342 Pon·
690 2280 864 2343 auctoritate
883 2279 1105 2344 consuetudinis
1124 2278 1207 2340 urbis
1220 2277 1282 2342 Ru·

53 2360 145 2424 tificis
167 2361 307 2441 primatui
329 2362 478 2428 aduersari
500 2363 647 2426 videntur.
691 2380 779 2440 roae,
806 2382 895 2444 quero
921 2362 994 2432 dicit
1019 2382 1084 2429 esso
1113 2362 1285 2447 minorem,

98 2444 245 2510 Odi.l.S.
257 2447 425 2527 Cyprianus
437 2447 650 2510 haudobscure
690 2465 778 2526 quam
797 2447 1001 2510 auctoritatem
1015 2449 1104 2512 totius
1119 2447 1282 2527 Ecclesiae,

54 2529 133 2608 petit
156 2525 349 2610 Stephanum,
378 2531 448 2594 dum
475 2530 522 2612 (4)
552 2530 648 2598 dicit:
689 2530 750 2608 agit
767 2529 846 2592 enim
873 2541 975 2594 contra
1003 2530 1283 2598 cousuetudinema

51 2632 72 2674 r
88 2611 191 2692 Neque
202 2613 281 2674 enim
296 2615 453 2695 quisquam
468 2623 602 2677 nostrum
617 2633 649 2676 se
690 2613 827 2678 liaconis
849 2611 961 2676 Romae
990 2615 1199 2690 introductam,
1231 2614 1284 2694 qui

51 2696 647 2778 EpiscopumEpiscopcrumconstituitu
690 2715 757 2760 cum
777 2696 864 2777 pauci
891 2708 1000 2773 essent,
1021 2706 1050 2760 et
1074 2699 1211 2760 thesauro
1229 2714 1281 2758 cc-

51 2779 118 2842 lmu
138 2787 168 2841 et
185 2780 283 2857 docet,
302 2781 493 2864 Episcoposa
510 2783 573 2846 solo
590 2781 649 2848 Deo
690 2780 853 2843 clesiastico
864 2789 962 2842 esseut
972 2781 1143 2862 praepositi,
1157 2799 1188 2841 se
1199 2778 1284 2841 Pres-

51 2863 231 2926 iudieandos
247 2883 324 2926 esse.
690 2863 797 2944 hyteris
816 2864 1038 2944 praeponebant
1056 2872 1157 2926 contra
1178 2863 1237 2940 ius,
1252 2871 1283 2928 et

95 2949 182 3026 Recp.
197 2947 237 3012 Ex
251 2947 405 3030 Episcopis
422 2947 567 3020 Africanis
580 2949 649 3013 not-
689 2947 842 3028 antiquum
859 2947 948 3009 totius
963 2946 1042 3009 orbis
1053 2965 1177 3008 rnorem.
1197 2944 1282 3018 Quod
1311 3001 1313 3010 .

51 3031 101 3094 lus
117 3039 232 3112 poterat
247 3052 278 3093 se
297 3033 476 3114 Episcopum
490 3031 650 3113 Episcopo·
689 3031 780 3106 addit,
800 3029 961 3112 Episcopus
978 3049 1042 3095 esse
1063 3029 1195 3095 ciusdem
1215 3049 1281 3092 mu*

50 3133 121 3178 rum
136 3116 328 3180 constituere:
355 3126 384 3180 et
403 3125 466 3182 esto
485 3115 532 3180 lais
547 3118 648 3184 verbis
689 3115 737 3178 riti
755 3124 785 3179 ct
800 3114 968 3189 sacerdotii,
987 3113 1209 3192 intelligendum
1236 3122 1283 3179 cst
1310 3181 1312 3186 ,

50 3198 227 3276 suggillaret
254 3198 420 3266 Romanum
449 3200 647 3279 Pontificem,
689 3199 725 3262 ile
748 3206 891 3280 potestate
915 3196 1043 3274 Ordinis,
1064 3217 1123 3262 oon
1140 3197 1176 3264 de
1194 3206 1279 3280 poten

50 3283 167 3346 nullius
190 3292 258 3348 sunt
284 3283 449 3361 momenti,
475 3303 551 3366 quae
580 3294 648 3351 tuuc
689 3291 763 3346 state
781 3281 1004 3344 iurisdictionis.

51 3367 84 3428 iu
105 3366 188 3432 ittum
207 3367 356 3434 scabinatus
371 3367 488 3447 efforuit.
511 3366 592 3443 Quae
612 3369 648 3430 de
732 3367 796 3434 Oti.
817 3367 849 3432 4.
859 3367 890 3431 S.
904 3365 1115 3448 Grcporiusli.
1126 3364 1281 3446 (l)detre·.

49 3450 221 3518 iudicandis
233 3450 389 3532 Episcopis
403 3452 492 3530 dicit,
512 3453 649 3534 iutelligit
689 3452 777 3516 clarit
794 3468 902 3512 numen
922 3450 1060 3532 Episcopi
1078 3449 1280 3526 oecumenici,

50 3534 90 3598 de
109 3535 247 3612 intumis,
267 3536 344 3602 etde
358 3537 473 3601 occulto
490 3537 587 3600 cordis
603 3536 650 3597 in·
688 3553 740 3599 seu
755 3533 945 3600 uniuersalis:
962 3553 1030 3614 ergo
1049 3533 1211 3618 primatum
1224 3533 1281 3600 silui
1311 3545 1313 3576 ¹

53 3619 205 3696 tentione,
224 3638 300 3699 quae
318 3638 335 3686 a
353 3620 424 3710 solo⁸
437 3619 497 3686 lieu
524 3620 647 3684 iudicari
687 3637 746 3687 nun
765 3618 953 3680 adiudicauit.

51 3712 162 3783 potest.
179 3702 347 3768 Generatim
370 3704 443 3766 haec
474 3704 576 3766 omnia
592 3703 647 3785 cy,
727 3703 812 3782 Resp.
832 3701 977 3782 Tempore
995 3699 1125 3782 Gregorii
1140 3698 1178 3764 ll.
1197 3697 1281 3762 loon·

51 3787 180 3866 priorsus
201 3787 335 3868 protulit,
358 3787 434 3854 ¹dotto
461 3785 492 3856 iu
517 3807 647 3852 errorem
689 3804 743 3851 nes¹
756 3785 918 3860 ieiunatur,
936 3784 1108 3850 Patriarclm
1125 3784 1157 3850 C.
1177 3783 1211 3846 P.
1223 3782 1281 3846 sibi

48 3871 119 3934 tidei
134 3871 316 3935 contrarium
333 3873 489 3952 prolapsus¹
509 3879 584 3936 erat.
688 3870 834 3951 arrogavit
854 3888 961 3932 numen
981 3869 1118 3951 Episcopi
1139 3883 1279 3932 oecume-

95 3955 162 4020 Oii.
182 3955 214 4022 E.
233 3953 335 4021 Patres
353 3955 472 4036 saepius
487 3955 648 4036 Episcopus
690 3953 760 4030 uici,
779 3953 857 4035 quud
872 3953 927 4014 soli
945 3954 1034 4016 totius
1052 3949 1205 4016 Ecclesiae.
1217 3948 1280 4030 pri·

44 4057 158 4106 ,omnes
188 4071 210 4089 ··
229 4039 436 4120 Apostolorum
462 4056 648 4102 successores
689 4037 781 4116 mati,
801 4038 822 4100 i.
843 4056 871 4100 e.
891 4035 1027 4115 Murano
1044 4037 1189 4117 Episcopo
1206 4051 1289 4094 com·

43 4130 171 4200 ‚vocant
190 4121 254 4190 Into
271 4123 304 4190 S.
324 4123 457 4190 Bouttos
466 4123 513 4205 (5)
521 4122 573 4191 ait:
586 4142 647 4186 ru·
688 4121 780 4187 uenit.
803 4121 897 4204 Aegre
921 4121 950 4183 id
972 4122 1039 4184 tulit
1053 4117 1209 4197 Grepprius
1227 4113 1279 4194 lt,

104 4257 108 4268 ,
207 4237 209 4244 ’
688 4231 712 4265 n.
727 4218 771 4264 585
789 4221 841 4280 etc,
857 4221 880 4267 et
895 4230 918 4266 n.
933 4219 978 4266 593
992 4219 1037 4266 etc.
1050 4215 1126 4268 iustus
1145 4213 1282 4266 huiusmodi

80 4276 112 4332 (it
127 4277 153 4324 tn
169 4277 204 4325 l's.
216 4278 253 4338 50,
267 4290 292 4324 n.
307 4277 345 4324 dit.
688 4275 834 4325 difficultates
848 4279 923 4324 sutrii.

77 4338 111 4396 (25
128 4337 151 4382 tn
168 4338 249 4383 t'mtm.
264 4349 286 4383 e.
302 4339 390 4396 purtem
406 4337 491 4384 uunatt
505 4338 550 4385 eto.
717 4338 751 4394 (tp
764 4338 787 4382 tn
803 4349 869 4383 cono.
881 4333 987 4392 ttocttrug.
1047 4331 1078 4394 (ὕ)
1090 4333 1131 4392 llp.
1146 4331 1183 4378 Ψ.

77 4399 112 4458 (ὅ)
126 4399 195 4445 l’tura
208 4398 262 4444 tucu
274 4397 371 4456 adducit
380 4397 412 4450 t'l
428 4402 537 4461 Pomone,
547 4397 592 4460 qut
602 4399 617 4446 l.
627 4409 649 4446 e.
716 4396 748 4458 tiit
764 4397 834 4458 Epist.
849 4396 879 4444 ott
893 4394 974 4452 urnae.
1046 4393 1079 4453 (it
1096 4394 1119 4442 l..
1130 4392 1231 4455 aglptst
1244 4390 1282 4437 EO·
