2918 4734
414 220 488 268 rans
509 221 541 266 rr.
565 219 667 266 suerro
688 219 710 264 1.
734 219 827 265 curor
848 220 870 264 1.
1176 204 1235 268 ror

48 311 133 356 manu
147 300 209 358 tao.
241 291 389 375 Ulterius,
416 307 450 361 ut
467 299 595 362 habetur
612 297 639 362 11
680 297 725 360 rel
744 315 779 359 eo
795 297 857 359 soto
870 297 1037 361 luculenter
1051 298 1279 383 apparet,'qtiod

47 377 124 440 Esdr.
139 376 200 440 illl
218 399 286 442 cum
303 382 424 446 dixisset
442 385 568 465 populus
583 383 639 445 Esss
679 379 874 458 Samaritani,
892 382 944 462 qui
962 401 1030 444 eum
1054 383 1203 448 habebant
1221 405 1278 447 an·

47 461 121 539 dnae,
137 471 171 525 at
186 465 310 544 offerret
324 467 433 530 tibrum
444 469 515 549 aaa
527 468 636 547 Mopsi,
679 465 855 546 tiquissimis
873 464 979 528 litteris
994 478 1157 544 exaratum,
1179 469 1279 532 exem·¹

47 545 133 606 statim
146 547 300 610 subditur:
320 552 430 615 Attulit
443 569 512 633 ergo
523 553 638 615 Esdros
678 550 743 630 piar
759 549 918 610 confictum
947 551 991 611 ve'l
1019 561 1192 632 corruptum
1218 561 1280 616 nou

44 631 638 714 amabelegemcoremrnattitudioeetet
678 633 870 714 recepissent,
885 633 934 694 sed
951 633 1173 696 reclamassent.
1193 635 1278 698 Nun-

45 712 90 772 ubi
106 715 188 778 nulla
206 718 319 779 mentio
344 720 378 780 lit
395 739 487 782 novae
506 721 637 801 inspira·
677 735 765 797 quam
777 726 876 778 autem
891 718 949 779 tale
964 719 1035 798 quid
1053 717 1164 780 Esdrae
1176 721 1221 781 vet
1232 720 1278 782 lu·

43 797 141 873 tionis,
171 821 231 882 qua
254 801 323 862 libri
348 803 495 884 deperditi
526 805 637 867 luerint
677 799 759 863 daeis
783 801 1015 882 improperatum
1038 801 1111 877 luit,
1132 803 1184 864 sed
1203 803 1278 866 mira

42 879 139 944 iterum
156 886 310 966 descripti.
331 885 465 968 Denique
483 890 539 951 los.
562 889 635 951 nra·
676 895 721 946 est
738 886 816 946 inter
833 886 953 947 codices
964 885 1158 948 Pentateuchi
1170 883 1277 948 Sama·

41 967 162 1048 nias(l)
186 978 299 1044 narrat,
319 969 422 1052 Cyrum
446 991 481 1034 ex
508 973 636 1035 tectione
675 969 789 1030 ritanos
804 978 833 1032 et
852 969 977 1031 ludaeos
1003 970 1170 1032 harmonia.
1192 969 1277 1042 Quod

41 1051 243 1114 vaticiniorum
260 1055 341 1129 libri,
358 1075 447 1136 quem
462 1056 635 1119 Isaiasante
676 1063 789 1116 ceteros
807 1072 908 1116 sacros
938 1054 1031 1116 libros
1057 1054 1184 1133 attinet,
1211 1056 1278 1135 ipse
1363 1133 1364 1138 ἵ

42 1155 126 1198 annos
149 1137 214 1199 nto
238 1139 418 1219 reliquerat,
438 1141 532 1202 luisse
554 1161 635 1204 com·
675 1137 901 1200 stitidiversitas
915 1137 1183 1201 luculentissimum
1195 1158 1278 1220 prae·

40 1229 158 1298 motum,
174 1231 207 1282 ut
222 1221 340 1284 ludaeis
354 1223 387 1284 in
398 1225 523 1305 patriam
536 1243 636 1288 rever·
675 1221 724 1282 bet
737 1223 957 1298 testimonium,
971 1221 1038 1284 illos
1054 1223 1091 1284 ab
1107 1243 1166 1285 uno
1177 1234 1277 1287 aucto·

40 1305 110 1366 teudi
135 1314 315 1386 potestatem
334 1307 454 1370 laceret.
476 1306 635 1389 Supererat
674 1323 706 1366 re
726 1325 785 1366 nen
804 1306 896 1368 luisse
919 1307 1089 1387 presentem,
1109 1327 1208 1389 neque
1234 1317 1277 1370 et·

39 1389 128 1470 itaque
151 1390 185 1450 in
204 1390 374 1472 captivitate
402 1392 576 1474 babylonica
594 1396 632 1456 li·
673 1389 733 1450 iam
759 1409 818 1452 uno
849 1389 1017 1470 eodemque
1045 1409 1116 1454 aevo
1142 1392 1277 1456 conscri-

39 1472 205 1549 berlsaiae,
220 1474 324 1555 quidni
343 1494 412 1554 ergo
431 1479 633 1556 multomagis
674 1482 751 1553 ptos·

38 1556 96 1620 libri
126 1558 275 1633 mosaici,
296 1578 423 1639 quorum
442 1581 513 1624 cura
539 1563 633 1624 maior
716 1557 780 1620 Oti.
803 1558 833 1619 3.
853 1556 934 1619 Multi
948 1577 983 1620 ex
1001 1553 1052 1620 SS.
1070 1557 1208 1623 Patribus
1225 1560 1278 1625 lu·

38 1660 92 1703 esse
107 1642 268 1704 debehat?
288 1642 389 1705 Patres
414 1645 493 1724 quod
512 1646 629 1724 attinet,
673 1641 763 1703 daeos
789 1642 928 1704 incusant
945 1645 1029 1724 quasi
1049 1662 1199 1706 sacrorum
1223 1666 1277 1709 co·

37 1727 338 1790 recte-NatetisAtcn.
356 1727 404 1808 (h)
419 1729 565 1806 observat,
581 1749 632 1792 eo·
673 1724 771 1787 dicum
791 1735 990 1807 corruptores:
1006 1745 1075 1804 ergo
1095 1747 1148 1790 nee
1167 1729 1285 1792 Penta-1

36 1827 90 1870 rum
110 1811 262 1890 plurimos
280 1813 444 1892 appellasse
462 1813 519 1875 hoo
541 1833 631 1878 sensu
673 1810 809 1886 teuchuS,
829 1829 884 1872 nec
906 1810 956 1894 alii
983 1811 1052 1872 libri
1074 1809 1108 1872 V.
1131 1811 1165 1875 T.
1188 1814 1277 1876 bodie

37 1892 152 1955 Esdram
180 1913 335 1956 sacrorum
353 1896 496 1959 librorum
512 1905 630 1960 re‘stau-
672 1893 777 1972 integri
792 1902 822 1955 et
841 1895 1005 1976 incorrupti
1024 1905 1149 1958 exstant.

37 1986 174 2056 retorem,
193 1987 342 2060 quatenus
357 1979 382 2041 is
400 1982 630 2063 solutacaptiri-
712 1979 799 2058 Hesp.
814 1975 865 2040 SS.
887 1978 989 2041 Patres
1002 1999 1060 2040 non
1079 1980 1284 2056 accusantlu·¹

36 2070 86 2122 tate
97 2063 511 2145 lrabplonicasaeroscodices
524 2067 631 2128 iistur-
672 2061 773 2139 daeoS,
792 2063 870 2143 quod
892 2062 1136 2136 antechristum,
1152 2066 1277 2128 llorente

35 2144 158 2209 bulentis
182 2147 368 2228 temporibus
393 2167 428 2210 ex
453 2150 629 2230 scriptorum
674 2145 770 2207 adhue
789 2165 945 2226 synagoga,
966 2166 1065 2209 sacros
1080 2148 1197 2212 codices
1212 2151 1278 2211 vio-

36 2231 184 2292 oscitantia
203 2233 249 2292 vet
277 2231 396 2294 inscitia
413 2244 568 2314 corruptos
593 2236 629 2296 ad
672 2230 807 2306 laverint,
824 2250 899 2310 quos
915 2232 1024 2312 potius,
1044 2232 1148 2294 utiam
1162 2233 1275 2295 dictum

35 2314 115 2375 tidem
134 2315 315 2396 exemplaris
335 2318 529 2397 autographi,
552 2313 630 2399 quod
672 2323 727 2389 est,
748 2314 875 2376 maxima
891 2316 1033 2393 religione
1052 2326 1274 2381 conservarunt.

35 2407 234 2460 conservatum
253 2400 448 2480 probabiliter
464 2402 571 2478 luerat‚·
588 2402 631 2464 di·
670 2395 740 2460 Post
754 2398 900 2461 Christum
915 2399 1065 2468 dumtaxat
1077 2402 1213 2462 nonnulli
1225 2401 1277 2464 Iu·

35 2479 225 2558 ligentissime
237 2484 449 2546 emendaverit.
464 2485 554 2546 Addit
568 2488 631 2548 Der·
671 2481 737 2542 daei
760 2485 979 2563 corruptionem
1007 2484 1204 2565 quorumdem
1223 2492 1277 2548 va-

34 2567 125 2643 pinias
138 2568 188 2648 (3)
203 2567 329 2629 Esdram
346 2567 437 2630 libros
456 2589 555 2631 saeros
571 2573 630 2632 cot·
672 2565 841 2628 liciniorum
860 2567 897 2628 ad
922 2565 1056 2628 Messinm
1077 2571 1275 2650 spectantium

35 2649 151 2727 legisse,
173 2653 205 2713 in
226 2649 361 2713 ordinem
385 2652 556 2731 redegisse,
576 2673 630 2716 eo·
672 2656 835 2726 tentarunt3
858 2669 924 2712 eum
948 2661 1046 2712 autem
1065 2654 1195 2732 plurima
1216 2656 1276 2715 iam

35 2735 155 2798 modern
170 2754 316 2797 canonem
337 2738 552 2817 composuisse,
566 2758 631 2800 eos·
671 2734 782 2812 ubique
812 2753 964 2796 sacrorum
994 2734 1150 2797 Librorum
1174 2756 1269 2798 exem·

36 2836 86 2896 que
99 2819 263 2881 chaldaicis
271 2819 377 2881 litteris
392 2821 540 2897 retulisse,
554 2841 630 2902 quae
671 2816 764 2897 plania
777 2819 948 2896 existerent,
968 2822 1118 2901 corruptio
1131 2821 1216 2880 tacite
1227 2819 1275 2881 de·

35 2903 107 2965 solae
121 2912 191 2985 post
205 2903 405 2984 captivitatem
424 2905 629 2986 babylonicam
671 2909 748 2962 tecla
766 2910 795 2963 et
813 2903 923 2964 abolita
949 2903 1026 2965 luit:
1047 2922 1115 2982 ergo
1138 2903 1213 2964 sacri
1237 2904 1273 2964 li·

36 2989 172 3068 apopuio
187 2987 441 3066 intelligebantur3
456 2998 545 3071 atque
564 2991 629 3052 ideo
671 2985 716 3046 bri
734 2985 841 3065 integri
859 2995 889 3048 et
907 2987 1069 3068 incorrupti
1089 2987 1125 3049 ad
1143 3007 1195 3047 nos
1210 3005 1277 3067 per·

35 3068 112 3132 illum
136 3091 155 3133 a
176 3069 230 3133 SS.
251 3071 388 3133 Patribus
412 3091 563 3134 sacrorum
591 3075 630 3136 li·
671 3080 827 3133 venerunt.
853 3071 985 3147 Accedit,
1009 3071 1089 3152 ¹quod
1116 3070 1219 3131 Patres
1246 3072 1276 3133 in

34 3151 146 3216 brorum
168 3156 390 3232 restitutorem,
414 3175 467 3218 seu
486 3157 628 3219 editorem
671 3153 838 3216 obiectione
851 3155 1006 3217 memorati
1019 3155 1063 3216 vel
1077 3173 1135 3216 non
1151 3155 1272 3236 loquan-

34 3249 234 3318 nuncnpatum
253 3259 330 3302 esse.
351 3238 381 3301 Si
396 3249 495 3302 autem
508 3241 629 3321 quidam
671 3244 719 3296 tut·
735 3238 771 3299 de
789 3239 980 3319 corruptione
998 3239 1092 3319 ipsius
1110 3239 1200 3299 sontis
1220 3241 1276 3302 he·

35 3331 97 3382 sunt
113 3323 230 3398 Patres,
244 3324 296 3403 qui
307 3324 341 3384 ad
359 3324 437 3386 hunc
448 3343 630 3388 sensumpg.
672 3319 773 3394 bruel,
795 3323 846 3382 sed
873 3323 909 3384 de
927 3321 1047 3400 Aquila,
1073 3324 1275 3401 Tttcodotionc,

36 3407 125 3466 vocari
145 3426 207 3468 non
228 3416 370 3488 possunt,
389 3416 421 3469 ut
438 3409 568 3472 Clemens
588 3411 631 3474 A·
671 3406 895 3484 ethrnmocha
916 3404 1032 3468 ludaeis
1058 3408 1211 3489 apostatiS,
1226 3410 1278 3490 qui

37 3486 87 3550 len.
101 3499 130 3550 et
142 3491 175 3554 S.
185 3491 332 3566 Basilius,
344 3492 476 3554 modeste
487 3494 629 3556 deseren-
671 3487 781 3550 iontem
796 3490 858 3551 suis
873 3491 986 3567 graccis
1004 3492 1191 3553 versionibus
1207 3510 1276 3553 cor·

37 3570 156 3649 dieunt,
174 3593 243 3635 cum
263 3583 390 3650 constet,
410 3595 462 3638 eos
480 3597 498 3638 a
516 3597 630 3659 suppo·
671 3583 827 3654 ruperunt;
858 3574 903 3635 vel
932 3577 1092 3655 loquantur
1122 3577 1217 3636 sotum
1241 3577 1277 3638 dc

38 3654 116 3718 sititio
136 3658 193 3720 lib.
208 3657 247 3719 lv
261 3658 372 3722 Esdrae
388 3661 564 3724 innocenter
575 3663 629 3724 de·
670 3654 779 3737 ineptis
794 3656 825 3720 S.
843 3655 1013 3740 Scripturae
1027 3659 1276 3740 expositionibus,

38 3750 125 3818 captos
145 3761 227 3804 esse.
247 3740 382 3804 Ceterum
406 3744 507 3806 Patres
527 3765 630 3807 oniues
671 3741 779 3820 quibus
793 3741 895 3805 Iudaei
910 3743 1063 3805 obcoecati
1078 3763 1138 3804 non
1150 3751 1273 3818 textum,

39 3820 178 3901 latentur,
202 3825 328 3888 Esdram
347 3829 515 3890 nullatenus
538 3830 630 3891 libros
671 3825 720 3884 sed
751 3845 870 3887 sensum
908 3836 1125 3908 perverterunt:
1158 3827 1210 3886 bac
1239 3824 1275 3885 de

40 3921 124 3971 sacros
144 3911 328 3990 corrupisse,
342 3913 392 3973 sed
404 3911 465 3974 beo
484 3913 631 3993 inspiran—
670 3926 759 3969 eausa
784 3909 910 3972 Iudaeos
924 3912 1153 3992 ¹reprehendunt
1170 3909 1201 3971 S.
1225 3908 1274 3969 In·
1314 3966 1316 3972 ,
1398 3933 1400 3944 ·

42 3995 62 4047 te
72 3991 203 4072 integros
219 3995 383 4074 posteritati
403 3996 570 4058 tradidisse.
588 3997 629 4058 E·
669 3993 767 4054 atinus
780 3993 864 4074 (diet
876 3995 907 4058 S.
919 3996 1059 4057 irenaceo
1070 3996 1129 4076 (5).
1145 3991 1188 4054 Cl.
1208 3991 1276 4052 Got-

44 4073 123 4137 sdram
151 4089 254 4139 autem
279 4097 338 4143 non
363 4080 494 4160 potuisse
520 4081 629 4142 Penta-
671 4076 972 4157 unguendae.
994 4079 1053 4159 (t.

44 4161 172 4223 leuchum
192 4162 362 4240 confingere
380 4173 430 4224 aul
450 4163 628 4242 adulterare,
702 4177 731 4231 (5)
742 4177 823 4221 essert.
833 4178 938 4235 praelim.
947 4177 970 4222 in
980 4177 1000 4222 S.
1013 4176 1094 4235 script.
1102 4175 1119 4217 t.
1131 4172 1149 4226 t,
1161 4183 1181 4216 c.
1191 4168 1235 4231 hg
1251 4171 1275 4218 5.

701 4235 732 4294 (t)
744 4237 801 4280 blut.
812 4235 926 4293 c.'l'rpph.
936 4247 959 4280 n.
969 4234 1005 4280 rt.
1023 4236 1056 4287 tt)
1068 4232 1134 4278 tabe.
1142 4230 1276 4276 teneret-t.

61 4288 86 4340 (n
101 4291 150 4337 bib.
167 4289 193 4336 tt
213 4293 284 4350 antiq.
300 4291 390 4350 tudela,
407 4305 456 4351 cap.
468 4293 505 4340 th.
568 4339 570 4344 ,
701 4297 732 4351 td)
748 4295 813 4340 Tom.
833 4295 851 4340 t.
867 4296 932 4339 venit.
950 4295 989 4338 rel.
1006 4294 1055 4337 chr.
1073 4291 1134 4336 dem.
1149 4291 1170 4344 ὅ,
1187 4300 1237 4346 cap).
1254 4291 1274 4331 8·

36 4407 40 4415 ¹
61 4346 281 4402 nabataeos·
292 4351 497 4410 .t,dct.amuudt
508 4353 552 4402 cet.
563 4353 636 4403 ertd.
699 4353 732 4411 tl)
746 4355 812 4400 ¹satec.
828 4353 851 4408 2,
867 4353 933 4411 ntes„
944 4351 977 4410 rt,
991 4364 1015 4408 q.
1033 4349 1052 4407 t,
1068 4351 1109 4394 art.
1125 4347 1237 4407 t„couet.
1252 4350 1283 4412 3.¹
