2934 4736
202 181 265 245 258
599 203 784 250 resumeres
805 201 969 250 ammanus

160 295 231 340 rere
245 281 364 346 contriti
377 301 482 366 prmus
494 303 600 348 sensus
612 303 683 346 suos
695 303 764 346 mu·
804 292 958 364 corruptor
965 283 1142 358 emendarit,
1151 282 1284 348 lomnes
1296 299 1410 362 progne

162 370 247 439 tent,
266 364 509 448 inordinatisque
536 369 691 451 passiones
707 368 765 430 ab·
800 371 941 448 pessimos
954 370 1041 448 guasi
1058 370 1092 431 in
1108 377 1253 430 remorato
1276 369 1310 429 ira
1334 386 1409 429 surr-

161 456 305 523 ncgantes
325 451 493 531 evangelica
522 462 681 535 praecepte
708 452 764 514 ad·
803 461 862 516 ctos
878 454 1023 530 mactavit,
1040 452 1237 532 plurimisque
1253 451 1409 514 imbecilli-

133 528 297 614 implent.
330 534 429 598 Firma
451 547 550 600 summ
581 538 618 600 de
641 535 764 598 ueritate
803 537 856 600 bus
869 536 1410 617 personuinut'ctomudotrocissr'me
1458 579 1459 584 κ

159 615 313 692 religionis
328 622 541 700 persuasione,
561 620 619 684 iem
642 620 765 682 aliunde
803 619 1410 701 murtgrt'opcrferendufortitudinemirt-

160 696 278 776 ltausta,
290 721 366 783 opus
380 715 436 781 est,
451 711 484 767 ut
494 706 562 786 quis
573 704 683 766 talibu's
694 723 765 786 pro·
800 707 901 785 gessit.
922 704 974 768 lsti
996 713 1096 768 autem
1115 705 1250 777 effectus,
1270 702 1409 784 quisine

160 782 353 848 missionibus
378 789 499 866 credat,
515 788 763 869 conditionesque
801 789 895 851 diuini
913 789 1050 852 Numinis
1065 788 1178 850 inlluxu
1196 786 1340 868 explicari
1355 805 1409 848 ne·

159 867 318 947 requisitas
331 870 503 954 adimpleat.
522 872 553 953 e)
565 870 650 944 Qrtod
666 873 762 934 mira·
801 882 928 953 queunt,
949 873 1101 936 miraculis
1122 871 1155 934 in
1175 872 1280 934 ordine
1299 869 1408 932 morali

159 951 227 1012 cota
244 953 349 1016 attinet
365 956 565 1018 cebristianis
579 957 760 1035 allegataucl
801 958 924 1036 patratis
934 957 1001 1019 iure
1011 963 1260 1030 accensentur,ac
1273 953 1408 1017 idcoRe·

159 1033 211 1095 illa
229 1053 330 1099 reuera
350 1050 463 1120 patrata
481 1050 563 1117 sunt,
582 1042 628 1102 tel
643 1060 716 1118 num
735 1042 761 1103 si
800 1041 921 1120 ligioeis
939 1040 1119 1106 christianae
1131 1039 1317 1102 divinitatem
1332 1057 1407 1121 pre·

159 1117 302 1200 primum,
322 1121 475 1186 latendum
490 1132 557 1202 est,
576 1125 656 1206 quod
673 1126 762 1186 volu·
800 1124 884 1188 bant.

159 1219 248 1280 mus,
264 1225 372 1289 nempe
391 1208 498 1270 mediis
522 1209 761 1290 supernaturali·
853 1209 883 1272 l.
903 1207 999 1272 liores
1022 1207 1179 1272 hominum
1211 1212 1281 1268 aute
1302 1205 1406 1268 Evau-

158 1283 215 1348 bus
233 1290 407 1368 religionem
428 1292 620 1356 christianam
648 1310 760 1374 propa·
798 1292 908 1370 gelium
927 1293 1129 1375 praedicatum
1159 1289 1406 1372 corruptissimos

157 1380 254 1449 getam
274 1392 363 1453 esse;
383 1375 407 1438 si
426 1377 610 1455 secuudum,
633 1377 759 1457 intelligi
800 1377 906 1454 luisse,
922 1377 1020 1439 omttis
1038 1374 1161 1439 historia
1186 1383 1321 1438 testatur.
1339 1373 1403 1436 Ne·

157 1473 218 1516 nun
237 1465 345 1538 potest,
369 1461 518 1541 quomodo
537 1461 639 1537 orbis,
659 1462 759 1524 bumi—
799 1462 905 1542 quaid
926 1461 1034 1524 mirum
1064 1459 1121 1522 luit
1146 1459 1226 1539 apud
1245 1457 1402 1537 Gentiles,
1459 1479 1460 1542 ἢ

157 1538 246 1602 nibus
265 1541 400 1606 obscuris
423 1555 453 1607 et
472 1545 574 1608 idiotis
594 1547 683 1608 sulem
702 1547 758 1610 ad·
799 1545 850 1625 qui
869 1546 993 1608 numina
1012 1543 1132 1624 tlsgitiis
1144 1542 1245 1606 dedita
1264 1542 1405 1606 celebant
1459 1576 1460 1590 2

156 1621 299 1700 lribuerit,
323 1627 439 1710 sibique
464 1649 569 1692 noram
599 1650 633 1693 ac
652 1650 757 1692 cerru-
798 1626 1406 1692 etineoruudembeneremscelereecm-
1459 1631 1460 1634 ’

156 1713 569 1790 ptaenaturaegrarissimam
582 1716 757 1794 religionem
799 1712 966 1777 mittebant.
986 1713 1056 1776 ideo
1076 1711 1189 1792 ubique
1208 1729 1339 1786 errores,
1356 1710 1405 1774 in-

156 1789 272 1871 imponi
295 1813 399 1874 passus
413 1797 462 1860 sit.
797 1797 955 1874 iustitiae,
974 1797 1080 1860 laedae
1099 1795 1238 1858 libidines
1265 1803 1404 1857 atroces·

196 1877 275 1940 Note
294 1878 325 1940 b.
344 1878 447 1962 inepte
473 1882 563 1945 allato
582 1892 757 1962 argumento
797 1901 856 1962 que
873 1882 979 1945 caedes
1007 1882 1235 1963 praevaluerunt
1255 1878 1319 1960 (2).
1344 1877 1403 1952 Qui

156 1963 318 2041 opponitur
334 1965 489 2027 celerrima
501 1968 673 2048 propagatio
687 1968 759 2030 isla·
796 1975 895 2028 autem
914 1965 1098 2044 Religionem
1126 1962 1320 2026 christianam
1346 1983 1404 2026 su·

155 2045 268 2123 mismi3
295 2045 325 2108 in
356 2047 411 2112 bac
441 2051 521 2111 enim
543 2051 757 2134 impedimenta
796 2051 966 2132 ieeperurrt,
986 2049 1028 2114 ita
1046 2069 1114 2112 mox
1139 2047 1243 2110 mutati
1267 2055 1341 2109 sunt
1370 2047 1423 2112 iu.

155 2129 285 2192 maxime
304 2132 423 2195 infirma
447 2141 477 2196 et
496 2135 594 2197 media
611 2137 758 2199 naturalia
796 2135 882 2212 alies,
900 2143 1009 2197 utnon
1029 2143 1143 2196 tautum
1160 2131 1269 2194 avitiis
1284 2140 1404 2212 tempe·

155 2212 317 2276 fortissima
332 2217 535 2280 observamus.
552 2218 624 2282 Nam
643 2219 757 2298 Religio
795 2227 914 2293 rarent,
932 2219 983 2282 sed
1006 2218 1096 2280 etiam
1119 2217 1253 2296 exempla
1270 2215 1403 2278 exbibe-

156 2297 379 2376 maltumetana,
397 2320 473 2382 quae
488 2303 700 2384 cupiditatibus
714 2307 758 2368 la·
795 2311 862 2365 rent
880 2303 1074 2365 monimntum
1091 2301 1246 2364 virtutum.
1267 2299 1305 2362 Et
1324 2300 1403 2364 baec

155 2385 759 2470 ret,elperepieureaefelicitatispollici·
795 2388 930 2468 exempla
942 2406 1001 2448 non
1017 2405 1085 2450 rara
1096 2387 1217 2448 luerunt
1234 2392 1263 2445 et
1276 2383 1403 2464 aliquo·

154 2465 399 2546 tationesallicit‚
412 2489 471 2532 non
485 2473 690 2551 persuasione,
704 2477 754 2537 sed
795 2490 860 2533 rum
881 2480 1008 2545 tantum,
1025 2470 1076 2532 sed
1088 2468 1252 2548 generatim
1268 2468 1299 2528 in
1314 2469 1407 2540 cbri-¹
1460 2501 1461 2526 1

154 2547 182 2610 vi
201 2568 364 2628 armorum,
384 2555 534 2617 atrocibus
549 2557 638 2619 minis
658 2568 754 2622 tarro·
794 2555 898 2618 stianis
913 2555 954 2617 ita
968 2552 1141 2635 conspicua,
1156 2563 1189 2615 ut
1205 2570 1341 2630 maguam
1354 2560 1402 2614 et·
1460 2549 1461 2562 ¹

153 2630 374 2716 ribusquebelli
387 2641 751 2719 propagataluit.—ldem
794 2639 852 2700 iani
869 2639 991 2720 paganis
1004 2638 1165 2702 iniecerint
1174 2636 1329 2699 clrristiaui
1344 2656 1402 2699 no·

155 2716 218 2780 lete
237 2720 396 2783 dicendum
416 2732 460 2785 est
484 2724 521 2786 de
543 2725 632 2787 celeri
651 2737 753 2808 prote·
795 2720 1400 2786 minisr·everentianr.Cemmuniterideo

133 2821 136 2826 ·
154 2803 302 2866 stantismi
315 2808 538 2887 propagatione,
552 2829 629 2891 quae
642 2820 688 2873 sat
701 2831 755 2874 na·
793 2807 897 2869 fideles
916 2806 953 2870 ab
972 2806 1045 2888 ipsis
1060 2806 1208 2888 Apostolis
1224 2804 1322 2868 surtcli
1338 2823 1399 2885 ap-

153 2888 290 2950 tureliter
304 2891 445 2971 explicari
469 2901 576 2974 potest.
603 2895 755 2973 Agebatur
795 2890 896 2972 pellaci
909 2899 978 2954 sunt
996 2892 1056 2971 (3).
1076 2891 1208 2953 laustinus
1225 2889 1284 2963 Μ..
1299 2887 1398 2951 Alite-

153 2971 233 3033 enim
252 2972 289 3035 de
306 2976 531 3054 reformatione,
547 2996 624 3058 quae
638 2979 674 3040 ad
692 2999 756 3042 rna·
794 2993 923 3056 stupores
937 2983 967 3038 et
983 2975 1184 3039 Tertullianus
1198 2973 1229 3034 in
1247 2971 1311 3032 suis
1327 2990 1402 3052 apo·

153 3053 247 3117 iurem
271 3057 303 3120 in
330 3059 463 3121 moribus
480 3079 515 3121 ac
537 3061 695 3143 disciplina
713 3064 752 3125 li·
793 3061 880 3138 logiis
896 3056 1401 3141 publicadcirrcsntaminatacltri·

153 3140 281 3202 centiam
294 3142 432 3206 homines
446 3143 607 3222 alliciebat,
621 3155 650 3209 et
662 3147 754 3210 laicos
793 3145 957 3206 stiauorum
976 3143 1035 3206 vila
1053 3141 1224 3206 testimonia
1243 3140 1396 3217 tulerunt,

153 3242 170 3285 a
190 3234 377 3303 pcccatorum
392 3229 579 3291 consessione
595 3240 654 3292 eta
670 3250 754 3313 prae·
794 3245 849 3289 nec
867 3228 923 3290 suit
935 3229 987 3309 qui
1003 3226 1075 3290 haec
1092 3231 1257 3290 enervaret.
1277 3224 1399 3287 Plinius

153 3307 248 3386 ceptis
265 3307 427 3387 Ecclesiae,
443 3313 629 3395 presbyteros
645 3334 662 3377 a
680 3336 752 3379 coe·
793 3329 912 3393 quoquc
931 3311 1030 3374 iunior
1047 3311 1078 3374 in
1094 3309 1220 3392 epistula
1238 3306 1276 3370 ed
1294 3306 1397 3368 Traia-

152 3389 247 3452 libate
269 3391 456 3470 liberavisse
470 3398 656 3479 principibus
675 3399 754 3464 baua
794 3413 864 3457 num
885 3395 1116 3458 christianorum
1143 3411 1241 3456 oneres
1267 3392 1397 3454 manime

153 3473 354 3543 ecclesiastice
371 3479 552 3544 adiudicauit
569 3492 628 3546 etc.
642 3485 702 3566 (l).
792 3479 936 3543 laudarit.
954 3511 997 3526 --
1015 3478 1095 3541 Talis
1122 3495 1191 3540 vero
1221 3494 1340 3538 morum
1359 3495 1396 3538 e-

794 3564 944 3626 mendatio
955 3563 1073 3626 uonuisi
1086 3561 1204 3624 divinae
1220 3559 1323 3622 virtuti
1341 3559 1397 3621 ad·

388 3619 419 3694 8·
444 3627 518 3678 set.
793 3647 882 3710 scribi
906 3656 1014 3729 potest.
1044 3645 1138 3708 Nemo
1163 3645 1244 3708 enim
1280 3645 1395 3720 nescit,

225 3726 250 3776 b.
265 3727 393 3787 metatam·
407 3729 549 3780 oneratum
562 3733 677 3794 stepanus
794 3741 924 3813 quantae
943 3729 1030 3793 melis
1047 3731 1087 3794 sit
1103 3730 1148 3792 vel
1161 3730 1251 3792 utrius
1265 3727 1397 3790 bortrinis

398 3787 508 3838 amaena.
795 3824 924 3878 mentem
942 3815 1121 3892 immutare,
1139 3821 1170 3877 ct
1190 3831 1227 3876 ex
1247 3811 1396 3890 flagitioso

208 3889 322 3971 Religio
338 3891 522 3969 christiana,
544 3890 582 3954 ab
604 3891 754 3974 Apostolis
795 3899 917 3963 bomine
934 3919 1002 3962 uere
1017 3897 1143 3980 probum
1159 3905 1189 3960 et
1202 3906 1340 3958 sanctum
1354 3894 1398 3956 el-

154 3977 336 4059 praedieata‚
359 3975 522 4057 stupendos
548 3976 578 4038 in
597 3979 670 4042 orire
692 3990 754 4042 ter·
794 3983 970 4047 srcere.llon
984 3992 1029 4045 est
1042 3984 1097 4044 ltoc
1113 3983 1260 4044 humanae
1279 3977 1397 4040 virtutis

154 4079 254 4125 rarum
272 4059 644 4143 otteetnsprodaxit,da1n
661 4081 757 4130 meres
795 4063 1397 4149 opus,sediniraculmngratiaeincrdiue

186 4217 215 4276 gn
232 4216 259 4264 ss
278 4219 340 4266 M,
353 4217 452 4278 ms„
478 4217 496 4262 Π
528 4218 542 4262 s
568 4216 586 4263 n
613 4216 625 4278 E
649 4217 694 4266 toa
712 4224 749 4268 ore
796 4152 914 4229 morali,
927 4152 1004 4214 sicut
1021 4149 1210 4214 resuscitatio
1233 4149 1344 4210 tnortui
1365 4145 1396 4208 iu

242 4249 264 4262 ,.
454 4251 460 4264 ,
502 4249 508 4276 ‚
545 4249 550 4262 ¹
591 4249 631 4272 ‚.
751 4257 756 4269 .

156 4275 307 4322 Llelrernmun
325 4279 341 4325 l.
361 4291 383 4326 c.
399 4289 446 4336 arg.
461 4277 512 4323 adt.
526 4277 570 4328 sol.
590 4277 690 4325 Persona
707 4282 722 4328 l.
734 4281 756 4343 l,
826 4281 858 4342 (2)
870 4282 896 4327 V.
910 4281 1019 4338 stomeng
1030 4283 1057 4328 d.
1067 4280 1090 4326 d.
1106 4281 1131 4326 li.
1147 4281 1171 4326 ll.
1185 4279 1212 4326 ll.
1227 4275 1280 4322 Bait
1292 4275 1328 4322 ttt

158 4343 183 4378 tt.
197 4333 240 4379 dil
256 4339 301 4381 etc.
826 4341 860 4401 (ὅ)
874 4342 939 4388 dom.
954 4343 977 4401 l,
988 4341 1010 4386 l.
1024 4340 1034 4386 l
1046 4344 1098 4396 Gur·
1108 4339 1131 4399 l,
1142 4341 1165 4386 2.
1179 4338 1265 4396 lipltes.
1278 4335 1297 4396 l,
1312 4335 1332 4381 l.

69 4424 113 4433 Α
