2910 4732
443 221 516 268 eins
537 223 560 268 1.
583 221 685 270 suarm
701 223 739 270 u.
764 223 859 270 caeur
878 223 913 268 u.
1210 199 1250 266 dl

62 295 154 360 ritates
173 309 408 380 cognoscuntur,
426 321 504 382 quae
529 321 583 384 per
607 303 657 365 in·
952 293 983 366 d·
999 301 1053 350 Μ’·

61 383 238 446 stitutionem
258 385 388 449 divinam
408 385 507 462 citius,
525 386 655 465 facilius,
754 386 780 432 Β·
795 382 1235 432 Pfflffillffl²⁰l⁸¹⁸⁰⁰¹¹¹⁸¹³⁸¹⁰¹¹⁸¹¹'·

62 474 141 546 atque
159 467 271 530 certios
291 468 404 532 addisci
423 479 552 550 queunt.
738 467 889 532 Reselotio
911 461 1074 532 maferialis
1091 469 1165 530 tales
1183 485 1294 550 propo·

98 549 161 615 dot.
178 552 210 612 4.
228 549 365 616 Divinam
381 553 504 616 dedecet
518 553 658 618 maiesta-
675 555 680 680 p
697 555 741 616 nit
755 554 906 630 ueritates,
921 572 995 634 quas
1013 569 1049 615 ex
1062 552 1124 619 suis
1139 551 1294 633 principiis

62 641 125 708 tem,
139 652 219 696 seeo
233 655 328 716 osque
342 637 511 712 demittere,
526 647 558 700 ut
572 657 657 700 crea-
676 701 678 707 A
696 639 828 700 evolvere
852 657 912 700 nou
938 645 1035 718 potest
1057 637 1132 698 ratio
1152 637 1293 710 humana,

61 725 135 778 toras
160 726 221 780 tam
246 721 392 797 miseras,
413 721 456 784 uti
478 741 582 784 cornus
602 741 656 784 nos
675 711 679 755 ¹·
696 729 726 782 et
743 739 820 803 quae
838 722 926 782 etiam
948 722 1025 782 facta
1049 720 1228 785 revelatione
1254 719 1295 780 ita

62 800 204 879 homines,
225 804 403 885 alloquatur.
488 859 491 862 .
695 814 764 866 sunt
783 805 931 867 humanae
949 803 1163 881 intelligentiae
1181 803 1295 883 imper-

44 910 47 915 ·
96 887 178 966 flesp.
200 885 280 957 Quid
296 889 390 952 Deum
409 888 523 966 deceat,
537 889 580 950 vel
600 887 656 950 de·
695 889 772 964 vioe,
789 899 833 965 ot,
850 907 1043 970 quamquam,
1055 886 1131 968 „quit
1146 886 1204 948 sihi
1221 885 1296 948 auh·-

64 967 179 1046 deceat,
210 967 295 1033 finita
324 983 424 1034 nostra
452 973 567 1034 ratione
596 987 657 1035 nou
696 974 804 1035 iactum
821 984 850 1036 et
869 973 1072 1055 praedicatum
1087 971 1189 1048 velint,
1205 969 1296 1030 intef-

62 1071 170 1135 semper
184 1055 351 1118 diiudicare
367 1059 511 1118 ualemus.
526 1056 564 1118 dt
577 1056 655 1136 quod
697 1057 835 1136 ligamus,
852 1077 910 1138 quo
924 1065 1024 1120 tamen
1044 1055 1131 1118 modo
1146 1053 1297 1135 praedica·

64 1135 145 1200 lleum
170 1138 316 1204 dedeceat
342 1141 490 1202 liominem
517 1140 601 1202 affari
628 1146 658 1202 ot
698 1151 759 1203 tum
776 1141 910 1203 subiecto
928 1141 1095 1215 conreniat,
1112 1140 1193 1200 nulla
1208 1137 1298 1200 ratio-

65 1221 167 1302 alloqui
181 1222 213 1284 in
229 1223 267 1284 iis
279 1224 480 1304 potissimum,
495 1243 571 1304 quae
584 1243 658 1285 con·
698 1244 736 1287 ne
755 1225 1054 1306 assequi-possimus.
1073 1224 1115 1286 hc
1139 1223 1226 1284 istius
1243 1240 1298 1302 ge·

64 1303 153 1366 ferunt
165 1307 205 1368 ad
219 1307 285 1369 eius
300 1309 412 1370 honum
429 1317 458 1370 et
472 1309 658 1384 felicitatem,
700 1309 779 1371 ueris
797 1309 1015 1390 propositiones
1032 1308 1219 1388 appellantur
1235 1325 1298 1386 mp-

63 1407 141 1450 nemo
154 1389 277 1466 dixerit,
290 1393 483 1455 nisiiosanus
494 1400 525 1454 et
536 1393 677 1472 impius„
699 1395 790 1456 sterio
811 1393 961 1472 revelata,
979 1409 1032 1454 seu
1054 1392 1219 1468 theologica
1237 1389 1297 1470 (d).

62 1470 147 1533 lleum
174 1495 237 1536 unu
256 1475 394 1538 dedecuit
414 1476 565 1539 hominem
584 1495 660 1537 con·
700 1476 769 1540 Tria
786 1478 887 1558 itaque
904 1477 942 1540 ad
960 1477 1022 1539 reri
1042 1475 1173 1538 nominis
1189 1480 1297 1554 myste-

61 1556 138 1630 dere,
151 1566 182 1619 et
197 1559 318 1638 quidem
339 1560 376 1621 ad
392 1561 577 1637 felicitatem3
591 1579 659 1622 eum
701 1561 777 1623 rium
796 1563 959 1624 revelatum
982 1561 1194 1642 requiruntur:
1216 1560 1245 1622 f.
1267 1566 1297 1620 ut

62 1649 215 1721 propterea
240 1663 296 1706 nec
323 1643 447 1707 dedecet
470 1644 545 1705 viam
567 1652 658 1706 tutam
686 1646 832 1726 ,cognitas
847 1645 1009 1707 habeamus
1021 1645 1159 1706 notiones
1173 1642 1297 1705 subiecti

62 1724 152 1784 eidem
167 1727 282 1790 homini
297 1727 440 1804 indicare,
455 1749 514 1809 qua
526 1728 563 1790 ad
578 1737 660 1808 opta·
700 1739 731 1792 et
748 1728 923 1810 praedicati,
943 1749 996 1792 seu
1015 1738 1050 1792 ut
1063 1728 1208 1803 sciamus,
1228 1727 1298 1807 quid
1347 1739 1350 1745 ·

61 1817 113 1868 um
134 1808 308 1872 beatitatem
329 1812 423 1892 possit
440 1813 604 1892 pervenire.
701 1822 730 1876 et
748 1817 784 1875 de
802 1832 861 1894 quo
882 1813 1081 1894 praedicatum
1102 1812 1133 1874 d.
1152 1819 1183 1872 ut
1201 1811 1299 1873 subie-

100 1891 164 1954 Oda'.
186 1894 218 1956 5.
239 1892 350 1957 Sensus
369 1896 491 1958 humani
509 1915 546 1958 ex
562 1905 659 1958 mate·
700 1897 741 1960 oti
757 1917 824 1958 cum
843 1898 1012 1979 praedicato
1030 1915 1137 1958 nexum
1157 1894 1301 1958 intrinse-

61 1974 105 2036 ria
132 1980 279 2058 compacti
306 1979 513 2060 immediatum
545 1981 657 2042 entium
699 2001 765 2044 curn
777 2001 831 2062 per
843 1981 988 2044 rationem
1001 1980 1170 2062 perspicere
1183 1987 1301 2040 etcum·

63 2077 140 2120 mere
163 2063 365 2142 spiritualium
392 2063 536 2126 inssnrum
560 2064 659 2145 perci·
700 2067 885 2146 prehendere
900 2086 958 2128 non
973 2067 1136 2138 valeamus,
1153 2062 1202 2124 sed
1220 2063 1249 2124 3.
1264 2061 1301 2124 de

64 2161 129 2220 pere
147 2155 321 2226 nequeunt:
342 2148 420 2209 idem
439 2166 509 2224 erpo
528 2147 565 2210 de
587 2147 658 2224 Dei,
701 2150 789 2212 huius
809 2169 901 2212 nexus
918 2149 1055 2212 realitate
1073 2167 1126 2228 per
1141 2145 1302 2209 auctorita·

65 2223 188 2306 Spiritus
204 2231 411 2308 perfectissimi
429 2232 600 2294 immediato
616 2233 662 2294 in·
701 2243 760 2296 tem
778 2234 831 2295 Dei
850 2233 1009 2296 revelantis
1033 2232 1105 2309 certi
1129 2231 1299 2292 reddamur.

66 2310 139 2372 fluxu
157 2313 196 2374 ad
215 2311 434 2378 Revelationem
453 2316 596 2395 requisito
611 2316 661 2378 di·
701 2319 817 2380 Talium
833 2318 1038 2398 mysteriorum
1054 2315 1194 2378 revelatio
1210 2313 1302 2378 ratio-

67 2397 189 2458 cendum
216 2397 284 2460 erit.
313 2397 424 2462 sensus
449 2399 572 2461 humani
602 2419 661 2462 non
701 2403 732 2464 ni
760 2403 931 2464 nullatenus
957 2399 1155 2476 contradicit,
1174 2399 1226 2462 sed
1251 2399 1302 2461 illa

67 2487 133 2541 suot
157 2481 221 2561 apti
247 2483 283 2544 ad
313 2483 396 2546 illum
424 2483 660 2564 percipieodnm3
702 2487 824 2548 omnino
841 2486 1050 2567 possibilisest

67 2581 131 2640 crgo
147 2566 288 2628 rerelatio
304 2567 436 2628 formalis
451 2587 485 2630 er
500 2578 582 2648 parte
605 2569 662 2632 ho·
746 2571 775 2632 f.
797 2571 897 2651 topice.
923 2568 1057 2651 hipsteria
1080 2567 1161 2628 enim
1189 2567 1301 2629 nullam

68 2647 152 2708 minis
169 2649 364 2729 impossibilis
381 2651 507 2714 dicenda
522 2661 577 2714 est.
702 2654 734 2716 in
758 2655 893 2717 terminis
918 2652 1182 2716 contradictionem
1205 2651 1302 2714 invol-

102 2733 188 2812 Resp.
201 2719 359 2814 Proposita
373 2735 501 2798 obiectio
521 2736 663 2814 ignorari·
703 2746 786 2815 norit,
802 2757 900 2820 neque
918 2757 985 2800 curn
1009 2736 1197 2802 evidentibus
1212 2735 1302 2796 ratio·

68 2812 133 2876 tiam
145 2817 268 2897 quidem
281 2830 411 2882 nostram
430 2820 521 2897 modi,
533 2839 594 2882 ιιοιι
609 2819 664 2880 im·
704 2823 750 2884 nis
769 2823 923 2904 principiis
942 2829 1090 2903 pugnam·
1107 2819 1141 2881 ln
1163 2819 1227 2898 ipso
1252 2835 1301 2878 re·

68 2901 290 2977 possibilitatem
328 2904 517 2986 revelationis
552 2904 663 2966 realem
703 2905 1302 2986 gannaturaecogitaripossunt,etactu

67 2993 288 3046 commonstrat.
311 3019 353 3032 --
374 2985 569 3050 Concedimns
594 2987 663 3068 qui·
683 2995 685 3002 '
704 2991 813 3052 dantur
825 2993 974 3066 ueritates,
992 2995 1117 3070 quarum
1135 2985 1302 3046 subiectum

67 3067 149 3145 dem,
169 3088 230 3130 oon
257 3089 378 3151 possea
396 3072 534 3134 sensibus
555 3072 664 3134 uostris
704 3083 733 3137 et
748 3074 950 3156 praedicatum
963 3070 1180 3151 cognoscimus,
1194 3087 1310 3130 nexum·

68 3150 206 3214 indorum
219 3154 344 3233 spiritus
356 3155 526 3218 immediate
536 3155 662 3236 percipi,
703 3178 773 3220 vero
802 3178 861 3222 non
890 3158 1097 3238 perspicimus.
1125 3152 1204 3216 Carti
1231 3171 1303 3216 sane

66 3236 112 3295 sed
132 3237 189 3298 hoc
208 3239 272 3298 fieri
292 3248 388 3318 potest
407 3240 534 3304 mediate
552 3256 605 3320 per
618 3239 663 3300 si·
704 3260 818 3319 sumus,
840 3259 949 3322 corpus
969 3242 997 3304 in
1018 3239 1168 3322 animam,
1188 3245 1217 3300 et
1235 3237 1304 3299 aui·

65 3335 137 3396 gna,
153 3340 246 3382 sonos
262 3332 319 3384 etc.
340 3331 396 3384 etc.
416 3321 447 3386 Si
466 3323 545 3386 enim
565 3323 663 3386 honri·
705 3345 782 3388 mam
802 3328 832 3387 in
856 3344 962 3406 corpus
987 3341 1092 3402 agere,
1113 3321 1186 3403 quin
1204 3330 1304 3384 tamen

65 3422 115 3464 ues
128 3404 210 3466 hisae
223 3405 319 3466 modis
335 3407 466 3470 internas
483 3409 604 3488 spiritus
618 3407 664 3470 sui
706 3410 840 3486 modum,
860 3429 918 3489 qno
938 3408 969 3469 id
987 3409 1055 3484 fiat,
1076 3424 1183 3488 capere
1202 3415 1232 3468 et
1249 3405 1304 3468 de-

64 3486 261 3565 capitationes
291 3489 417 3553 invicem
450 3491 663 3565 inanimatam,
705 3495 816 3556 clarare
845 3494 1005 3554 valeamus.
1040 3491 1109 3572 Ipsi·
1131 3489 1304 3570 Philosophi

64 3589 139 3634 aune
168 3571 251 3634 Deus
278 3576 465 3654 omnipotens
493 3575 570 3638 idem
606 3594 663 3637 non
683 3565 687 3638 1
705 3578 799 3640 critici
827 3579 969 3647 fatentur,
993 3576 1119 3655 logicam
1146 3573 1304 3654 mysterio-

63 3655 359 3737 poterit‘l-Neque
376 3659 474 3720 media
491 3669 611 3725 externa
628 3660 663 3720 ad
706 3681 771 3723 rum
805 3659 1075 3742 impossibilitatem
1095 3655 1304 3720 ..demonstrari

63 3739 285 3802 concedendam
322 3742 409 3804 nohis
443 3742 663 3806 flevelationem
706 3745 785 3809 haud
805 3765 891 3826 posse
910 3745 970 3824 (3).
1359 3747 1362 3756 ’

65 3821 235 3886 necessaria
260 3832 350 3902 sunt,
376 3845 443 3888 cum
470 3826 548 3889 lleus
575 3829 663 3891 etiarn
748 3827 1304 3909 hpltpeice.Mpsteriaactu,seurea·

64 3903 239 3971 immediate
256 3908 288 3970 iu
307 3911 438 3973 animam
456 3930 556 3988 agere,
576 3920 605 3972 ct
621 3911 664 3972 sie
706 3914 773 3975 liter
792 3933 809 3974 a
831 3914 891 3975 fleo
909 3911 1032 3974 revelari
1053 3929 1158 3990 posse,
1182 3913 1306 3999 apparet

65 4005 127 4052 eam
154 3992 306 4055 illustrare
336 3994 448 4072 possit,
470 4003 502 4056 ut
526 3995 665 4068 raritates
705 3996 743 4060 ed
761 3996 1080 4069 consideratiooeflei,
1100 3992 1185 4057 cuius
1203 4006 1305 4050 omm-

66 4072 127 4137 sine
142 4076 257 4138 erroris
269 4077 403 4157 periculo
415 4088 583 4155 cognoscat.
598 4076 666 4140 Plo·
706 4081 842 4156 scientia,
853 4101 905 4143 seu
918 4080 1085 4143 intellectus
1096 4073 1229 4136 infinitus
1240 4071 1306 4152 plu·

68 4173 110 4218 res
122 4160 308 4223 abiectiones
324 4163 442 4224 solvunt
456 4162 543 4244 fejer
555 4173 584 4225 et
596 4161 666 4224 Per·
707 4183 740 4226 ra
759 4163 890 4244 profecto
909 4161 1078 4242 cognoscit,
1098 4174 1187 4238 quam
1213 4155 1310 4220 intel-t

71 4244 216 4326 mem·
685 4283 691 4388 1
737 4273 809 4348 <ntur
861 4291 1064 4350 ¹epaonense.
1121 4273 1148 4360 ι’

96 4347 564 4412 thuepaoetao-rtea
736 4354 808 4410 rapu.
842 4345 1148 4408 nuenarianae-te,
