2918 4734
402 240 404 246 ,
436 196 510 244 ears
541 197 573 243 u.
594 197 736 244 sacrior.
756 197 888 243 carurr.
922 247 926 252 ,
1198 162 1286 262 1111,Ι

63 271 124 338 iare
146 275 220 359 apud
239 295 344 352 pmnes
367 277 492 358 populos
512 276 657 360 quaedam
699 275 766 338 dem
789 275 909 338 tabulae
926 279 1037 350 essent,
1059 271 1193 357 Aegyptii
1218 271 1303 355 hay-2

62 359 97 422 de
107 359 156 422 illo
170 359 251 422 notio
264 369 435 424 conseruata
447 361 514 423 tuit:
534 361 658 424 Armeni
698 376 761 421 sem
778 357 813 421 'et
834 357 985 420 llehraeos
1010 367 1149 440 tanquam
1173 357 1300 421 ioiarnee

56 441 157 524 quovis
175 451 311 525 tempore
333 445 430 506 locum
450 445 655 522 ostenderunt,
697 443 886 524 impostores,
906 441 1053 528 mendacii
1076 450 1105 505 et
1133 442 1299 506 calumniae

56 525 84 587 in
96 527 372 609 quohroaquierit:
385 528 534 592 Lucienus
548 529 657 595 etMo·
696 545 764 590 reos
778 527 987 608 postulassent,
1007 525 1087 606 quod
1106 535 1203 588 tamen
1224 545 1300 588 nun·

54 610 138 673 loeus
155 619 299 688 narrant,
328 630 388 673 non
406 619 519 674 tautum
541 613 657 693 aliquos
697 629 786 691 quam
804 607 1297 692 1551555555111.0551155111),

56 693 200 772 homiues,
220 695 273 756 sed
291 703 321 758 et
339 695 435 758 omnis
451 696 570 774 generis
587 696 656 757 ani·
697 703 726 756 et
745 695 828 758 Gom.
851 695 887 756 dc
906 693 1038 776 Stolberg
1057 693 1116 774 (1).
1312 761 1315 765 ,

55 777 138 840 malia
152 778 186 840 iu
202 777 278 840 Arca
292 779 419 853 inclusa,
439 789 468 842 et
482 787 655 842 conservata
736 779 824 842 Note.
845 776 1003 852 increduli,
1023 785 1056 838 ut
1076 777 1141 859 ipsa
1165 777 1296 857 Religio-

54 861 655 925 555511555555551115555555115
695 859 742 923 515
765 861 958 924 fundamenta
979 863 1163 938 concutiant,
1190 871 1295 924 aucto-

55 945 225 1007 nominibus
235 953 264 1008 et
276 947 376 1024 figuris
385 947 447 1009 fere
459 965 564 1009 omnes
578 966 654 1026 gen-
695 944 812 1008 ritatem
827 944 932 1026 ldoysis
949 945 1120 1022 obscurare,
1140 954 1169 1009 et
1186 946 1294 1008 verita·

55 1036 109 1106 tes,
121 1037 150 1090 et
169 1039 352 1108 agnoverunt
367 1040 396 1092 et
411 1032 578 1093 coluerunt.
601 1031 654 1093 In·
696 1035 754 1090 tem
767 1048 883 1104 eorum,
900 1047 977 1110 quae
994 1028 1025 1090 in
1042 1029 1243 1092 Pentateucho
1256 1031 1295 1092 le·

55 1112 187 1174 caudium
199 1111 346 1176 Sodomae
360 1115 391 1176 in
406 1116 535 1178 Diodoro
542 1115 652 1191 Siculo,
694 1121 814 1190 guntur,
829 1112 955 1175 inficiari
966 1120 1092 1190 tentant,
1107 1115 1216 1176 acideo
1230 1132 1297 1195 pro·

55 1195 204 1274 Strabone,
227 1199 337 1276 Tacito,
352 1199 463 1275 Plinio,
479 1199 580 1262 Soliuo
592 1219 655 1262 me·
694 1197 836 1276 positioni
848 1198 1293 1277 nostraesequeutiaobiiciunt.

54 1289 192 1343 moratur.
207 1280 369 1343 Historiam
381 1282 556 1359 hbrahami,
575 1281 654 1344 lsaa-
682 1334 686 1342 ,
738 1281 803 1344 Odi.
825 1281 854 1343 1.
869 1279 981 1360 Moyses
999 1281 1162 1344 enormiter
1172 1292 1251 1344 errat
1265 1282 1297 1344 in
1345 1357 1350 1366 Ι

53 1363 87 1440 ci,
103 1364 205 1426 lacobi
222 1374 252 1428 et
269 1365 386 1447 Iosephi
399 1367 502 1428 eodem
515 1366 655 1428 1555555-
694 1364 808 1443 epocha
827 1365 941 1439 5555111,
962 1383 1050 1448 quem
1073 1365 1174 1428 multis
1188 1385 1296 1429 saecu-

53 1446 85 1508 do
100 1447 258 1531 acbioyses
273 1457 413 1512 enarrant
426 1451 512 1514 Philo
523 1451 651 1530 Biblius,
694 1448 790 1510 lorum
809 1449 941 1510 millibus
959 1449 1072 1530 epocha
1093 1450 1222 1512 mosaica
1239 1469 1295 1512 an·

53 1531 188 1610 11555555,
199 1533 374 1610 Hecataeus,
387 1534 573 1614 5151555555,
584 1537 652 1598 Eu-
694 1531 853 1611 tiquiorem
868 1550 945 1608 esse,
959 1551 993 1594 ex
1003 1533 1213 1596 uetustissimis
1227 1535 1298 1597 scri·

51 1616 177 1693 mamus
194 1625 253 1679 etc.
277 1615 413 1680 Carmina
432 1619 553 1700 orphica
571 1617 653 1700 ldoy-
693 1616 827 1696 ptoribus
846 1623 971 1678 constat.
995 1615 1121 1680 Narrant
1139 1619 1294 1682 55155115-

52 1716 99 1760 555
111 1718 148 1762 ex
158 1701 245 1781 aquis
264 1701 401 1763 eductum
420 1701 523 1779 luisse,
540 1702 652 1764 Deum·
692 1700 1295 1782 555555555581551551350151-

52 1801 104 1862 que
122 1783 151 1845 ei
173 1785 248 1846 duas
265 1785 383 1846 tabulas
401 1785 517 1848 dedisse
536 1786 650 1850 dieunt.
693 1782 779 1846 decos
800 1783 1012 1847 astronomicas
1026 1783 1137 1848 habere
1155 1785 1296 1850 observa·

52 1865 232 1944 Manethon,
261 1869 441 1932 Characmou
460 1866 490 1932 'ct
516 1871 653 1950 Lysime—
683 1867 803 1945 tiones,
824 1887 901 1949 quae
919 1886 1013 1950 usque
1031 1868 1069 1929 ad
1085 1868 1244 1950 Alexandri
1255 1869 1293 1932 hl.

51 1950 116 2014 chus
142 1953 224 2014 circa
251 1953 362 2014 exitum
391 1952 590 2016 Israelitarum
619 1973 653 2017 55
694 1959 828 2033 tempora
857 1951 1132 2033 complectebantur
1165 1954 1295 2034 spatium

51 2031 302 2116 Aegyptomullas
314 2037 562 2114 circumstantiae,
578 2038 656 2114 Pen—¹
692 2035 818 2099 111000
836 2035 872 2098 ad
894 2036 1050 2098 minimum
1070 2055 1229 2100 annorum.
1253 2037 1295 2102 De

51 2119 186 2181 tateuoho
205 2120 436 2198 consentientes,
457 2117 655 2202 referunt-4
692 2118 901 2201 Aegyptiorum
930 2119 1105 2201 antiquitate
1134 2122 1297 2203 loquuntur

52 2198 130 2263 iuxta
146 2203 279 2282 regulam
297 2215 396 2266 autem
409 2204 540 2268 criticam
557 2197 661 2268 tusto?
692 2203 857 2267 Herodotus
871 2203 931 2285 (1),
949 2205 1098 2268 Diodorus
1115 2205 1233 2270 Siculus
1247 2207 1294 2288 (5)

51 2284 91 2346 515
109 2287 199 2348 tidem
219 2295 361 2362 meretur,
374 2307 450 2368 quae
469 2308 534 2350 cum
549 2290 653 2370 pleris·
693 2293 722 2348 et
739 2287 899 2369 praecipue
913 2289 1073 2356 Manethon
1088 2289 1225 2352 sacerdos
1237 2289 1296 2354 lle·
1325 2335 1328 2341 -

52 2385 105 2447 que
119 2369 188 2432 aliis
203 2370 400 2450 scriptoribus
415 2372 563 2435 historicis
577 2392 652 2453 con·
692 2369 904 2452 liopolitanus,
928 2371 979 2452 qui
1010 2371 1172 2434 Ptolomaei
1190 2373 1296 2437 Phila-

51 2452 148 2529 seutit;
167 2453 217 2516 rix
230 2455 309 2516 enim
323 2455 379 2516 iste
399 2474 560 2517 consensus
574 2457 653 2519 iuter
692 2453 792 2535 delphi
819 2455 901 2518 iussu
921 2456 1017 2534 gentis
1044 2475 1116 2518 suae
1139 2457 1294 2522 historiam

52 2533 203 2599 historicos
217 2538 377 2620 praecipue
395 2540 541 2600 uariarum
558 2541 653 2602 natio·
692 2538 821 2620 scripsit,
844 2539 876 2600 iu
898 2559 958 2621 qua
974 2551 1107 2602 recenset
1121 2549 1182 2603 tres
1200 2541 1294 2624 dyna-

51 2620 301 2698 uumhahcretur,
318 2623 375 2684 nisi
394 2622 470 2685 facta
486 2623 651 2687 certissima
691 2622 814 2684 stiarum
834 2624 965 2700 ordines,
985 2643 1079 2686 annos
1096 2626 1298 2707 complecten-¹

50 2711 134 2784 atque
156 2704 313 2767 notissima
331 2713 441 2768 essent.
467 2707 503 2770 lit
521 2707 547 2769 si
564 2708 648 2771 dic‘a-
692 2714 735 2767 tes
757 2707 872 2770 53535.
892 2708 1016 2770 hemum
1036 2709 1173 2772 secema
1189 2709 1298 2790 prodi-¹

49 2793 103 2863 tur,
122 2796 261 2852 auctores
290 2790 430 2871 profanos
448 2809 508 2852 non
534 2799 595 2854 tam
614 2811 649 2854 ex
689 2789 802 2866 giosam
829 2791 939 2854 iactant
968 2791 1174 2873 antiquitatem
1188 2813 1206 2866 ;Ἰ
1223 2795 1298 2854 namt

50 2871 646 2956 nationumsuarumtraditionibus‚quam
689 2873 770 2936 15515
791 2893 893 2937 eorum
912 2877 1035 2938 annales
1051 2877 1091 2938 30
1109 2874 1218 2940 55110
1236 2895 1297 2968 55·Ι

51 2956 648 3037 potiusexipsoPeutateuchonarratio-
689 2975 793 3019 norum
830 2959 923 3022 millia
952 2959 1185 3021 intercesserunt
1215 2959 1297 3056 inter,
1357 2960 1362 2971 '

50 3055 97 3099 nes
113 3057 184 3100 suas
204 3040 358 3117 hausisse,
380 3049 461 3104 recte
481 3047 579 3105 tament
596 3044 646 3105 iu·
689 3041 817 3104 nationis
836 3044 948 3106 sinicae
974 3042 1081 3118 initia,
1109 3051 1138 3104 et
1168 3061 1296 3156 monae-p

50 3119 146 3197 155155,
164 3122 406 3198 Pentateuchum
419 3125 456 3186 ab
475 3127 600 3189 eruditis
617 3126 646 3189 i-
687 3125 798 3201 chiam,
818 3145 906 3208 quam
930 3126 1002 3189 Fohi
1021 3126 1164 3189 fundavit:
1193 3136 1296 3218 astro-¹

49 3205 97 3267 stis
112 3206 183 3268 uiris
201 3225 255 3268 ceu
275 3227 349 3290 opus
363 3209 419 3270 lide
433 3209 553 3288 dignum
570 3219 600 3273 et
611 3231 645 3272 a·
688 3210 822 3272 uomicae
841 3229 959 3291 quoque
975 3210 1196 3274 observationes
1211 3212 1297 3298 apud,¹

48 3286 92 3350 liis
114 3290 291 3352 commentis
308 3293 394 3370 louge
420 3295 645 3372 praeterendum
686 3291 827 3355 Sirenses
851 3294 886 3355 ad
914 3295 997 3374 plura
1025 3312 1171 3356 annorum
1197 3297 1297 3358 5511115

49 3369 177 3435 habitum
206 3375 308 3437 fuisse.
336 3375 433 3454 Magni
465 3397 553 3458 porro
579 3399 647 3441 mo-
688 3378 895 3439 extendentur.
916 3376 1058 3439 Similiter
1084 3379 1292 3454 1511·,515111

49 3457 212 3532 55511551,
232 3459 309 3539 quod
329 3461 428 3540 plures
443 3463 558 3544 populi,
572 3483 647 3544 quos
689 3461 789 3541 populi
808 3462 895 3540 louge
911 3462 1052 3524 maiorem
1065 3463 1121 3524 sihi
1140 3463 1293 3525 vindicant

49 3539 119 3602 iacta
138 3561 155 3602 a
172 3541 270 3622 hloyse
289 3552 406 3605 narrata
432 3547 646 3626 perstringunt,
688 3545 906 3621 auctoritatem,
923 3564 1010 3626 quam
1029 3546 1068 3608 sit
1085 3555 1166 3608 55155
1187 3547 1292 3609 mundi

50 3630 75 3684 et
93 3633 163 3686 uota
191 3626 319 3708 quadam
339 3627 479 3690 infamiae
501 3631 645 3704 afficiunt,
688 3649 704 3690 a
728 3627 824 3710 hloyse
846 3639 966 3691 statuta.
996 3629 1192 3710 Chronologia
1220 3649 1296 3714 (aergo¹

50 3723 196 3789 uunquam
217 3719 314 3772 tamen
333 3709 457 3792 hloysem
475 3713 511 3775 de
528 3715 648 3778 ruenda·
689 3714 818 3774 mosaica
838 3714 1018 3795 reliquorum
1041 3716 1217 3796 populorum
1235 3723 1295 3800 tra·¹

51 3789 101 3864 cio,
121 3811 173 3854 seu
199 3793 271 3855 15155
296 3795 464 3857 testimonio
487 3817 647 3862 accusave—
688 3797 863 3873 ditionibus,
882 3808 912 3859 et
935 3797 1294 3880 51555555511551155555-ἰ

50 3873 112 3936 5151.
134 3875 305 3939 Certissima
328 3879 428 3954 euim,
453 3881 478 3942 si
508 3882 586 3944 15515
614 3883 644 3944 15
689 3891 746 3956 tur3
776 3881 969 3962 quamobrem
992 3883 1122 3962 5115155
1153 3879 1294 3954 astreli-⁴

51 3953 245 4021 Pentateucho
257 3965 643 4044 coarteutacouhotaesseot3
687 3963 828 4027 cienda..
1227 3997 1230 4001 ·
1283 4019 1295 4052 „

51 4039 70 4098 ai
87 4043 190 4120 plagae
212 4046 418 4125 aegyptiacae,
444 4049 469 4109 si
500 4051 645 4112 mirabilis
726 4049 811 4128 llcsp.
837 4046 919 4112 Sicut
950 4046 1144 4111 Pentateuchi
1169 4043 1289 4122 veritas,

48 4126 185 4210 transitus
208 4147 260 4207 per
283 4147 363 4192 mare
386 4133 531 4208 rubrum,
551 4141 580 4194 et
595 4134 644 4194 io·
685 4132 891 4210 etiactorum,
910 4133 1034 4214 quaein
1053 4151 1088 4193 eo
1108 4128 1289 4208 5515555155,

51 4207 147 4272 teritus
165 4209 327 4274 Pharaonis
345 4217 554 4280 curnerercitu
572 4217 668 4281 teli?
714 4259 1112 4324 (5155155155.15551512·
1230 4279 1233 4290 ,
1292 4273 1295 4306 ,

43 4327 46 4334 ’
74 4315 105 4374 ll)
121 4317 484 4382 hem.eraug.delib.ldoyota
715 4327 745 4384 151
762 4319 1018 4384 1155555555)
1036 4315 1291 4378 mathiellum.

1205 4611 1344 4688 Α
