2918 4734
174 170 233 232 lli
569 187 754 236 rumesciae
773 183 938 239 omnmo

133 265 278 349 tiplicatio
293 266 508 350 exemplarium
532 276 604 330 ante
623 266 732 332 inten—
771 276 852 329 rorat.
871 263 945 330 llam
958 260 1011 326 illa
1026 261 1130 339 laclia,
1144 282 1222 345 quae
1236 281 1384 328 enm-an·-

134 359 192 414 tam
211 350 338 414 maxime
366 351 606 433 typographiam,
622 352 646 414 si
664 369 733 415 mo·
773 349 978 412 lacedantiloue
998 360 1029 412 et
1048 348 1301 428 consequentibus
1313 397 1329 424 ,
1346 359 1384 412 et

134 435 189 497 dus
204 433 356 497 scribendi
378 435 467 497 variis
486 433 610 498 inlocis
631 443 662 498 et
679 455 734 498 ra·
771 451 840 496 cum
859 431 934 494 lucis
948 431 1097 512 parallelis
1115 431 1274 509 consentit,
1286 442 1322 494 et
1341 453 1382 496 a·

135 519 185 580 riis
211 518 396 600 temporibus
412 518 524 596 varius,
537 519 564 581 si
578 517 733 601 praecipi·
773 517 908 596 nalogiae
926 515 995 578 sarlei
1013 535 1146 578 consona
1162 524 1227 592 eat,
1242 518 1288 577 uel
1304 535 1383 580 cem

135 601 226 664 tantia
241 610 292 664 aut
311 600 462 684 imperitia
484 602 669 682 quorundam
698 621 734 669 a·
772 601 839 664 aliis
857 601 953 664 boone
975 608 1062 662 notae
1079 599 1232 662 codicibus
1244 615 1384 664 oenone-

136 685 341 748 manuensium
368 694 426 748 etc.
451 685 633 750 attendatur.
658 685 735 750 Istae
772 684 844 760 dat,
863 693 894 746 et
916 702 952 746 ex
976 683 1108 766 antiquis
1126 683 1246 746 Patrem
1267 685 1386 749 Eetio—

135 777 232 834 autem
255 769 403 831 sanantes
428 768 572 832 lectiones
598 787 658 838 non
676 769 734 832 olt-
773 767 1385 849 moescriptiocorrolouratonproculdu-
1452 817 1453 820 ,

134 861 230 930 etant,
249 853 411 934 quominus
436 852 515 925 sibi,
535 853 633 932 quoad
659 851 735 916 aab·
773 851 1384 933 hta-proveraetgaootmaaoendaaaa»

135 937 272 1000 stantiam
298 944 463 1000 consonent
486 936 555 998 libri
579 935 668 1000 seori.
687 935 732 1000 ct.
772 936 872 1000 Exilis
883 943 975 1016 patet,
987 935 1129 998 lectiones
1143 937 1293 1000 romulea
1305 939 1386 1000 sub-

136 1021 248 1090 Midiae
265 1027 412 1102 quotquot
428 1019 560 1100 reperire
577 1019 735 1101 potuites-
773 1019 904 1084 stantiali
926 1019 1069 1083 librorum
1088 1019 1124 1082 lt.
1150 1019 1184 1082 Τ.
1211 1021 1387 1099 integritati

135 1103 278 1188 emplaria
290 1101 472 1184 Scripturas,
486 1103 636 1166 versiones
645 1115 677 1166 et
688 1105 734 1167 ci·
774 1105 944 1166 nullatanus
961 1103 1079 1167 obesse.

137 1189 274 1264 tationes,
293 1206 371 1268 quaa
388 1187 467 1267 apud
485 1185 537 1250 SS.
558 1186 662 1252 Patres
684 1207 734 1252 re·
816 1187 882 1254 Odi.
904 1189 934 1250 3.
950 1185 1112 1250 (illationes
1126 1185 1248 1250 aaaron
1265 1207 1388 1271 perpe·

137 1272 313 1355 perluatur,
331 1289 433 1332 secum
452 1271 732 1348 inuicemcontulit‚
773 1291 837 1336 ram
861 1291 913 1354 pro
932 1271 1073 1334 librorum
1094 1270 1130 1334 tt.
1150 1271 1184 1334 Τ.
1206 1273 1388 1350 integritate

137 1375 240 1420 omnes
257 1353 472 1418 minutissimas
489 1354 679 1431 variationes,
692 1363 736 1418 et·
774 1357 951 1418 afferuntur.
969 1353 1114 1418 Hiooino'e
1125 1356 1205 1418 mito
1221 1357 1293 1418 dum
1308 1377 1388 1419 veo·

136 1439 195 1503 iam
213 1445 389 1502 accentuum
409 1437 667 1502 dissimilitudines
684 1439 737 1502 ad·
776 1438 989 1521 laaSeripturoe
1001 1439 1388 1520 adlegant,nequelilirum
1410 1503 1416 1514 ,

137 1523 267 1588 notavit:
278 1521 358 1603 quod
371 1521 450 1584 idem
463 1522 640 1604 aliiquoque
652 1541 738 1605 prae·
776 1543 874 1606 neque
891 1541 999 1586 nomen
1018 1523 1149 1586 auctoris
1165 1525 1270 1602 citant3
1293 1527 1390 1607 plura
1452 1547 1453 1550 ¹

137 1607 287 1670 stiterunt.
307 1601 386 1668 llaec
409 1606 475 1687 ipsa
493 1615 591 1669 autem
614 1607 736 1670 variatio
777 1607 903 1670 aderunt
917 1608 1390 1690 tanquamacmtstooicmqmaa

138 1689 298 1754 lectionum
308 1689 407 1768 ‚magis
419 1691 574 1753 confirmet
583 1709 736 1754 sacrorum
777 1693 807 1754 in
823 1690 990 1769 Evangeliie
1003 1708 1061 1752 tlon
1075 1692 1276 1772 reperiuntur,
1289 1695 1390 1774 quola

69 1807 71 1812 ·
139 1775 281 1838 librorum
299 1773 519 1852 auctoritatem
533 1774 640 1855 probat
655 1775 736 1838 enim
777 1783 823 1838 est
844 1775 915 1838 illud
941 1774 1099 1840 Clementis
1124 1778 1223 1840 llona:
1241 1797 1256 1838 a
1275 1777 1390 1840 Estote

138 1858 288 1924 inlinitum
309 1857 371 1918 lere
393 1859 607 1938 exemplarium
629 1877 738 1924 nnme-
779 1860 848 1922 boni
871 1858 1016 1934 usurariir
1039 1861 1253 1940 »quandoque
1274 1863 1389 1942 spuria

139 1961 220 2021 rum3
239 1939 322 2036 atqui
340 1941 460 2003 evidens
478 1950 534 2018 est,
547 1960 583 2004 eo
596 1942 738 2004 maiorem
778 1952 830 2005 aut
846 1945 950 2006 saltem
969 1952 1107 2024 corrupta
1119 1945 1287 2022 evangelica
1301 1946 1390 2008 dicta

141 2045 206 2090 esse
223 2024 292 2087 libn
310 2024 438 2088 alienius
454 2025 563 2088 ueteris
580 2026 740 2088 auctorita·
780 2028 944 2108 proterunt,
959 2035 993 2088 ut
1014 2035 1059 2088 est
1077 2026 1149 2089 illud
1166 2027 1303 2090 eiusdem
1317 2029 1391 2092 Cle·

141 2119 214 2186 tem,
227 2128 285 2190 quo
302 2109 387 2190 plura
405 2108 553 2176 habentur
570 2109 639 2173 libri
654 2109 740 2172 istius
780 2111 888 2173 oneratis
903 2111 932 2172 in
946 2110 1077 2172 sarcinale
1092 2111 1131 2172 ad
1150 2111 1321 2174 Corinthios
1343 2113 1391 2176 ll-

140 2192 331 2274 exemplaria.
352 2227 394 2240 ·-
416 2191 550 2256 Ceterum
576 2194 739 2256 notandum
780 2195 896 2276 pistola:
919 2191 976 2256 cSi
995 2194 1390 2260 inmodieoooniuistilt-
1452 2269 1453 2272 Ἴ

71 2321 83 2330 -
141 2286 198 2354 est,
218 2277 296 2358 quod
310 2275 459 2358 lectiones
485 2277 636 2340 uariantes
652 2278 683 2339 in
703 2279 740 2340 iis
765 2280 865 2356 dolis,
884 2279 952 2358 quis
971 2277 1023 2340 tibi
1043 2279 1154 2340 maiora
1169 2280 1322 2341 contideti
1343 2281 1388 2343 A·

142 2369 255 2424 tantum
275 2359 482 2437 inveniantur,
499 2380 577 2442 quae
598 2361 740 2424 acciden·
780 2381 848 2425 men
863 2363 930 2436 dico
945 2362 1101 2444 voltis‚qui
1115 2363 1264 2425 idolisest
1279 2364 1311 2424 in
1330 2365 1391 2428 ma

143 2443 213 2508 talia
231 2451 260 2506 et
278 2443 402 2505 minoris
421 2445 563 2506 momenti
581 2453 662 2523 sunt,
681 2465 740 2536 pon
781 2445 1275 2520 nimo‚inma1imosidcliseritm
1294 2447 1392 2512 Tales

142 2538 240 2592 autam
264 2526 294 2588 in
315 2527 364 2604 iis,
388 2547 464 2608 quae
482 2529 568 2592 iidem
589 2537 621 2591 et
642 2546 742 2591 mores
781 2549 850 2608 ergo
868 2529 1024 2592 citationes
1046 2531 1205 2592 ostendunt
1221 2531 1391 2610 Evangelia

142 2623 344 2687 concernunt;
363 2614 448 2674 cuius
471 2613 514 2674 rei
541 2613 617 2674 ratio
636 2613 742 2676 cxirrda
783 2615 918 2679 mutilata
934 2622 966 2674 et
983 2623 1123 2694 corrupta
1140 2633 1218 2676 osse.

142 2695 270 2779 petenda
289 2702 345 2771 est,
361 2695 430 2775 quia
446 2695 554 2777 prioris
564 2697 682 2776 generis
691 2714 742 2758 er·
827 2699 913 2778 Rosp.
934 2696 1028 2760 llatae
1049 2699 1087 2759 ab
1108 2698 1284 2760 aalversarlis
1300 2698 1390 2763 diffi-

142 2790 205 2843 reta
223 2779 411 2841 inemendata
433 2790 672 2860 permanserunt,
687 2799 743 2862 pe·
783 2782 886 2844 cultati
909 2781 1088 2862 opponimus
1110 2782 1284 2844 innumeras
1304 2783 1391 2845 cita-
1421 2858 1424 2864 ,

142 2863 274 2927 sterioris
301 2871 400 2924 autem
428 2863 545 2940 generis
574 2872 672 2926 errata
693 2883 743 2926 se·
784 2867 879 2928 tiones
903 2864 932 2926 in
950 2865 1118 2945 (polensele
1136 2865 1391 2946 antiquiol‘atrl·
1421 2867 1424 2873 '
1452 2901 1453 2906 κ

142 2948 212 3010 dulo
226 2946 382 3010 emendata
396 2953 522 3021 suntme
534 2947 601 3008 dalei
615 2957 746 3010 morum·
785 2950 841 3012 bus
857 2949 935 3011 liber
952 2967 1018 3010 oum
1041 2949 1162 3010 nomiae
1182 2949 1311 3012 auctario
1335 2951 1393 3012 ine

144 3051 202 3113 que
222 3029 358 3093 doctrina
376 3039 628 3112 corrumperetur.
644 3030 743 3094 'l'lteo-
784 3034 910 3108 dicatur,
921 3041 951 3094 et
962 3033 1051 3095 cerba
1067 3031 1236 3113 Scripturas
1254 3035 1295 3094 ita
1309 3051 1394 3114 poro-

144 3114 203 3193 logi
223 3115 311 3176 etiam
332 3113 450 3192 regulas
468 3114 619 3192 assignant
636 3115 745 3195 quibus
786 3119 938 3193 seruntur,
961 3125 1048 3196 prout
1061 3117 1091 3178 in
1112 3117 1262 3178 hodiernis
1276 3136 1392 3180 eretur·

144 3201 200 3260 rite
219 3195 360 3258 adhibitis
380 3197 620 3261 intervenientes
639 3200 744 3260 lectio·
785 3200 919 3281 pleribus
943 3200 1102 3278 leguntur,
1121 3214 1150 3262 et
1168 3219 1202 3262 ex
1218 3201 1284 3262 istie
1306 3203 1393 3266 cita-

144 3279 523 3359 n'csgenuineetlegitima
539 3283 663 3346 inueniri
678 3302 745 3362 pos-
785 3283 916 3346 tionibus
940 3294 1146 3362 argumentum
1172 3294 1304 3346 riostrum
1331 3287 1394 3350 ‚io-

145 3365 195 3427 sit.
212 3365 256 3426 lta
277 3363 430 3428 Woltooos
446 3367 475 3426 in
490 3365 606 3446 Proleg.
621 3368 686 3429 iad
699 3366 747 3428 Bi·
785 3368 889 3443 sertam,
903 3367 981 3445 quod
997 3387 1050 3448 per
1064 3386 1111 3442 ca,
1129 3387 1207 3449 quae
1225 3369 1262 3430 ali
1275 3369 1395 3433 adver·

146 3448 207 3511 hlia
227 3467 258 3508 n.
281 3445 470 3528 dinquitzc
498 3447 663 3514 Notandum
684 3459 743 3524 est,
786 3451 871 3516 seriis
889 3451 1086 3526 obiiciantur,
1108 3453 1276 3514 nullatcnus
1294 3471 1395 3516 coetu
1452 3499 1453 3512 r

146 3529 209 3606 dari
223 3529 320 3592 media
333 3540 425 3609 certo,
438 3533 546 3614 quihus
560 3553 627 3596 vera
645 3534 745 3608 lectio,
784 3545 880 3596 vatur.
905 3533 979 3596 Sunt
1005 3537 1124 3616 quitiam
1149 3536 1229 3598 inter
1246 3538 1395 3618 antiquos

148 3635 215 3678 cum
227 3615 344 3678 codices
355 3615 536 3698 discrepant,
547 3617 671 3678 stabiliri
683 3628 747 3697 pot·
786 3619 888 3682 Patres
905 3619 1011 3700 aliqud,
1026 3621 1075 3700 qui
1096 3619 1217 3681 nomina
1231 3621 1396 3700 Apostolo-

144 3709 204 3763 est:
224 3695 337 3761 scilicet
353 3701 491 3778 analogia
508 3701 589 3776 iudei,
607 3702 747 3782 antiquo·
787 3722 870 3778 rurn,
891 3721 1016 3782 quorum
1037 3703 1206 3766 testimonio
1221 3705 1393 3785 adducunt,

148 3802 214 3846 rem
238 3784 346 3864 scripta
368 3794 397 3846 et
415 3784 649 3860 coanimantarria,
667 3786 748 3847 anti·
788 3804 848 3852 noo
866 3788 969 3861 citant,
986 3787 1064 3868 quod
1080 3806 1138 3850 non
1158 3806 1225 3849 raro
1244 3788 1333 3850 etiam
1354 3809 1394 3852 a·

149 3887 225 3950 quae
237 3869 399 3942 versiones,
409 3867 544 3928 codicum
557 3868 747 3948 antiquorum
789 3869 849 3951 pud
869 3889 922 3932 nos
940 3880 1072 3932 oratores
1086 3873 1162 3932 socri
1180 3871 1310 3948 iaciunt,
1326 3873 1399 3934 im-

149 3952 281 4025 collatio‚
302 3952 429 4013 maximo
448 3969 517 4012 sero
533 3951 596 4031 ipsa
614 3951 749 4033 Scriptu—
790 3954 893 4035 polinis
908 3956 1026 4034 ‹poetnlo
1045 3963 1141 4016 textos
1154 3956 1262 4035 aliquis
1276 3956 1317 4017 ita
1330 3973 1394 4018 au-

151 4054 197 4112 re,
215 4035 245 4095 in
265 4055 323 4116 qua
342 4033 580 4096 antecedentium
600 4044 629 4097 et
642 4055 750 4098 conse·
790 4037 935 4100 ditoriltus
952 4039 1093 4116 cognitus
1105 4049 1161 4115 est,
1177 4049 1208 4100 ut
1223 4039 1279 4100 iam
1292 4041 1395 4104 sciant

154 4120 308 4198 quantiam
330 4117 552 4193 consideratio,
572 4127 601 4182 et
616 4121 749 4181 locorum
791 4141 857 4182 euni
877 4141 942 4184 osse
957 4141 990 4183 ex
1010 4109 1165 4200 Evaopelio
1184 4125 1391 4204 cleeriroptum.

153 4201 362 4281 parallelorum
382 4213 411 4262 et
427 4201 568 4264 similium
584 4203 751 4268 obsolentia
782 4205 955 4272 'Notandum
969 4207 1057 4271 etiam
1068 4215 1190 4280 estmoe
1204 4207 1303 4268 ararnio
1314 4227 1395 4270 con.

154 4283 280 4345 multum
298 4285 336 4347 ad
355 4303 451 4382 voram
471 4286 628 4355 lectionem
647 4289 753 4352 eool'e·
791 4291 900 4372 scripta
924 4305 1000 4368 esse,
1017 4309 1094 4371 quae
1113 4290 1244 4354 Christus
1265 4291 1341 4354 dixit
1364 4310 1396 4365 aa
