2910 4732
572 230 667 278 oarur
688 229 721 276 n.
1200 205 1238 266 Π

62 305 91 386 b)
101 306 137 368 ld
154 307 285 388 publicas
299 309 513 389 praelectiones
525 328 643 392 semper
682 318 740 372 tem
756 327 788 371 se
797 327 883 391 posse
900 323 1089 387 cognoscere,
1106 319 1173 366 cum
1186 299 1284 362 adbuc

62 391 180 452 accedant
197 393 378 474 praeparati,
392 393 451 455 illis
465 403 577 456 attente
591 412 641 455 as·
681 393 819 474 nequiter
836 393 932 468 uiuat,
959 411 1027 454 uam
1056 391 1090 452 iu
1113 385 1285 482 malevolum

60 476 154 549 sistant,
164 484 192 536 et
203 495 281 557 quae
289 485 554 558 pertractatasunt,
565 486 643 559 post·
681 469 1282 554 onimomooointroibitscpicntau.(3)».

63 558 162 620 nodum
171 551 644 642 nienterecrescentesoriptio-
682 561 725 628 Ito
749 560 827 622 enim
861 558 1026 622 arctissime
1056 573 1187 622 connexa
1214 564 1285 618 suut

60 642 83 701 ni
99 644 196 704 assueti
221 650 251 706 et
276 663 397 726 semper
418 646 532 707 calamo
558 644 643 726 quasi
683 643 780 706 studia
798 644 926 721 virtutis,
938 651 967 704 et
976 641 1129 716 scientiae,
1141 648 1174 700 ut
1185 639 1211 702 si
1224 640 1285 701 ior·

60 725 166 802 armati,
185 736 354 805 annotent,
383 749 460 809 quae
484 729 645 791 audierunt
683 728 770 792 tassis
788 729 851 790 sine
869 729 975 788 virtute
993 724 1096 788 baberi
1108 723 1201 804 possit
1218 741 1285 819 um·

61 808 172 886 meliora,
195 822 417 894 excerpantque
442 814 577 891 legendo.
597 813 644 895 d)
684 813 737 874 bra
754 812 855 894 aliqua
872 811 1034 885 doctrinae,
1053 809 1118 890 ipsa
1136 807 1281 885 doctrina,

60 889 149 970 legant
165 903 304 956 auctores
322 916 384 958 non
403 898 523 974 multos,
543 897 595 960 sed
614 913 645 960 o·
684 897 780 978 qualis
798 915 833 960 eo
850 895 880 957 in
893 895 1029 974 theologo
1044 912 1108 955 esse
1124 889 1224 966 debet,
1237 909 1285 952 sa·

61 975 159 1055 ptinos,
177 986 217 1054 et,
232 980 355 1060 quaein
368 979 415 1041 bis
433 990 503 1043 sunt
517 981 642 1062 optima,
684 1000 735 1057 na,
755 989 784 1042 et
802 989 905 1042 sancta
926 977 1030 1040 baberi
1052 976 1184 1058 prolecto
1206 993 1284 1036 neu·

60 1060 141 1121 sedula
154 1062 296 1140 lectione,
311 1070 342 1126 et
354 1065 548 1127 meditatione
564 1065 645 1145 dige-
685 1065 797 1145 tiquam
815 1064 918 1144 possit.
940 1061 1016 1123 Hinc
1034 1061 1065 1125 S.
1088 1058 1220 1140 Cprillus
1237 1058 1284 1123 A·

63 1151 124 1218 rant,
140 1155 328 1227 mentemque
342 1149 644 1211 nutriantvitalisuc·
685 1149 743 1212 lenc.
759 1149 805 1228 (l)
821 1147 936 1230 inquit:
954 1144 1065 1217 (Quod
1079 1145 1103 1206 si
1118 1146 1216 1224 (mens
1226 1141 1284 1204 bu-

62 1244 98 1286 co.
114 1228 139 1306 e)
151 1227 277 1292 Caveant
295 1251 313 1292 a
328 1231 510 1311 praeiudicio
527 1251 643 1310 eorum,
685 1235 791 1312 mana)
810 1231 939 1294 crassior
966 1230 1043 1292 lacta
1071 1228 1179 1304 luerit,
1202 1247 1283 1290 uun·

64 1309 154 1388 quiret
170 1333 274 1376 omnes
287 1325 425 1378 auctores
442 1325 556 1378 veteres
571 1336 644 1380 con·
686 1335 776 1399 quam
800 1315 928 1378 divinam
951 1313 1189 1408 pulcritudinem·
1209 1331 1284 1376 eon·

62 1402 193 1472 temnunt,
212 1398 260 1460 rel
279 1399 317 1460 de
338 1398 477 1462 omnibus
494 1400 645 1464 recentio-
687 1400 829 1477 tuebitur,
849 1399 925 1462 etin
945 1399 1003 1474 bis,
1018 1416 1095 1479 quae
1114 1415 1206 1474 magis
1220 1404 1283 1458 ter·

61 1477 128 1538 ribus
141 1481 212 1542 male
231 1483 381 1560 sentiunt,
400 1483 451 1546 sed
464 1485 564 1548 omnia
580 1503 646 1566 pro·
685 1504 758 1546 rena
777 1493 846 1547 sunt
859 1482 1014 1559 residebit,
1027 1481 1134 1544 similis
1151 1482 1284 1564 posseri-
1301 1543 1304 1564 ,

62 1558 129 1636 beot,
145 1571 172 1624 et
189 1567 267 1646 quod
287 1566 401 1631 bonum
421 1576 482 1644 est,
511 1577 642 1646 teneant,
686 1568 742 1631 bus
760 1569 932 1649 complutis,
951 1566 1168 1628 madefactione
1184 1566 1286 1628 asub-

64 1653 89 1702 ut
106 1664 134 1705 er
152 1647 289 1711 thesauro
318 1670 372 1712 suo
397 1651 549 1731 proferant
570 1672 646 1714 nova
685 1653 810 1716 volando
828 1653 860 1714 in
878 1651 1006 1714 sublime
1024 1649 1191 1732 prohibitis.
1211 1669 1227 1710 t
1247 1651 1285 1714 Et

28 1743 31 1762 ¹
62 1735 88 1786 et
101 1738 198 1792 uetera.
217 1768 259 1780 -
277 1734 309 1814 i)
329 1733 488 1814 Diligentia
506 1736 577 1798 licet
595 1756 645 1798 as·
685 1735 718 1800 S.
745 1737 906 1818 Greporius
932 1737 1013 1798 Noa.
1033 1735 1080 1816 (5)
1106 1733 1284 1812 Tbeologiae

64 1811 132 1872 sidua
148 1815 184 1876 sit
202 1827 334 1898 oportet,
351 1838 411 1882 non
431 1828 530 1882 tamen
547 1820 589 1882 ita
606 1820 646 1882 li·
686 1821 850 1882 studiosum
880 1819 956 1882 bene
976 1827 1078 1880 monet
1099 1817 1145 1880 his
1168 1818 1281 1882 verbis:

63 1895 132 1958 nites
152 1902 359 1964 transcendere
386 1901 485 1978 debet,
507 1912 537 1968 ut
557 1922 645 1984 grave
687 1925 703 1966 o
723 1903 779 1968 Per
797 1905 873 1967 vitae
891 1903 1068 1985 probitatem
1081 1903 1218 1965 ascende:
1231 1922 1285 1984 per

64 1992 249 2046 nocumentum
264 1985 392 2070 ,sanitati
410 1985 567 2066 inseratur,
586 2007 646 2068 qua
685 1988 891 2070 purgationem
907 2006 988 2060 eunt,
1009 1987 1060 2067 qui
1076 2006 1169 2068 purus
1179 1995 1236 2064 est,
1251 2006 1284 2057 a·

64 2059 195 2128 deficiente
207 2070 272 2148 ipsa
288 2071 415 2132 seientia
429 2071 543 2132 inutilis
560 2072 651 2134 reddi.
685 2073 842 2154 dipiscere.
877 2069 928 2132 Vis
958 2069 1124 2148 'lbeologus
1146 2071 1229 2146 lieri,
1249 2090 1284 2133 ac

66 2147 131 2237 solet,
146 2152 189 2212 rel
200 2162 232 2213 ut
247 2153 401 2232 religionis
411 2149 562 2231 exercitia,
578 2156 644 2217 cui·
685 2150 838 2218 divinitate
860 2155 992 2234 dignus?
1015 2153 1104 2216 Serva
1121 2153 1281 2232 mandato3

63 2226 119 2290 bbet
133 2231 293 2298 Christiano
321 2240 527 2306 convenientia
547 2241 645 2322 impe·
684 2260 737 2322 per
754 2239 806 2303 Dei
826 2247 981 2321 praecepta
1002 2239 1127 2315 incede;
1143 2237 1221 2300 actio
1248 2258 1283 2300 e-

65 2311 173 2393 diantur,
193 2339 270 2400 quae
290 2321 329 2383 ad
355 2322 450 2384 maius
469 2322 580 2384 bonum
601 2323 645 2386 di·
684 2326 745 2386 nim
776 2325 883 2404 gradus
911 2333 956 2386 est
988 2323 1025 2386 ad
1053 2323 1283 2405 contemplatio·

63 2395 173 2472 rigentur
189 2405 247 2484 (1).
684 2407 888 2476 nemoPorro
907 2407 1050 2486 Theologi
1070 2415 1125 2483 est,
1139 2409 1228 2471 etiam
1247 2427 1283 2470 a·

97 2481 121 2543 3.
138 2482 245 2550 Summi
265 2485 400 2570 prolecto
425 2492 568 2552 momenti
587 2499 643 2568 est,
683 2493 740 2554 lios
752 2492 858 2554 docere
871 2490 1068 2568 Religionem,
1082 2504 1171 2572 atque
1186 2511 1285 2554 enem-

66 2570 91 2621 tl
105 2568 147 2645 qui
164 2571 258 2633 studio
275 2573 439 2650 theologico
455 2574 643 2652 incumbunt,
684 2577 764 2657 plum
784 2577 919 2638 docentis
937 2575 1088 2638 doctrinae
1104 2577 1168 2637 eius
1185 2576 1282 2638 maxi-

66 2653 296 2734 rerampietatern
311 2665 470 2736 sectentur,
486 2659 565 2720 etad
582 2678 645 2721 mo·
684 2679 764 2721 mum
790 2661 906 2741 pondus
934 2660 1033 2736 addit,
1061 2661 1282 2741 maximumque

66 2732 139 2794 ralem
150 2739 362 2816 perlectionem
384 2742 515 2804 tendant.
525 2741 645 2806 Frustra
683 2745 788 2813 robur,
800 2755 829 2805 et
847 2763 863 2805 e
882 2744 1042 2819 contrariu,
1063 2745 1087 2806 si
1095 2744 1157 2818 ,uita
1173 2743 1283 2806 doctri·
1313 2806 1318 2820 ,

65 2823 645 2903 namqueadscientiamingenio,labo-
684 2848 741 2890 nae
773 2847 833 2891 non
863 2828 1060 2907 respondeat,
1092 2827 1178 2890 facile
1207 2846 1282 2888 con-

65 2913 99 2971 τε,
114 2900 248 2969 industria
270 2908 407 2985 nitimur,
427 2909 486 2973 nisi
511 2912 643 2972 animum
685 2913 793 2990 tinget,
813 2919 845 2972 ut
864 2911 1033 2974 existiment
1050 2910 1281 2993 quamplurimi,

65 2982 198 3051 oteramus
216 2992 346 3066 avitiis,
367 3001 397 3053 et
415 2995 510 3074 pravis
529 2996 644 3074 allecti-
683 2995 846 3074 Religionis
864 2995 1015 3056 doctorem
1035 3014 1096 3056 rem
1116 2995 1194 3054 serio
1221 3013 1281 3056 non

66 3059 109 3156 bus
123 3089 250 3152 uacuum,
279 3076 367 3156 pleno
392 3087 489 3139 autem
518 3077 591 3155 Dei,
615 3088 645 3144 et
684 3099 782 3158 agere,
795 3077 1208 3160 adeoqueuerbiseiuslitlem
1221 3090 1304 3142 nou'

66 3158 180 3216 urtutum
196 3177 310 3222 amore.
334 3179 349 3219 o
367 3159 464 3238 Errat,
484 3163 561 3226 aits.
576 3163 644 3226 Au·
684 3161 813 3226 babeant
826 3163 884 3245 (b).

67 3236 176 3306 tuticus
193 3241 252 3324 (l),
276 3244 411 3326 quisquis
425 3255 520 3328 putat,
537 3247 644 3308 verita·
714 3287 746 3344 (ὅ,
759 3289 813 3346 Sap·
826 3299 871 3334 n,

713 3349 746 3406 tl)
761 3347 818 3394 utar.
834 3347 863 3394 tle
875 3343 940 3392 Trtn.
955 3345 997 3392 lib.
1012 3345 1035 3402 l,
1050 3357 1071 3392 c.
1083 3345 1105 3392 l.

88 3393 114 3450 (ll
126 3397 325 3462 Ctbtebermonn,
341 3405 360 3449 t.
379 3403 395 3450 l.
405 3405 494 3462 Proleg.
504 3419 524 3452 c.
536 3407 559 3458 5.
570 3407 611 3456 ort.
622 3407 645 3469 2,
714 3407 747 3460 (5)
762 3408 800 3450 Of·
816 3405 846 3451 ²⁰
861 3405 905 3459 (³¹-
921 3406 979 3462 Ἃ),
994 3417 1019 3449 ¹¹·
1034 3403 1071 3450 ⁴2·

66 3451 86 3494 el
95 3454 120 3498 tl.
133 3459 203 3521 lttest,
214 3497 220 3509 .
233 3465 251 3510 1.
267 3463 371 3511 lleborl,
381 3467 435 3524 cap.
451 3467 466 3511 v
483 3467 557 3516 et-Vl.
606 3476 612 3484 ·
713 3466 745 3522 (ol
761 3463 794 3510 ct.
806 3465 838 3509 ct.
853 3463 1036 3526 sundenmater,
1046 3465 1290 3526 incorreptum-mm

89 3512 493 3580 titt-oesgoncucrssir‘·
557 3516 563 3528 ⁴
653 3523 938 3588 ..scotomaticos
1053 3557 1055 3562 -
