2934 4736
214 175 220 270 s
248 199 309 262 ata
641 177 828 265 morosus
848 213 1012 266 ornemus

205 295 284 372 sint,
307 311 460 373 arrogasse
478 289 561 372 sibi,
580 299 632 355 aut
650 313 809 377 usurpasse
850 290 1140 378 tanquamdivinitus
1153 289 1283 357 revelata
1297 296 1383 353 tenet
1398 287 1458 354 Ec·

206 379 372 444 Ecclesiam
404 378 452 440 ius
481 378 631 440 statuendi
659 397 714 457 ea,
733 398 809 461 quae
846 381 940 444 clesia
957 380 1135 442 uniuersalis
1151 379 1273 441 docens.
1293 409 1336 422 --
1357 373 1457 437 Hinc·

207 464 302 527 solius
320 461 437 524 divinae
456 463 709 543 suntpotestatis.
730 462 810 528 llaec
849 465 920 528 inde
938 465 1028 528 etiam
1047 461 1214 541 contingit,
1233 469 1266 522 ut
1283 458 1375 522 uobis
1403 479 1456 520 so-

205 548 308 626 regula
320 547 398 608 valet
409 545 557 628 imprimis
571 565 640 608 curu
655 546 692 609 de
706 566 808 610 sacra·
849 549 1000 612 lummodo
1018 555 1213 612 monumenta
1224 544 1322 608 desint
1342 541 1382 606 ad
1392 543 1456 606 Eo·

206 630 316 695 mentis
343 629 465 710 agitur,
486 647 613 711 quorum
637 630 806 712 institutio,
848 633 1005 696 elesiarum
1021 650 1212 707 consensum,
1229 628 1368 711 quamvis
1383 635 1455 692 actu

206 713 809 780 materiaetlormaecclesiastioamtrans·
847 717 1000 792 adiuerit,
1025 716 1247 779 evincendum:
1260 711 1350 775 Nulla
1369 713 1453 775 enim

109 845 113 851 «
204 801 337 881 graditur
355 806 543 879 potestatem.
847 821 938 864 causa
959 809 1084 880 urgente
1102 801 1282 882 quaudoque
1309 796 1454 876 dogmata

255 885 345 949 illoto.
374 880 482 944 Notatu
509 879 599 959 digna
621 887 709 959 sunt,
729 902 807 964 quae
847 893 975 966 quaeat
997 885 1128 947 revelata
1144 881 1406 961 cognoscebantur
1423 889 1454 944 et

205 967 284 1030 circa
307 967 438 1046 regulam
456 963 605 1028 Vincentii
621 961 716 1029 Lirin.
739 969 807 1030 ani·
846 967 1045 1032 credebantur
1065 968 1184 1050 scriptis
1201 986 1261 1029 non
1280 966 1453 1031 exaraban-

206 1051 364 1115 madvertit
387 1049 431 1112 Cl.
451 1047 593 1114 Perrone.
623 1049 673 1112 tit
703 1052 805 1115 enim:
847 1061 906 1128 tur,
926 1072 982 1116 nee
997 1051 1126 1134 publicis
1143 1050 1347 1114 monumentis
1367 1049 1461 1111 inse·''

208 1133 468 1199 «celeberrimum
491 1131 641 1196 vincentii
664 1132 806 1198 Lirinen-
845 1137 1005 1214 rebantur,
1027 1135 1105 1218 quod
1124 1134 1452 1199 tuncdemumlactum

206 1218 248 1282 sis
265 1221 399 1300 attatum,
418 1216 498 1298 quod
515 1235 645 1298 semper,
665 1219 745 1299 quod
768 1240 805 1282 u·
846 1230 902 1298 est,
925 1241 992 1283 cum
1012 1220 1050 1284 ab
1069 1220 1257 1284 heterodoxis
1279 1217 1453 1301 impugnari

205 1303 317 1386 hique,
335 1301 414 1384 quod
439 1301 477 1364 ab
496 1301 635 1363 omnibus
659 1303 804 1365 creditum
846 1313 1020 1388 coeperunt.
1254 1321 1256 1328 ’

206 1398 262 1465 est,
275 1405 341 1449 esse
354 1386 513 1448 tenendum
533 1430 540 1447 .
560 1429 569 1448 .
591 1429 600 1449 .
620 1404 681 1448 non
698 1396 743 1449 est
756 1387 805 1451 in·
1079 1425 1100 1498 ς
1135 1433 1201 1481 m

206 1468 804 1550 telligendumnisiinsensu,utdicunt,
1102 1461 1111 1478 ‘
1204 1461 1213 1480 '

202 1556 339 1637 positivo,
352 1562 625 1634 quatenusnempe,
639 1553 719 1636 quod
728 1575 807 1617 sem·

205 1659 271 1721 per,
286 1638 398 1718 ubique
412 1647 442 1699 et
455 1638 492 1699 ab
504 1636 643 1700 omnibus
660 1639 804 1701 creditum
886 1639 939 1712 hd
954 1640 1130 1707 traditiones
1156 1638 1270 1702 dininas
1288 1635 1396 1700 referri
1415 1657 1451 1700 ea

205 1733 264 1801 est,
277 1742 336 1785 non
358 1721 449 1804 possit
468 1739 528 1783 oon
547 1739 612 1783 esse
627 1741 741 1800 rerum,
755 1732 807 1786 aut
846 1726 1018 1788 nullatenus
1033 1732 1169 1806 possunt,
1188 1741 1265 1804 quae
1283 1722 1329 1784 rel
1347 1740 1451 1784 sacrae

206 1826 267 1870 non
280 1826 316 1869 ex
335 1806 493 1868 traditione
505 1805 806 1886 apostolicadesoen·
846 1806 1039 1891 scripturae,
1058 1809 1104 1870 vel
1122 1815 1220 1870 rectae
1245 1805 1378 1881 rationi,
1404 1806 1450 1869 vel

206 1891 289 1968 dere,
309 1910 369 1952 non
386 1899 486 1952 autem
501 1889 531 1950 in
547 1908 637 1952 sensu
654 1893 804 1973 negativo,
847 1893 1008 1974 antiquiori
1040 1891 1194 1955 traditioni
1220 1898 1328 1972 ‚aperte
1355 1907 1449 1970 repu-

206 1976 249 2038 ita
272 1983 304 2037 ut
325 1993 451 2051 rerum,
471 1982 522 2036 aut
548 1983 662 2036 certum
690 1977 808 2038 nonsit
845 1986 955 2056 gnant,
980 1976 1026 2039 rel
1055 1995 1181 2058 quorum
1206 1975 1288 2052 origo
1316 1974 1450 2036 humana

206 2059 386 2124 censendum
415 2057 561 2139 quidquid
581 2077 717 2140 semper,
736 2061 806 2123 ubi·
847 2069 927 2124 certo
943 2060 1060 2123 ostendi
1081 2067 1188 2140 potest.

199 2156 266 2227 'que
296 2151 326 2206 et
343 2143 380 2204 ab
406 2141 545 2203 omnibus
573 2143 720 2204 creditum
745 2145 807 2206 sal·
890 2145 921 2207 l.
939 2143 1012 2208 Cum
1032 2144 1110 2207 eoim
1130 2143 1209 2206 lleus
1226 2139 1283 2203 sibi
1299 2140 1451 2203 contradi-

206 2237 266 2291 tem
290 2226 427 2310 explicite
445 2224 568 2286 minime
590 2227 702 2306 fuerit3
730 2228 807 2291 alio·
847 2247 916 2290 ecre
932 2247 992 2290 non
1008 2229 1114 2310 possit,
1133 2225 1319 2288 nullomodo
1337 2226 1449 2287 admit·

207 2312 281 2394 quiu
306 2320 403 2374 actum
427 2316 506 2371 esset
527 2309 564 2372 de
582 2311 807 2375 authenticitate
848 2312 968 2374 tendum
987 2322 1054 2389 est,
1075 2331 1144 2374 euru
1169 2311 1227 2373 alia
1258 2327 1313 2391 per
1333 2327 1461 2374 sacram¹

207 2404 238 2460 et
259 2394 456 2458 oanouioitate
479 2394 611 2454 omnium
637 2395 805 2470 librorum,
847 2394 1030 2478 Scripturam
1046 2414 1225 2478 proponere,
1244 2393 1302 2456 alia
1321 2412 1376 2474 per
1396 2411 1447 2454 ra·

209 2477 807 2562 quosdeuterocanonioosdicimus,qood
849 2481 957 2542 tionem
975 2481 1098 2554 dictare,
1116 2481 1173 2542 alia
1188 2498 1242 2560 per
1259 2477 1447 2540 traditionem

207 2583 329 2646 prorsus
344 2560 504 2624 absurdum
524 2571 580 2638 est,
599 2563 807 2644 atqueallin-
847 2565 965 2628 docere.
986 2563 1144 2626 Doctrinae
1165 2581 1234 2642 ergo
1257 2559 1288 2624 S.
1312 2559 1447 2642 Scriptu-

208 2646 403 2711 centiihirin.
419 2654 517 2707 mente
529 2646 651 2708 omnlino
663 2647 805 2725 alienum,
848 2667 898 2709 rae
908 2658 1042 2711 etrectae
1053 2647 1271 2728 ratiooiaperta
1285 2665 1449 2727 repugnan-

208 2732 262 2814 qui
279 2733 410 2813 prolecto
429 2749 493 2792 nou
509 2729 666 2810 ignorabat
683 2731 807 2810 agitatas
849 2741 891 2799 tes
908 2741 943 2794 ut
960 2733 1078 2814 spuriae
1096 2739 1166 2794 sunt
1182 2730 1376 2793 reiiciendae.

209 2817 307 2888 adhuc
330 2835 384 2876 sua
411 2823 529 2890 aetate,
555 2814 601 2875 vel
631 2816 719 2897 paulo
739 2824 807 2877 ante
890 2816 920 2878 h.
941 2816 1012 2884 Cum
1032 2816 1150 2878 traditio
1170 2815 1269 2878 divina
1292 2833 1309 2876 a
1332 2813 1446 2877 Christo

209 2899 426 2963 controversias
448 2897 527 2959 circa
543 2917 693 2960 sacrorum
713 2899 807 2961 libro·
848 2900 1033 2982 ethpostolis
1050 2901 1211 2980 repetenda
1221 2899 1271 2977 sit,
1287 2897 1447 2978 antiquiori

209 3003 277 3047 rum
293 2982 534 3057 oanouioitatem,
553 2989 583 3043 et
597 2982 718 3044 aliunde
733 3002 807 3044 con·
848 3003 967 3065 semper
993 2984 1145 3047 traditioni
1167 2982 1366 3045 insistendum
1393 2991 1444 3045 est.

209 3077 279 3144 stat,
297 3075 435 3130 sexcenta
453 3067 545 3127 luisse
560 3064 597 3126 ab
612 3065 809 3129 Ecclesiade-
847 3067 1052 3130 Recentiorem
1076 3087 1145 3146 ergo
1164 3067 1355 3130 traditionem
1376 3066 1446 3129 reii-

208 3153 391 3234 hnita,quae
403 3149 496 3230 prius,
509 3149 639 3210 aonidum
654 3149 727 3212 ortis
739 3151 809 3214 hae·
849 3171 915 3214 cere
935 3160 1063 3232 oportet,
1083 3171 1159 3234 quae
1177 3150 1339 3232 antiquiori
1358 3169 1447 3232 repu-

208 3235 347 3312 resibus,
372 3252 449 3314 quae
467 3233 616 3295 solemnes
638 3232 808 3297 huiusmodi
848 3245 929 3314 goat.
946 3234 1028 3296 Hanc
1040 3237 1172 3315 regulam
1184 3255 1243 3297 non
1258 3235 1397 3310 attendit,
1410 3242 1447 3296 at-

208 3319 397 3381 definitiones
405 3324 615 3399 provocarunt,
627 3318 745 3381 nonnisi
756 3319 810 3382 im·
849 3338 907 3400 que
927 3319 996 3382 ideo
1015 3320 1047 3380 in
1069 3338 1186 3398 gravem
1199 3337 1327 3380 errorem
1347 3319 1446 3398 prola·

202 3402 312 3484 plicita
330 3401 623 3480 credebantur(l).r
640 3401 719 3464 Fieri
737 3423 808 3466 sane
849 3422 919 3483 psus
940 3411 985 3466 est
1004 3405 1188 3484 Cypriorum,
1207 3403 1258 3484 qui
1274 3402 1353 3464 circa
1372 3403 1447 3463 valo·

202 3485 331 3565 gemnino
350 3485 467 3566 potuit,
494 3493 527 3546 ut
555 3485 690 3548 doctrina
712 3507 807 3569 quae·
848 3506 910 3553 nem
929 3487 1080 3568 baptismi,
1097 3487 1134 3549 ab
1154 3485 1312 3550 haereticis
1330 3486 1444 3560 collati,

203 3569 289 3647 dam,
310 3569 379 3631 licet
396 3568 434 3631 ab
451 3567 601 3649 apostolis
617 3571 723 3632 tradita
740 3573 808 3634 luc·
850 3571 1058 3648 traditionem,
1074 3581 1143 3634 ante
1162 3571 1204 3634 lt]
1221 3570 1339 3634 circiter
1355 3587 1445 3631 annos

201 3633 261 3732 leit,
274 3663 373 3715 tamen
386 3652 416 3714 in
429 3653 582 3715 nonnullis
591 3652 732 3717 Ecclesiis
743 3674 810 3736 par·
849 3655 904 3717 sub
922 3655 1086 3737 Agrippino
1095 3655 1330 3737 praedecessore
1339 3673 1394 3715 suo
1406 3654 1446 3714 in·

202 3738 386 3802 'ticularibus
404 3755 464 3798 non
478 3737 550 3800 satis
566 3747 807 3817 cognosceretur,
849 3739 1023 3820 cipieotem,
1041 3752 1174 3818 secutus,
1191 3739 1391 3819 antiquiorem
1400 3756 1444 3799 re·

201 3819 254 3903 luel
274 3842 290 3884 e
308 3821 440 3884 huetium
461 3821 604 3884 memoria
622 3823 724 3904 elapsa
741 3824 809 3884 lue·
849 3823 931 3886 iecit.

201 3907 260 3970 rit:
276 3907 351 3968 haee
365 3913 468 3974 autem
489 3905 686 3967 nihilominus
704 3905 808 3968 saltem
892 3907 923 3970 3.
935 3906 1059 3969 Domum
1072 3905 1097 3968 si
1108 3915 1188 3969 certo
1203 3914 1330 3982 constat,
1343 3903 1445 3968 doctri·

208 3989 353 4073 implicite
377 3989 571 4065 credebatur,
590 3989 731 4068 quoniam
751 3990 811 4052 Ec?
850 4010 920 4053 narn
932 3991 1081 4071 quandam
1094 3991 1138 4053 ool
1153 3991 1370 4052 institutionem
1384 3992 1444 4051 lon·

190 4075 318 4137 ‚clasiae
329 4071 510 4134 orthodoxae
525 4072 565 4132 ita
575 4071 698 4133 allectae
710 4082 808 4150 erant,
849 4093 885 4152 ge
900 4082 965 4154 post
984 4093 1088 4136 aerum
1107 4075 1303 4156 apostolicum
1317 4074 1445 4154 coepisse

209 4165 243 4218 ut
257 4157 402 4238 implicite
420 4155 576 4216 crederent
593 4155 712 4232 omnia,
733 4175 810 4237 quae
850 4165 879 4218 ot
911 4175 970 4218 non
993 4176 1010 4218 a
1033 4156 1150 4220 Christo
1173 4167 1203 4219 et
1219 4158 1382 4237 Apostolis,
1400 4155 1444 4218 sed

850 4239 888 4300 ab
903 4240 968 4300 aliis
986 4242 1161 4304 auctoritate
1189 4249 1302 4302 tantum
1322 4240 1445 4302 hornana

853 4323 895 4384 rel
915 4323 1114 4386 ecelesiastica
1130 4324 1329 4388 introductam
1346 4326 1444 4389 luisse.

1016 1536 1042 1583 ΙΙ.
1057 1537 1147 1594 Regula
1162 1535 1276 1593 negatlra

211 4284 353 4390 nquk't'om.
367 4288 393 4345 l,
407 4296 463 4344 pars
477 4283 549 4331 altera
568 4295 635 4344 prop.
654 4284 697 4347 ΙΙΙ,
712 4287 764 4334 Not
780 4287 810 4332 od
