2930 4736
183 167 246 230 lli
579 183 765 230 raaococnc
784 181 949 230 cruentans

143 273 253 349 potest.
266 262 529 346 Nequeinlallibili
541 265 638 327 hacin
651 265 746 328 reEc-
785 267 831 343 lit,
851 274 881 329 et
900 286 952 349 pro
967 265 1024 330 hoc
1046 265 1164 349 plenam
1185 262 1224 328 ab
1245 263 1396 330 omnibns

142 349 252 412 clasiae
268 349 379 411 iudicio
402 350 512 425 obstat,
534 349 613 430 quod
635 349 744 413 recitas
785 351 1002 414 subiectionem
1017 351 1123 430 etegit.
1143 347 1191 413 Sic
1204 349 1236 412 in
1251 349 1393 414 Concilio

142 453 203 497 non
213 433 317 496 iisdem
326 432 520 514 verbis,quae
530 434 560 495 in
569 433 746 514 propositio·
784 433 946 498 Nicaenol
969 435 1121 497 danrnavit
1145 433 1209 496 Arii
1237 434 1394 514 ibellum,-

142 520 499 593 neeccorrunt,revelota
513 517 563 595 sit,
573 537 640 580 nam
653 517 743 579 etiam
787 527 888 602 utpote
906 519 1057 582 erroribus
1083 518 1318 599 haeresibusque
1336 536 1393 582 re-

141 602 173 664 in
200 601 298 664 uerbis
321 601 520 665 diiudicandis
543 610 574 664 et
595 601 744 664 adhibea-
786 603 1198 683 lectamllamnauitscripta
1214 601 1345 665 Nestorii
1356 603 1389 666 in

142 685 282 762 dis,'sine
305 686 415 768 quibus
437 687 576 764 dogmata
593 684 744 748 enuntiari
784 687 915 752 Concilio
933 687 1084 770 Ephcsino
1102 695 1132 749 et
1149 685 1392 750 chalcedonensi

141 789 202 832 non
218 778 354 852 possunt,
370 771 503 832 Ecclesia
515 789 551 832 eo
569 770 634 851 ipso
651 769 744 832 insal-
784 775 887 836 eadem
907 773 944 834 de
963 791 1075 834 causa:
1102 780 1207 833 contra
1224 789 1296 833 tero
1315 790 1390 852 pro·

141 855 235 917 libilis
257 864 320 933 est,
344 855 415 936 quie
432 853 542 918 Christi
562 864 593 915 et
610 851 743 935 Spiritus
784 857 984 940 bauitscripta
997 855 1387 938 cntttiatversuseunnun
1463 895 1464 902 κ

141 937 173 1002 S.
195 938 365 1002 assistentia
392 939 452 1019 ipsi
478 938 513 1001 in
538 939 667 1002 docendo
691 938 744 1020 (ad
784 937 1389 1022 exarata,utpoteorthodoxa.1nCon-

141 1023 221 1105 quod
239 1031 338 1085 reclus
365 1023 525 1084 verborum
544 1041 616 1084 rasus
638 1023 744 1103 requi·
784 1025 853 1086 cilio
872 1025 1005 1104 generali
1030 1021 1065 1087 V.
1086 1023 1236 1085 damnarit
1262 1022 1321 1084 tria
1340 1042 1389 1085 ca·

140 1107 232 1187 ritur)
252 1107 399 1189 promissa
417 1115 473 1168 est:
495 1114 525 1168 et
545 1125 617 1168 sane
639 1107 664 1168 si
683 1107 743 1168 Ec·
785 1109 891 1190 pitula,
908 1117 937 1171 et
951 1106 994 1172 sic
1013 1108 1044 1169 in
1059 1107 1143 1170 omni
1160 1107 1281 1168 saeculo
1293 1106 1390 1170 libros
1463 1121 1464 1124 ’

141 1192 233 1254 olesia
245 1193 276 1254 in
292 1191 391 1254 verbis
403 1190 603 1268 intelligendis
614 1200 644 1254 et
653 1191 744 1253 adhi-
784 1193 949 1256 haereticos
963 1191 1130 1274 damnauit,
1150 1189 1193 1252 ita
1214 1190 1338 1272 quidem
1355 1199 1391 1254 ut

141 1276 249 1340 bandis
270 1275 471 1338 essentialiter
495 1292 594 1337 errare
620 1284 740 1356 posset,
784 1277 821 1339 ab
840 1278 980 1339 omnibus
995 1293 1150 1338 assensum
1176 1292 1229 1356 pro
1255 1274 1312 1336 bac
1327 1275 1389 1338 da-

141 1362 179 1423 de
204 1362 287 1422 omni
310 1359 521 1422 intattibititate
536 1368 634 1421 actum
651 1367 741 1422 essct.
785 1361 936 1424 miratione
950 1361 1094 1440 exigeret,
1107 1367 1137 1421 et
1148 1359 1266 1420 illorum
1279 1359 1387 1421 lectio-

140 1443 286 1507 Dubitare
295 1463 365 1522 ergo
384 1462 443 1505 nou
460 1443 577 1506 licetde
591 1443 744 1505 Ecclesiae
783 1463 851 1507 nem
878 1447 968 1508 etiarn
994 1445 1051 1507 sub
1074 1441 1387 1506 excommunicatione

139 1529 368 1604 insolubilitate,
387 1527 514 1589 dumde
530 1527 671 1603 veritate,
691 1535 744 1589 aut
783 1529 965 1610 prohiberet.
986 1527 1017 1592 Si
1040 1536 1140 1590 autem
1170 1527 1306 1589 Ecclesia
1327 1527 1386 1590 lroc

140 1613 271 1674 falsitate
303 1612 559 1694 propositionum,
586 1612 623 1674 ad
653 1611 742 1674 tidem
783 1614 814 1675 in
833 1613 953 1676 iudicio'
971 1613 1054 1691 salli,
1081 1620 1111 1674 et
1139 1612 1242 1674 fallere
1270 1621 1385 1692 posset,

140 1697 354 1779 spectantium,
373 1697 517 1758 iudicium
534 1696 660 1759 lert.-
783 1699 933 1778 quomodo
962 1697 1140 1778 probaretur
1169 1694 1309 1758 fidelibus
1338 1705 1387 1758 sat

183 1780 214 1842 E.
233 1779 319 1845 Circa
346 1781 508 1843 secundam
534 1779 740 1860 quaestionem
782 1787 867 1845 lirmo
882 1791 1071 1860 argumento,
1089 1797 1269 1842 consensum
1286 1779 1386 1844 inter-

141 1863 322 1927 dissentiunt
340 1865 497 1944 Theologi.
523 1865 663 1926 Nonnulli
681 1865 741 1927 tsc-
781 1885 853 1930 num
873 1867 975 1928 deberi
993 1863 1209 1940 decisionibus,
1229 1863 1387 1944 inquibus

141 1949 263 2012 alesiam
275 1949 463 2012 infallibilem
476 1950 592 2025 dicunt,
613 1949 683 2010 dum
698 1949 743 2010 iu·
781 1960 989 2032 errareposset
1002 1948 1387 2030 Ecclesia‘lquomodopos·

140 2033 231 2111 dicat,
251 2053 376 2096 erronea
398 2044 427 2100 et
446 2033 597 2095 haeretica
615 2033 644 2093 in
665 2033 741 2094 libro
783 2045 828 2098 set
851 2035 984 2097 Ecclesia
1001 2035 1057 2096 sub
1072 2052 1169 2115 poena
1183 2032 1388 2095 anathematis

143 2114 206 2197 ipso
224 2119 391 2195 contineri,
408 2126 437 2180 et
455 2119 525 2178 dum
543 2117 612 2178 ideo
631 2116 741 2178 librum
782 2119 929 2181 eiusmodi
959 2118 1136 2199 obsequium
1167 2116 1309 2195 exigere?
1337 2117 1384 2178 An

144 2201 273 2278 damnat,
284 2203 408 2284 eiusque
418 2201 577 2265 lectionem
591 2201 739 2281 probibet.
781 2223 854 2280 non,
878 2211 911 2265 ut
929 2202 1042 2283 optime
1056 2199 1253 2264 ratiocinatur
1265 2201 1388 2264 Bellor-

144 2282 171 2348 ld
201 2295 300 2348 sutem
328 2285 524 2367 sequentibus
554 2285 742 2364 potissimum
781 2287 1042 2368 minus,iniquurn
1056 2294 1146 2361 esset,
1159 2283 1215 2347 sub
1227 2294 1286 2346 tam
1299 2284 1385 2362 gravi

143 2370 322 2448 argumentis
337 2370 480 2450 probant:
494 2369 524 2450 a)
541 2369 676 2432 Christus
688 2369 744 2431 Ec·
782 2391 878 2452 poena
891 2372 1023 2450 obligare
1040 2371 1142 2432 fideles
1157 2369 1195 2430 ad
1212 2368 1385 2430 assentien-

143 2453 250 2516 clcsiae
273 2473 345 2516 suae
364 2462 422 2515 no‘n
446 2454 529 2516 deest
550 2453 582 2514 in
602 2453 743 2515 omuibus
783 2457 852 2518 dum
867 2455 957 2518 rebus
976 2455 1097 2517 incertis
1114 2461 1144 2516 et
1161 2454 1309 2514 interdum
1327 2453 1371 2514 l'al

142 2536 211 2614 illis,
235 2557 312 2620 qnae
331 2537 367 2599 ad
382 2537 510 2619 depositi
537 2538 741 2601 conservatio·
782 2541 823 2602 sis
842 2541 910 2621 (ll‘l
926 2575 968 2586 -
981 2575 1022 2586 -
1035 2538 1100 2602 Non
1118 2537 1305 2600 obstantibus
1321 2557 1384 2598 au-

142 2639 223 2699 nem,
245 2632 275 2683 et
291 2621 443 2704 publicam
462 2621 595 2684 fidelium
615 2622 740 2684 salutem
782 2633 842 2686 tem
861 2625 907 2684 his
922 2623 1089 2686 rationibus
1107 2623 1159 2684 alii
1181 2641 1248 2683 cnm
1269 2622 1385 2685 Mure·

142 2707 312 2769 necessaria
337 2716 417 2767 sunt.
440 2705 529 2788 Atqui
555 2705 590 2768 ad
615 2705 742 2788 depositi
782 2709 858 2771 torio
878 2706 1261 2790 (ElasseruntAEcclesiam
1279 2705 1309 2765 in
1324 2705 1382 2766 lroc

141 2791 414 2866 currseruationem,
439 2798 469 2852 et
495 2791 628 2864 fidelium
658 2792 741 2852 salu·
782 2792 892 2854 iudicio
914 2791 1102 2854 infallibilem
1124 2791 1184 2853 dici
1204 2808 1263 2850 noo
1279 2808 1383 2870 posse,

141 2882 198 2936 tem
230 2893 351 2937 necesse
381 2883 443 2950 cst,
463 2882 496 2936 ul
528 2875 672 2938 Ecclesia
692 2875 742 2936 in·
782 2877 864 2959 quia,
883 2876 1084 2958 qnidhicvel
1110 2875 1160 2937 ille
1183 2883 1288 2936 auctor
1307 2891 1384 2934 sen·

142 2957 258 3027 talliotti
273 2958 386 3022 iudicio
406 2959 499 3040 possit
524 2959 612 3022 noxia
632 2977 742 3039 pascua
783 2961 856 3023 serit
873 2971 904 3022 et
924 2960 1099 3040 scripserit,
1126 2960 1287 3020 revelatum
1319 2975 1384 3018 nen

140 3043 364 3119 asalubribuS‚
384 3063 532 3105 terrenum
553 3061 569 3103 a
588 3042 738 3120 remedio,
782 3054 838 3107 est.
858 3044 960 3124 Neque
980 3045 1036 3106 hac
1058 3063 1093 3105 ex
1118 3051 1201 3124 parte
1229 3041 1386 3103 Ecclesiae

111 3179 115 3186 .
141 3125 161 3187 i.
181 3147 208 3190 e.
229 3127 321 3188 libros
344 3127 540 3189 heterodoxos
561 3135 591 3188 et
614 3127 738 3208 pestile-
782 3128 1159 3191 infallibilitasnecessaria
1176 3125 1382 3188 esseuidetur.

141 3227 189 3271 ros
208 3209 244 3271 ab
261 3211 433 3273 orthodoxis
447 3220 476 3272 et
494 3211 617 3272 utilibus
636 3211 741 3273 distin·
782 3211 812 3275 Si
845 3213 925 3275 enim
953 3212 1173 3293 propositiones
1201 3209 1268 3272 libri
1292 3208 1384 3270 claris

139 3312 243 3370 gnere.
263 3294 300 3355 At
313 3297 382 3376 quis
398 3295 494 3356 tidelis
511 3304 611 3375 posset
626 3314 658 3357 se
675 3304 738 3358 tuto
782 3305 812 3360 et
830 3297 996 3378 perspicuis
1006 3296 1142 3358 terruinis
1158 3293 1382 3374 concipiantur,

140 3377 291 3440 Ecclesiae
304 3397 376 3440 suae
389 3379 557 3441 auctoritati
570 3379 741 3442 committe·
783 3381 818 3443 ad
838 3381 904 3442 illas
922 3379 1131 3458 intelligendos
1141 3380 1218 3440 vires
1229 3377 1382 3439 naturales

141 3479 187 3533 rc,
203 3460 227 3522 si
244 3461 317 3523 haec
336 3470 438 3543 posset
463 3462 555 3534 libros
576 3463 743 3526 haereticos
782 3465 951 3542 sufiiciunt,
971 3483 1069 3546 neque
1093 3463 1215 3546 speciali
1234 3469 1264 3523 et
1280 3469 1383 3522 extra-

51 3545 57 3558 *
141 3545 744 3628 utortlrodoxosappcobare,autrereCa·
784 3549 938 3611 ordinaria·
948 3547 1059 3612 Christi
1083 3557 1114 3610 et
1130 3545 1259 3629 Spiritus
1276 3541 1308 3607 S.
1335 3563 1383 3606 as-

140 3629 267 3692 tholicos
286 3629 430 3692 damnare
450 3639 482 3693 ut
500 3633 744 3714 perniciososl—¹
782 3633 919 3696 sistentia
932 3651 1008 3714 oprrs
1027 3641 1083 3695 est.
1100 3629 1132 3694 Si
1151 3639 1250 3693 autem
1269 3647 1382 3710 propo·

139 3711 399 3792 -Omninoergo
411 3715 562 3778 Ecclesiae
574 3717 604 3778 in
617 3735 744 3778 censura
782 3718 905 3780 sitiones
928 3716 1076 3794 ambiguis
1089 3725 1120 3778 et
1137 3713 1307 3796 aequivocis
1319 3722 1383 3774 ter-

139 3797 284 3860 librorum
313 3799 509 3862 infallibilitas
544 3801 744 3864 adiudicanda
783 3801 873 3864 minis
900 3800 1101 3882 proterantur,
1128 3799 1276 3880 quaestio,
1305 3815 1385 3878 qnae

141 3889 198 3959 est,
211 3891 243 3944 ut
258 3885 374 3954 muneri
391 3903 444 3946 suo
455 3885 607 3964 pascendi,
620 3886 742 3964 regendi
784 3895 855 3948 tunc
872 3887 909 3947 de
922 3892 1021 3951 mente
1038 3884 1169 3947 auctoris
1183 3879 1383 3957 novercans

140 3964 318 4042 Ecclesiam,
332 3977 361 4029 et
378 3968 546 4048 depositum
558 3968 626 4030 fidei
644 3979 743 4030 custo·
783 3970 860 4032 sacta
873 3969 1039 4047 dogmatica
1051 3964 1383 4050 personaliarelerenda

143 4047 245 4110 diendi
262 4051 432 4112 satisfacere
449 4052 551 4130 possit.
564 4051 598 4130 b)
609 4051 744 4114 Ecclesia
783 4061 840 4115 est.
863 4088 903 4100 -
928 4053 1062 4114 Ecclesia
1084 4062 1182 4114 autem
1209 4049 1292 4112 omni
1319 4050 1384 4108 iure

143 4133 225 4192 omni
243 4140 378 4214 tempore
390 4134 426 4195 de
442 4133 528 4194 libris
539 4133 682 4195 iudicium
696 4145 745 4197 tu·
784 4138 872 4198 talem
891 4135 999 4197 librum
1019 4137 1160 4198 damnare
1178 4142 1209 4196 et
1226 4132 1386 4215 prohibere

174 4254 203 4314 pp
220 4259 252 4304 cr,
267 4261 422 4307 neaeman„
433 4262 449 4307 t.
459 4261 488 4320 p,
498 4273 521 4321 ¹,
532 4262 560 4321 ῃ,
571 4275 594 4308 c.
603 4262 639 4312 111.
650 4265 744 4323 Queat.
783 4229 881 4301 potest
897 4237 951 4301 pro
971 4229 1117 4301 potestate
1134 4239 1189 4282 sua
1207 4216 1385 4297 legislatione.

144 4311 166 4357 ὃ.
181 4314 281 4364 Perrone
295 4323 311 4364 t.
326 4321 348 4378 8,
365 4332 387 4378 p.
401 4321 418 4378 l,
433 4333 455 4367 c.
471 4321 493 4372 l.
509 4323 577 4382 l'rop.
591 4323 618 4370 ll.
817 4323 846 4382 (2)
862 4325 916 4372 pp
940 4327 1041 4384 cappo.
