2934 4736
399 234 473 279 nans
496 237 528 281 rr.
555 237 656 284 sncrro
677 241 710 287 rr.
735 241 828 287 corun
850 240 891 288 rr.
1167 221 1227 284 hii

62 309 320 376 strarantl—-Certe
331 313 456 394 quilibet
470 315 630 396 Apostolus
709 321 795 401 Resp.
820 321 966 385 Christum
993 334 1025 382 se
1054 317 1090 382 ad
1116 316 1274 398 opiniones

62 415 110 456 curn
125 395 204 458 Paulo
222 397 318 460 dicere
336 399 491 478 potuisset:
509 399 628 480 Videte,
670 406 848 485 populares,
867 404 957 466 etiarn
976 421 1078 477 ranas,
1103 401 1271 470 demisisse,

63 481 173 557 quomodo
188 482 263 544 nibil
276 484 478 547 contraxerim
495 486 628 563 utilium,
670 496 699 550 et
716 488 895 552 ludaeorum
915 486 1078 562 doctrinis,
1100 485 1172 548 licet
1188 503 1274 546 erro-

62 564 184 641 qooninas
200 567 412 628 annuntiarem
425 569 515 645 coln,
536 578 563 633 et
580 571 629 633 do-
670 573 750 650 neis,
766 592 798 635 se
816 571 1073 647 accommodasse,
1084 578 1187 650 aperte
1201 587 1274 630 san-

61 665 129 710 tarem
144 667 187 710 ooo
203 651 315 729 publice
337 657 364 712 et
382 668 444 734 per
469 655 581 716 domos.
596 689 630 716 ‚a
670 656 802 720 ctissimo
821 658 886 720 eius
903 653 1065 718 characteri
1086 651 1272 728 contradicit,

60 731 109 792 Aba
121 732 190 794 roim
207 735 385 816 sanescat,
404 738 562 813 nanninus
576 756 631 802 on·
670 749 773 822 utpote
788 741 839 822 qni
860 740 897 804 ab
917 740 998 802 omni
1013 744 1134 819 peccato
1147 743 1178 798 et
1194 754 1277 796 men·

60 816 200 879 nuntiarem
216 835 302 880 omne
325 820 479 884 consilinm
503 822 559 885 Dei
581 840 630 886 ro·
669 825 798 887 daciose
813 825 925 905 ubique
939 821 1173 884 remotissimum
1192 818 1276 882 exhi-

60 898 89 960 lb
100 899 148 979 (¹)-
670 908 748 984 buit,
767 917 799 972 et
817 928 849 972 se
867 925 927 970 non
946 914 1060 968 tantum
1076 906 1206 982 legatum
1225 902 1274 964 di·

90 982 114 1044 5.
130 983 260 1046 Absoluta
276 984 439 1065 Religionis
450 986 628 1050 christianae
669 992 782 1069 vinum,
803 993 852 1056 sed
872 999 902 1056 et
919 1009 1021 1052 terum
1036 989 1090 1052 Dei
1106 987 1214 1050 Filium
1229 1005 1276 1050 ³1²

59 1067 171 1146 perlectio
182 1078 258 1130 recte
270 1070 359 1132 etiam
375 1070 501 1134 insertur
515 1091 550 1134 ex
564 1071 629 1132 eius
668 1077 817 1155 gementis
835 1073 1077 1140 ineluctabilibus
1091 1071 1275 1135 demonstra-

59 1149 295 1230 indelectibilitate,
309 1173 385 1234 quae
397 1155 423 1234 5.
437 1174 501 1236 seq.
515 1150 630 1237 'proba-
669 1161 720 1222 rit.
740 1159 874 1235 Accedit,
896 1157 1045 1222 Christum
1070 1175 1129 1218 non
1158 1163 1272 1219 tanturn

59 1233 170 1296 tardam
183 1237 205 1297 si
219 1237 270 1298 illa
285 1257 379 1320 usque
392 1239 427 1300 ad
439 1241 527 1302 tinem
543 1259 629 1302 muo-
670 1263 823 1324 nunquam
848 1244 934 1306 aliter
951 1241 1030 1324 apud
1054 1238 1216 1322 populum,
1245 1247 1276 1300 et

59 1316 79 1376 di
93 1319 272 1398 perduratura
290 1331 355 1399 est,
383 1341 534 1403 nunqnam
554 1343 630 1386 nora
670 1329 756 1390 aliter
773 1327 854 1408 apud
876 1326 1039 1408 discipulos
1056 1325 1092 1386 de
1112 1322 1219 1405 placito
1239 1341 1274 1383 a·

59 1403 179 1480 revelatio,
198 1424 250 1466 seu
276 1406 378 1485 religio
397 1407 557 1488 perfectior
585 1407 630 1468 illi
670 1411 750 1492 liquo
763 1410 952 1486 disseruisse,
968 1410 1018 1471 sed
1035 1406 1275 1490 etpraeadama-

59 1485 235 1550 substituetur.
672 1503 715 1558 tos
733 1494 910 1558 ludaeorum
931 1493 1088 1574 opiniones
1104 1507 1275 1570 aggressum

86 1571 158 1633 Noto.
177 1571 295 1647 Tradita
311 1573 445 1636 doctrina
458 1575 556 1636 varios
573 1572 631 1636 ha·
671 1598 747 1652 esse,
767 1588 856 1659 atque
883 1598 901 1639 a
920 1575 1075 1653 doctrinis,
1096 1575 1205 1656 quibus
1223 1571 1275 1635 Iu·

59 1649 105 1713 buit
119 1655 305 1719 adversarios.
326 1657 397 1720 Naro
418 1659 629 1734 Montaniana,
670 1663 761 1726 daeos
782 1661 893 1724 offendi
913 1660 1025 1742 optime
1045 1667 1190 1733 noverat,
1211 1665 1276 1719 tra-

59 1736 210 1817 liont'rltoci,
236 1741 445 1822 Anabopto'otoc
468 1750 497 1805 et
524 1743 631 1807 Schoe-
671 1747 776 1812 dendis
794 1746 872 1808 hand
895 1744 1086 1820 abstinuisse,
1110 1743 1160 1803 sed
1185 1741 1277 1803 etiarn

59 1820 220 1904 minarent
230 1826 464 1905 contendebant,
477 1827 631 1889 doctrinae
672 1830 855 1912 permisisse,
873 1838 905 1892 ut
923 1849 940 1891 a
958 1848 989 1890 se
1008 1836 1038 1890 et
1052 1825 1188 1908 discipuli
1208 1823 1277 1886 abi·

59 1903 298 1970 aCbristotraditae
310 1929 399 1971 noras
409 1929 547 1974 successu
559 1920 633 1972 tem·
673 1923 749 1978 rent.
761 1913 841 1976 Haec
852 1912 971 1976 abunde
983 1920 1118 1974 constant
1129 1907 1274 1970 erblatth.

58 1989 118 2066 poris
134 1994 324 2054 revelationes
343 1994 483 2056 accedere
509 1994 630 2056 debere.
673 2019 739 2080 cap.
752 1998 789 2074 V,
803 2008 860 2060 eto.
876 1997 958 2060 ello.
973 2015 1039 2078 cap.
1056 1993 1105 2058 lll.
1125 1992 1209 2065 Quod
1225 2012 1278 2054 au·

59 2071 564 2158 Gnostici,praecipneddorcionitoo,
585 2079 633 2140 di·
674 2077 1278 2165 mmApostoliseacoonrmodaverint,aut

58 2156 151 2237 cebant,
164 2161 338 2240 religionem
353 2162 544 2225 christianam
561 2181 634 2244 pro·
674 2187 793 2230 sensum
810 2185 911 2230 rerum
923 2163 1081 2235 verborum
1094 2160 1201 2224 Christi
1217 2179 1279 2222 non

59 2240 154 2305 cedente
178 2254 312 2328 tempore
335 2247 578 2326 expurgandam,
598 2266 633 2309 e·
675 2252 802 2316 assecuti
833 2250 963 2327 suerint,
986 2257 1086 2329 aperte
1105 2264 1172 2307 cum
1193 2243 1278 2326 ipso-

59 2326 280 2407 nendaodam,et
291 2331 439 2409 puriorem
452 2332 633 2394 reddendam
674 2356 740 2399 rum
756 2334 951 2416 inspiratione
969 2341 1091 2414 pugnae
1112 2337 1141 2392 et
1155 2329 1280 2409 insuper

59 2424 115 2486 osse,
130 2420 156 2472 et
171 2413 249 2475 idem
271 2413 332 2475 iere
355 2415 524 2478 sentiebant
550 2416 634 2480 Sori-
675 2429 753 2484 certe
766 2418 979 2482 siludaeorum
991 2415 1108 2498 placitis
1120 2431 1281 2476 seaccom-

58 2492 123 2555 niani
143 2503 171 2558 et
191 2497 382 2561 Arminium.
421 2501 636 2564 notiooottnoc
675 2505 797 2567 modare
811 2503 984 2578 voluissent,
1004 2499 1183 2573 doctrinam,
1203 2514 1280 2578 quae

59 2572 166 2640 hodierni
196 2581 253 2642 sub
283 2592 435 2663 praetentu
470 2585 635 2647 obiectione
675 2589 737 2650 visa
761 2595 806 2650 est
828 2587 945 2649 Iudaeis
964 2583 1148 2658 scandalum,
1174 2579 1280 2644 Centi-

59 2661 392 2753 perfectibilitatis,quam
402 2667 548 2748 Religioni
559 2667 637 2730 chri·
677 2673 732 2734 bus
744 2681 843 2734 autern
857 2668 993 2744 stultitia,
1007 2667 1085 2728 hand
1105 2664 1280 2746 proposuis-

59 2753 147 2808 stnoae
164 2749 311 2827 tribuunt,
324 2751 471 2832 quidquid
489 2752 636 2834 superbae
676 2765 753 2819 sent.
774 2754 878 2816 luania
897 2773 965 2830 ergo
988 2761 1025 2828 et
1050 2749 1162 2811 absona
1188 2753 1279 2822 sunt,

60 2834 80 2918 ol
92 2827 230 2909 inquietae
248 2833 359 2895 rationi
380 2855 439 2897 non
459 2837 582 2913 arridet,
601 2855 637 2897 ex
677 2859 753 2921 qnae
780 2837 940 2900 adversarii
961 2834 1025 2897 sine
1052 2837 1225 2910 argumento
1252 2837 1282 2890 et

59 2927 106 2988 tpsa
118 2912 217 2979 Christi
229 2915 384 2996 Religione
399 2929 581 3001 expungunt3
594 2927 637 2981 at·
677 2925 742 2985 sino
762 2931 847 2999 teste,
870 2920 931 2982 imo
951 2927 1010 2980 tota
1030 2914 1206 2996 antiquitate
1230 2931 1284 2974 re-

61 3010 104 3071 que
126 2998 241 3062 demum
260 3001 290 3062 in
310 3003 427 3065 divinae
447 3004 638 3066 revelationis
678 3015 840 3090 pugnante,
860 3004 1055 3068 deblaterant.

59 3073 135 3169 locum
159 3103 266 3164 purum
295 3086 491 3168 putidumque
513 3096 637 3150 natura·
722 3091 786 3156 Oli.
803 3090 834 3151 2.
851 3087 882 3151 Si
901 3105 1000 3150 saeros
1011 3083 1046 3146 N.
1064 3081 1098 3144 Τ.
1112 3079 1204 3144 libros
1216 3097 1284 3176 pep-

59 3157 295 3248 bsmumponunt,
308 3171 427 3251 explosa
441 3171 523 3233 omni
536 3189 640 3252 super·
678 3183 858 3249 scrutamur,
877 3172 968 3255 probe
987 3165 1205 3247 cognoscimus,
1225 3165 1283 3260 ab·

60 3251 166 3312 naturali
181 3251 384 3336 Revelatione.
405 3255 514 3318 Futilia
539 3265 638 3318 autem
680 3279 753 3340 quas
776 3257 914 3320 veritates
933 3255 965 3316 in
982 3253 1041 3315 illis
1059 3270 1119 3312 non
1142 3249 1284 3326 inrenrrr,

59 3339 121 3407 suot,
137 3353 210 3416 quae
228 3336 266 3400 ab
289 3338 466 3403 adversariis
482 3339 640 3404 assertioni
680 3362 756 3424 quae
775 3351 873 3404 tamen
888 3339 974 3401 modo
993 3357 1010 3399 a
1025 3332 1199 3399 Christianis
1217 3351 1284 3396 cre·

58 3423 156 3480 nostrae
173 3428 376 3502 opponuntur.
465 3433 466 3436 ’
681 3428 809 3502 duntnr3
834 3433 864 3487 et
882 3424 997 3505 aliquas
1027 3419 1151 3481 obscure
1169 3425 1285 3479 tantum

62 3576 67 3589 1
91 3499 146 3564 Odi.
163 3506 192 3566 A.
209 3503 343 3579 Christus
356 3525 445 3588 saepe
463 3509 580 3571 locutus
596 3515 641 3570 est
681 3510 850 3588 indigitatas
875 3526 958 3583 esse,
979 3522 1056 3586 quae
1078 3521 1158 3564 nunc
1180 3501 1287 3563 claris·

62 3592 126 3646 turta
138 3589 496 3670 conceptuslndaeorum,
510 3601 539 3656 et
551 3612 642 3656 seeo·
681 3595 757 3657 sima
779 3603 809 3654 et
826 3591 908 3654 oroni
921 3609 956 3652 ex
974 3597 1057 3670 parte
1071 3585 1193 3649 definita
1204 3593 1286 3648 suot.

61 3679 112 3728 rum
133 3672 323 3752 opinionibus
340 3677 592 3739 accommodarit:
612 3685 644 3740 et
681 3679 758 3756 Ergo
788 3676 941 3738 doctrinae
959 3671 1067 3736 Christi
1085 3680 1113 3733 et
1127 3669 1288 3751 Apostolo-

60 3748 88 3808 ttl
103 3757 262 3837 exemplum
279 3757 409 3837 Magistri
424 3761 471 3822 sni
492 3761 548 3823 boc
563 3761 642 3823 idem
682 3781 748 3824 rum
762 3779 837 3823 nora
851 3760 989 3840 dogmata
1004 3757 1134 3820 reuelato
1151 3767 1287 3816 accone-

60 3827 172 3912 Apostoli
188 3841 334 3905 iecerunt.
353 3841 555 3926 Quaecunque
572 3864 643 3925 ergo
683 3854 765 3908 runt.

60 3931 210 4004 corruptum
225 3934 296 3988 tunc
308 3927 450 4008 temporis
461 3928 644 3991 Iudaismum
725 3931 812 4008 nasa.
826 3925 905 3989 Haeo
915 3925 1116 3990 Protostantes
1130 3919 1287 3993 obruerunt,

59 4001 187 4087 redolent,
202 4027 218 4070 e
237 4009 370 4072 doctrina
386 4011 505 4090 Christi,
525 4023 554 4076 et
567 4013 645 4094 Apo·
686 4014 737 4095 qui
760 4011 791 4074 S.
806 4009 994 4092 ,Scriptorum
1014 4027 1069 4070 ceu
1087 4004 1209 4068 unicum
1227 3999 1289 4062 Re-

60 4085 186 4152 stolorom
202 4092 335 4166 doctrina
347 4095 542 4174 eliminanda,
557 4106 586 4158 et
596 4099 646 4158 iu·
687 4097 842 4160 relationis
855 4096 967 4157 iontem
980 4092 1137 4173 recipiunt,
1155 4085 1290 4180 traditio·

60 4173 100 4229 xta
119 4191 204 4238 sanae
222 4177 345 4240 rationis
363 4179 511 4263 principia
541 4199 647 4244 enten-
687 4201 755 4244 nem
768 4199 851 4258 roro,
864 4188 893 4241 el
907 4175 1063 4240 iotattibite
1072 4172 1222 4234 Ecclesiae
1231 4186 1291 4264 rna·

62 4248 143 4318 danda
159 4271 236 4322 sunl·
571 4305 573 4308 v
687 4265 840 4344 gislerium
850 4262 1000 4325 reiiciunt.
1015 4256 1095 4328 Quae
1105 4262 1203 4318 autern
1216 4253 1290 4314 obn-

85 4359 112 4419 lll
125 4368 171 4413 aet.
185 4368 222 4430 no,
237 4384 259 4416 v.
276 4370 306 4417 ao
322 4374 343 4418 er
359 4372 397 4418 27.
689 4351 783 4426 ciunt,
804 4344 991 4410 solummodo
1010 4338 1150 4424 probant,
1173 4349 1293 4420 praeter
