2910 4732
181 199 222 260 lt)
522 253 526 262 .
575 217 761 269 rnnouocnc
782 212 945 266 nummus
977 231 981 240 ·

180 293 244 358 Oli.
262 292 293 358 2.
313 294 393 360 neus
410 315 469 360 non
486 296 572 379 plura
589 298 627 361 ab
641 298 738 360 loomi-
776 291 992 378 corruptissimi
1016 300 1105 372 sunt3
1116 309 1217 374 *quare
1234 308 1311 354 nova
1328 307 1388 354 res·

134 394 173 440 ne
192 377 301 457 exigit,
320 381 379 444 nisi
397 391 508 463 quanto
537 383 633 464 ipsius
660 382 737 446 vires
774 380 922 444 velatione
934 397 1009 460 opus
1022 397 1100 454 esse,
1113 377 1271 441 dicendum
1290 376 1381 453 toret,

132 459 243 524 lerunt:
264 465 378 544 quaesi
391 473 533 547 praestet,
549 464 669 542 sullicit3
685 485 735 528 cr·
775 464 801 528 si
818 472 995 544 argumenta
1010 464 1100 526 allata
1110 462 1251 524 valerent.

131 561 169 622 go
186 547 296 609 sufficit
310 567 440 630 quoque,
454 549 481 612 si
498 550 588 612 lromo
606 548 734 628 Religio·
815 550 900 628 nco.
922 549 954 626 a)
972 545 1055 608 Licet
1069 565 1129 608 non
1143 544 1244 606 omnia
1262 543 1385 606 revelaa

131 645 200 690 nem
220 629 318 694 taliter
332 641 442 711 teneat,
459 635 577 715 qualern
591 653 644 715 per
655 634 734 696 vires
774 631 864 694 tionis
878 631 975 712 capita
993 631 1031 692 alr
1045 629 1185 692 omnibns
1199 646 1386 706 cognoscen-

131 729 201 773 suas
223 717 372 780 naturales
390 718 551 795 cognoscit.
774 724 834 792 tur,
848 725 890 778 tot
903 725 1000 778 tannen
1012 715 1099 776 facile
1113 713 1251 792 cognosci
1267 721 1296 774 et
1312 731 1384 793 pos·

159 797 243 876 Hesp.
257 795 301 861 Ob
312 801 479 878 neglectum
492 810 731 882 praeceptorum,
773 810 854 878 sunt,
877 809 906 862 et
934 799 1063 875 dehent,
1079 807 1152 878 quot
1170 795 1322 860 sufficiunt
1340 798 1381 858 ed

131 896 207 960 quoe
225 901 260 942 ex
288 883 455 961 ignorantia
481 885 646 948 invincibili
673 905 732 946 nnn
773 893 854 947 recte
879 882 1050 946 vivendum.
1079 881 1185 961 Negari
1209 899 1280 943 sone
1317 899 1381 942 non

129 963 350 1046 adimplentur,
371 987 459 1032 nemo
478 969 599 1050 quidem
624 989 641 1031 a
671 968 731 1032 Deo
772 977 887 1049 potest,
909 975 975 1048 post
997 967 1216 1048 promulgatum
1242 965 1381 1042 Evange-

130 1048 253 1127 punitur
271 1051 417 1131 positive:
448 1053 500 1114 seul
525 1054 612 1115 datur
642 1053 730 1115 etiarn
772 1053 844 1114 lium
871 1051 1008 1114 homines
1026 1052 1115 1114 etiarn
1135 1045 1285 1130 plebeios,
1307 1067 1380 1110 rnu-

130 1149 225 1211 poene
243 1137 389 1212 negativa,
416 1135 486 1198 durn
507 1135 632 1212 bonum,
652 1137 732 1218 qnod
773 1137 923 1210 lierculas,
943 1153 1064 1216 pueros,
1085 1144 1114 1196 et
1131 1134 1246 1214 puellas
1268 1133 1379 1196 melio·

130 1217 242 1282 nemini
258 1219 392 1282 obsolute
407 1220 543 1298 debetur,
559 1221 597 1282 ob
614 1223 732 1284 nonad·
772 1239 820 1282 res
838 1219 1001 1298 Religionis
1024 1219 1160 1280 notiones
1177 1227 1235 1278 tam
1255 1215 1379 1280 theore-

129 1297 280 1380 iropletam
314 1303 514 1366 conditionem
555 1305 728 1383 denegetur.
774 1305 857 1379 licus,
875 1321 964 1386 quem
988 1303 1133 1384 practicus
1161 1301 1379 1364 lraheresum-

129 1382 278 1449 Persectae
301 1397 400 1450 autern
432 1389 582 1451 felicitatis
601 1389 731 1452 conditio
773 1383 1380 1467 misllthnicornmPlrilosophis.b)0uod

128 1471 321 1550 estperlecte
340 1468 599 1560 moralitasuuoe
617 1493 731 1554 suppo·
771 1472 893 1551 gradum
916 1470 1102 1533 certitudinis
1132 1470 1249 1552 attinet,
1271 1469 1378 1532 dicen-

129 1553 172 1614 nit
186 1565 411 1636 praeceptorum
425 1558 592 1624 divinorum
606 1558 729 1634 cleram,
772 1557 841 1618 dum
862 1565 927 1631 est,
958 1555 1105 1618 rollonem
1130 1555 1246 1616 firmam
1272 1573 1380 1635 perere

128 1639 318 1718 completam,
335 1651 363 1702 et
376 1642 500 1703 solidam
516 1641 727 1719 cognitionem.
771 1641 980 1703 certitudinem
999 1639 1031 1700 in
1050 1638 1187 1715 summis,
1207 1649 1236 1700 et
1255 1639 1380 1700 eviden-

128 1720 172 1782 dd
185 1721 260 1783 lrarrc
280 1734 378 1786 autem
399 1745 495 1807 neque
510 1724 608 1806 quoad
627 1725 732 1786 verite·
773 1724 850 1787 tibus
870 1723 1000 1808 rationis·
1009 1722 1175 1804 principiis,
1195 1741 1254 1784 non
1274 1733 1378 1785 autern

128 1811 171 1866 les
191 1806 303 1868 ordinis
321 1811 466 1872 naturalis
480 1809 617 1870 homines
629 1828 731 1889 perve-
771 1809 850 1871 circa
867 1809 1026 1883 veritates,
1057 1815 1086 1868 et
1108 1806 1224 1882 officia,
1244 1826 1321 1888 quae
1340 1827 1379 1870 ex

43 1945 52 1953 .
128 1889 191 1950 nire
211 1909 314 1971 posse,
336 1902 510 1972 argumenta
533 1892 582 1972 (§.
604 1901 730 1974 praec.)
770 1891 829 1954 illis
851 1893 1049 1966 deducuntur,
1076 1892 1106 1953 iu
1129 1890 1239 1972 quibus
1261 1891 1377 1952 diiudi-

127 1972 217 2036 allata
231 1975 369 2055 probant,
386 1977 444 2039 nisi
457 1975 646 2039 Revelutione
660 1977 730 2040 illu·
770 1977 873 2040 condis
887 1995 941 2058 per
957 1975 1151 2056 praeiudicio,
1170 1984 1200 2037 et
1222 1975 1378 2054 passiones

127 2067 270 2135 strentur,
288 2079 346 2140 qua
361 2080 431 2140 ergo
442 2060 577 2140 indigent
591 2060 626 2122 ad
641 2061 729 2124 finem
766 2062 860 2123 nimis
882 2060 968 2122 facile
984 2059 1142 2141 decipitur.
1164 2059 1194 2139 c)
1217 2058 1378 2122 Praeterea

127 2160 212 2204 suurn
226 2143 587 2207 obtinendumlloldntas
597 2163 727 2226 qumque,
771 2146 907 2207 homines
931 2145 1023 2207 multo
1046 2142 1165 2206 facilins
1182 2143 1375 2222 auctoritate,

127 2226 255 2306 seposita
274 2225 463 2291 Revelatione
485 2228 642 2302 materiali,
664 2231 729 2293 sul·
770 2249 858 2310 quarn
879 2229 999 2310 propria
1020 2228 1136 2290 ratione
1153 2226 1261 2306 dirigi,
1280 2246 1376 2309 expe-

127 2309 255 2372 licientia
274 2313 383 2374 motiva
399 2332 460 2374 rron
477 2311 566 2374 habet
580 2313 614 2374 ad
634 2313 728 2390 legem
770 2313 877 2375 rientia
896 2312 978 2374 testis
1003 2321 1058 2374 est.
1080 2309 1197 2374 Metelis
1215 2328 1286 2374 vero
1306 2331 1378 2374 ccr-

126 2395 268 2455 moralem
289 2395 401 2477 ubique
419 2397 545 2458 fideliter
560 2396 729 2477 adimplen·
771 2398 865 2459 titudo
879 2396 927 2458 ¹nd
953 2397 1041 2458 tnlenr
1067 2395 1189 2473 gradum
1218 2396 1377 2476 pervenire

126 2476 205 2539 darn.
225 2477 518 2561 licinum-quidquid
534 2480 570 2542 de
589 2480 728 2558 indigen·
769 2491 877 2560 potest,
895 2489 927 2540 ut
942 2498 1062 2542 omnem
1076 2479 1211 2540 umbram
1222 2479 1307 2541 dubii
1320 2499 1372 2542 er-

127 2561 168 2623 tia
186 2561 315 2624 hominis
327 2563 454 2639 dicatur,
469 2563 498 2626 id
512 2583 584 2626 sana
599 2564 674 2625 rntiu
687 2565 730 2627 di·
768 2567 878 2643 cludat,
898 2565 951 2625 sic.
968 2582 995 2626 e.
1009 2583 1036 2641 g.
1056 2581 1143 2624 nemo
1158 2563 1294 2626 dubitare
1308 2574 1371 2645 pot·

125 2653 195 2722 ctut,
216 2648 315 2708 omnia
336 2658 495 2730 praecepta
515 2647 614 2710 divina
632 2649 729 2710 adim·
769 2661 825 2726 est,
845 2649 972 2710 existere
991 2647 1093 2709 urbem
1112 2645 1236 2708 Romam
1258 2658 1315 2708 etc.
1333 2649 1375 2726 d)

126 2729 232 2810 pienda
250 2749 326 2808 esse,
346 2733 407 2794 sive
427 2750 479 2814 per
493 2732 652 2808 rationem,
668 2733 729 2794 sive
769 2733 893 2795 Demunr
914 2733 938 2794 si
956 2749 1055 2794 rnores
1073 2729 1162 2792 etiarn
1182 2740 1247 2811 post
1264 2732 1374 2794 lectam

126 2832 177 2894 per
195 2816 404 2878 revelationem
418 2815 605 2878 intimentur.
618 2815 728 2878 Neces-
769 2816 978 2880 revelationem
993 2815 1123 2896 corrupti
1142 2824 1221 2892 sunt,
1241 2815 1270 2876 id
1289 2833 1374 2879 ereo

126 2897 234 2962 sarium
257 2918 327 2980 ergo
346 2899 592 2981 semperhomini
615 2909 727 2978 manet,
770 2911 883 2962 tanturn
907 2900 950 2976 dt,
971 2899 1041 2980 quia
1060 2897 1259 2962 Revelationis
1281 2899 1375 2978 docu-

126 2981 285 3062 indogere,
309 3003 347 3046 en
366 2983 508 3046 revelatio
533 2984 610 3045 sacta
631 2984 679 3060 sit,
700 2995 730 3046 et
770 2995 869 3048 menta
889 3004 949 3046 non
968 2982 1132 3046 audiuntur
1146 3029 1159 3059 ‚.
1174 2983 1283 3046 motiva
1309 3003 1375 3046 non

126 3066 196 3146 qnid
217 3067 268 3130 illa
287 3067 482 3144 credendum,
501 3076 532 3130 et
559 3067 728 3130 laciendum
769 3069 984 3148 ponderantur,
1004 3077 1033 3130 et
1052 3067 1150 3129 media
1168 3067 1371 3146 negliguntur.

126 3151 319 3230 praescribat.
768 3152 861 3216 Mores
886 3162 986 3214 autern
1008 3151 1168 3214 multorum
1192 3152 1373 3232 populorum

168 3233 233 3297 ott.
252 3235 281 3296 3,
298 3234 450 3298 Revelatio
466 3235 633 3298 necessaria
651 3235 727 3298 dici·
769 3256 822 3318 per
833 3239 1041 3299 revelationem
1061 3233 1170 3298 Christi
1179 3254 1246 3296 vere
1264 3255 1375 3298 emen-

126 3324 184 3391 tur,
202 3317 272 3398 quia
294 3319 430 3382 homines
453 3321 518 3382 sine
542 3320 593 3382 illa
612 3339 671 3382 non
692 3340 728 3382 c·
768 3323 852 3383 datos
868 3321 971 3397 luisse,
992 3319 1115 3381 historia
1134 3327 1267 3382 testatur.
1328 3361 1330 3368 ,

126 3417 210 3462 mnes
228 3401 388 3476 veritates,
407 3411 436 3466 et
455 3405 562 3466 multas
585 3423 644 3466 non
664 3404 728 3466 sine
811 3406 874 3470 Oli.
896 3405 927 3466 d.
948 3402 1072 3466 Plurimi
1090 3403 1190 3464 diuina
1209 3403 1375 3466 revelatio-

126 3502 231 3562 magne
249 3485 440 3563 difficultate,
459 3489 505 3549 vel
523 3489 617 3550 solum
638 3487 728 3550 dubi·
768 3508 806 3550 ne
819 3489 963 3562 destituti,
977 3486 1181 3549 rationissuae
1200 3487 1377 3551 luminoso·

126 3575 223 3632 tenter
237 3582 444 3648 agnoscerent,
462 3590 558 3652 neque
581 3572 729 3634 sufficien·
770 3573 830 3634 cuti
853 3573 995 3652 optimam
1024 3571 1114 3634 vitam
1137 3572 1375 3648 duxerunt‚·uti

126 3659 170 3713 ter
181 3654 256 3718 vela
275 3655 352 3716 rnalo
365 3662 547 3731 arcerentur,
565 3656 608 3717 uel
620 3656 655 3717 ad
672 3655 728 3718 ho·
770 3656 833 3732 lob,
852 3656 1006 3720 Cornelius
1034 3666 1112 3730 etc.;
1133 3655 1212 3717 inter
1229 3655 1374 3718 Etlrnicos

125 3755 195 3798 num
215 3737 451 3818 impellerentur.
473 3739 621 3800 Ast-locta
639 3739 727 3802 etiam
770 3742 922 3821 praeclara
946 3740 1105 3804 extiterunt
1122 3740 1257 3820 exempla
1274 3739 1374 3801 virtu-

125 3821 306 3884 revelatione
326 3841 341 3882 a
367 3823 518 3903 plerisque
541 3841 600 3884 non
629 3825 730 3886 omnia
770 3833 845 3902 tum;
865 3821 1156 3886 Sinensiutnmores
1176 3823 1303 3885 nraxirne
1317 3842 1374 3886 ce·

124 3903 276 3968 doctrinae
295 3905 392 3986 capita
414 3914 651 3984 cognoscuntur3
673 3927 729 3970 ne·
770 3908 922 3970 lebrantur
938 3917 995 3969 otc.
1135 3913 1136 3916 ’

125 4005 182 4067 qne
201 3989 239 4051 de
264 3990 311 4052 his
336 3990 431 4052 maior
458 3989 605 4052 certitudo
626 3990 730 4054 heberi
810 3994 895 4072 Rcep.
913 3991 943 4070 a)
958 3989 1015 4063 Qui
1026 3990 1063 4052 de
1076 3991 1152 4052 bene
1165 3999 1230 4051 acto
1238 3989 1296 4052 vito
1306 3991 1374 4052 lau·

125 4081 235 4150 potest,
251 4093 318 4135 cum
333 4073 480 4156 principia
495 4073 653 4136 rationalia
667 4093 731 4136 cer·
769 4075 893 4151 dantur,
923 4075 1000 4136 lraud
1024 4083 1103 4136 recle
1126 4092 1246 4154 semper
1272 4075 1372 4138 divina

125 4153 281 4220 titudinem
293 4157 538 4244 metaplrysicam‚
553 4175 730 4218 monumen·
769 4159 949 4220 revelatione
967 4158 1100 4219 destituti
1118 4158 1268 4219 dicuntur.
1288 4156 1373 4221 lianc

125 4247 155 4298 ta
168 4258 235 4302 vero
250 4250 368 4303 externa
387 4242 528 4303 moralem
548 4247 662 4300 tanturn
679 4259 731 4321 pa·
769 4242 849 4303 enirn
869 4243 913 4304 vel
931 4260 967 4304 er
987 4243 1060 4302 orali
1081 4241 1250 4316 traditione,
1269 4241 1313 4302 vel
1337 4261 1372 4305 ex

125 4319 216 4386 uiant.
240 4323 373 4390 'landem
393 4344 491 4388 mores
511 4341 591 4386 nunc
610 4342 730 4407 quoque
770 4325 948 4388 commercio
974 4344 1041 4387 curn
1060 4324 1195 4404 ludaeis,
1215 4333 1267 4388 aut
1283 4324 1373 4388 Clari·
