2918 4734
186 183 247 253 ltu
581 194 771 260 rneounmac
786 188 949 241 sensatus

144 283 239 344 lovum
259 277 529 360 origine,quitum
549 275 604 338 sub
623 274 745 337 nomine
785 279 952 346 servantur,
978 266 1123 331 librorum
1149 263 1185 328 N.
1208 264 1243 326 Τ.
1266 262 1398 329 codices
1457 275 1458 298 l

143 365 357 447 discipulorum
377 362 485 427 Christi
501 360 726 440 evulgabautur.
786 355 982 437 inspiciantur
997 362 1027 414 et
1045 350 1260 447 examinentur,
1281 368 1397 412 omnes

702 479 705 484 ,
786 450 848 504 turn
867 440 897 502 in
917 437 1050 501 Ecclesia
1068 436 1179 510 lalana,
1199 442 1280 508 tum,
1305 435 1394 514 quod

331 499 502 547 mmm
521 499 552 546 Π·
785 523 906 587 maximi
935 519 1079 584 momenti
1106 527 1171 595 est,
1194 517 1224 578 in
1249 517 1395 580 Ecclesia

134 629 136 650 =
190 593 252 642 ΗΜ
266 593 293 640 Ν·
308 593 334 640 Τ·
351 596 405 640 ⁸⁰⁰¹
420 594 506 650 ¹⁰¹⁰&
521 593 544 639 ⁰¹
559 591 694 651 incompta.
720 673 722 676 ,
783 617 890 688 graeca
899 606 996 690 quoad
1009 603 1205 668 substantiam
1216 602 1306 682 plane
1315 621 1395 664 con·

388 686 418 756 b·
440 691 493 738 8⁵·
783 693 926 756 sentiunt.
945 690 1005 772 lpsi
1023 687 1166 771 baeretici
1186 696 1216 749 et
1232 686 1393 764 soliisma-

182 791 307 864 Quando
330 793 560 855 instrumentum
583 787 613 848 in
633 804 741 850 causan
783 777 855 854 tici,
890 792 1016 857 quorum
1044 773 1187 836 intererat
1217 770 1392 834 Ecclesiam

140 877 338 960 patrocinium
347 875 531 959 producitur,
540 871 742 953 primumqui·
781 879 936 924 romanum
959 859 996 922 de
1018 858 1096 919 sacta
1120 854 1312 936 corruptione
1332 875 1392 918 ac·

140 963 207 1025 dem
227 970 291 1038 ast,
310 979 409 1023 veram
428 959 560 1020 eiusdem
580 975 614 1018 aa
631 951 739 1034 genujss
780 965 897 1021 casare,
912 945 988 1008 barac
1000 951 1098 1004 umen
1110 958 1262 1022 nunquam
1275 958 1311 1002 ex
1324 941 1392 1002 col·
1457 983 1458 1004 2

139 1065 207 1109 nam
231 1045 375 1124 originem
401 1043 547 1124 probare3
571 1060 630 1122 quo
648 1041 737 1118 lacta,
780 1031 891 1106 latione
910 1027 1102 1093 vetustiorum
1126 1036 1156 1086 et
1178 1024 1391 1088 recentiorum

139 1130 270 1192 nondum
290 1148 338 1191 res
356 1134 544 1210 peractaest3
560 1145 641 1202 nam,
656 1134 687 1188 nt
705 1130 741 1187 ll·
780 1114 916 1178 codicum
936 1113 1062 1210 probare
1080 1117 1251 1190 potuerunt.
1457 1169 1458 1172 ,

138 1215 206 1276 dem
224 1215 322 1278 iacere
345 1213 456 1293 possit,
477 1227 598 1272 necesse
622 1218 683 1287 est,
704 1219 739 1272 ut
821 1198 852 1260 2·
865 1196 977 1261 Crescit
987 1205 1160 1292 criticorum
1170 1202 1389 1290 argumentum
1457 1247 1458 1252 ,

139 1298 254 1361 nullum
283 1298 361 1360 adsit
385 1305 541 1376 corruptae
561 1293 738 1372 integritatis
779 1283 804 1345 Si
828 1301 897 1345 sum
921 1290 1001 1346 textu
1027 1279 1163 1358 ortgtnalt
1187 1287 1387 1342 consentiunt
1420 1300 1424 1310 ·
1457 1327 1458 1356 3

138 1382 295 1458 indicium3
313 1382 358 1442 vet
374 1380 400 1443 si
418 1379 454 1442 de
474 1379 666 1460 corruptione
685 1397 739 1460 ρο.
779 1367 867 1430 etiam
883 1366 1032 1460 versiones
1049 1362 1179 1445 antiquis
1195 1363 1389 1443 temporibus

138 1468 276 1543 saltatur,
296 1464 472 1545 depellenda
495 1471 540 1525 esa
563 1462 666 1542 iniqua
685 1482 737 1524 30.
779 1459 809 1514 et
822 1451 912 1513 variis
929 1451 959 1512 in
975 1450 1049 1512 locas
1064 1449 1169 1510 sactae.
1186 1444 1308 1509 Constat
1321 1467 1391 1510 au·
1457 1481 1458 1528 4

138 1549 562 1628 cusatioetomnissuspicio
585 1547 737 1608 exanimo
779 1543 851 1613 tem,
868 1535 1012 1598 librorum
1026 1531 1063 1596 N.
1080 1531 1113 1594 Τ.
1130 1532 1283 1594 versiones
1298 1535 1388 1596 mul·
1457 1539 1458 1548 ³

138 1634 337 1697 iudicantium
355 1631 541 1695 excutienda:
563 1630 736 1712 quotidem
779 1629 823 1682 aas
848 1628 878 1680 et
900 1617 1122 1716 spinosissimas
1147 1615 1272 1711 habear,
1301 1624 1388 1680 inter
1457 1667 1458 1700 3

138 1719 225 1781 nobis
251 1718 333 1780 eirca
360 1718 451 1779 libros
475 1716 510 1778 Ν,
532 1715 566 1776 Τ,
591 1715 735 1792 agendum
779 1722 852 1784 quas
866 1711 999 1765 emanent
1011 1719 1124 1782 syriaca
1136 1707 1166 1761 et
1184 1703 1286 1775 launa,
1300 1719 1387 1780 quae
1457 1757 1458 1786 q

139 1813 194 1865 est.
214 1803 329 1864 Nullam
349 1809 448 1882 autam
465 1801 496 1862 in
520 1799 566 1861 bis
587 1799 670 1860 lions
689 1798 736 1860 ta·
779 1788 837 1883 ian
862 1787 958 1868 priano
983 1771 1103 1882 saeculo
1127 1785 1221 1845 sacrae
1240 1793 1319 1845 suut·
1344 1785 1388 1847 At

137 1896 214 1948 agam
240 1886 331 1948 fuisse
356 1886 575 1965 eorrupfifflem
602 1902 656 1946 „00
681 1883 737 1944 dg.
778 1881 866 1932 etram
880 1871 954 1933 istae
964 1888 1117 1932 versiones
1128 1867 1227 1949 quoad
1238 1869 1388 1930 substan·

75 2001 80 2007 ·
139 1972 260 2047 mendo,
280 1989 335 2032 nec
353 1968 507 2045 mutando,
528 1987 583 2030 nec
600 1967 736 2046 interpo·
779 1955 927 2052 lilssllatss
948 1955 1188 2051 inlelsffstluffi
1208 1971 1274 2014 ⁰¹¹¹ss
1296 1961 1386 2016 imi!

137 2055 552 2136 land01)1umarpqmgqrg
568 2051 736 2133 criptam)
779 2040 915 2118 orvgrualv
929 2045 1131 2101 consentiunt.
1147 2035 1240 2108 Quam
1257 2037 1385 2100 firmum
1457 2061 1458 2116 3

138 2149 199 2200 tum
219 2156 257 2202 ea
274 2139 338 2218 ipsu
354 2139 553 2218 corruptionis
570 2137 736 2217 irnpossibv'·
778 2142 830 2203 1)Γο
842 2123 1012 2202 integritate
1023 2122 1166 2184 libfflfflffl
1179 2119 1213 2182 N·
1231 2119 1265 2181 T·
1284 2139 1385 2199 argu·

137 2224 219 2287 litata
237 2222 390 2304 probatur,
778 2215 910 2268 mentum
926 2207 972 2268 bic
991 2225 1153 2268 consensus
1172 2203 1327 2286 praebeat,
1343 2225 1384 2266 a·
1457 2225 1458 2268 3

546 2327 549 2334 ,
776 2292 876 2368 gnovit
893 2289 1383 2370 viracathnlicus'BrpmtvtsWul·

383 2351 412 2423 §-
437 2357 491 2405 ⁸⁰·
776 2373 1380 2456 tonate,quiaalBibliaProlegom.5,num.
1457 2373 1458 2386 ²

216 2461 236 2510 t.
250 2461 334 2508 claros
349 2462 375 2506 N·
390 2461 416 2506 l·
434 2462 537 2540 integras
551 2461 651 2520 probant
778 2461 796 2522 3
814 2460 855 2522 ita
877 2467 956 2523 recte
979 2459 1116 2540 scripsit:
1138 2477 1154 2519 v
1173 2455 1264 2518 lllirus
1283 2457 1381 2520 etiam
1457 2479 1458 2482 ¹

269 2539 287 2594 ἶ
317 2530 555 2586 ⁸‘ss⁰m⁰¹¹¹¹²⁰“¹¹⁰²¹·
718 2564 720 2568 ·
776 2543 942 2606 versionum
970 2561 1133 2606 cerasensus
1160 2543 1192 2604 in
1220 2539 1389 2621 omnibus,'
1457 2599 1458 2602 ,

178 2619 208 2687 Si
227 2622 327 2685 stricte
346 2621 427 2704 loqui
443 2623 579 2699 velimus,
597 2623 627 2684 in
646 2642 736 2703 prae·
777 2647 853 2709 quae
867 2628 903 2690 ad
919 2627 1006 2689 tidem
1021 2635 1051 2689 et
1064 2626 1191 2688 salutem
1206 2628 1382 2689 necessaria
1457 2649 1458 2652 ¹

136 2708 213 2770 senti
226 2707 399 2789 quaestione
411 2707 610 2788 probationon
622 2707 656 2768 ad
668 2727 734 2783 nm,
777 2721 847 2774 sunt
865 2713 953 2792 (raam
972 2711 1002 2772 iu
1022 2710 1088 2772 aliis
1108 2709 1318 2771 minutioribus
1339 2731 1381 2772 o·
1457 2787 1458 2792 ἵ

136 2792 189 2856 sed
208 2793 244 2855 ud
264 2791 446 2862 adversarios
464 2800 586 2872 speclei·
603 2789 684 2852 Libri
700 2811 735 2853 e·
777 2795 854 2858 mnis
872 2797 933 2858 lere
950 2795 1077 2857 varietas
1098 2794 1274 2872 consistit),
1296 2793 1382 2858 inter
1457 2799 1458 2802 ’

136 2877 197 2938 nim
217 2877 372 2938 cuiusdam
393 2875 550 2948 mutilatio,
570 2874 735 2956 interpola·
777 2899 879 2942 ornnes
897 2881 1023 2961 populos
1039 2879 1130 2940 tantis
1149 2888 1245 2940 terrae
1262 2879 1380 2940 maris·
1457 2881 1458 2884 ’

137 2961 190 3038 tio,
217 2969 268 3022 aut
292 2959 495 3022 substantialis
521 2959 645 3021 mutatio
667 2968 736 3021 sunl
776 2983 834 3044 que
846 2962 1148 3038 intercatiensem,
1161 2963 1283 3042 soloque
1296 2962 1400 3026 ains.¹
1457 2971 1458 2988 ³

136 3045 214 3107 lacta
233 3045 392 3116 historica,
412 3063 487 3123 quae
509 3063 567 3106 nova
594 3045 733 3123 supponi,
766 3049 841 3109 ¹clem
856 3049 923 3110 ladei
937 3047 1053 3109 vinculo
1068 3065 1227 3121 convreros,
1240 3046 1318 3106 clare
1332 3057 1380 3108 te·
1457 3049 1458 3102 ζ

136 3129 187 3190 setl
207 3128 326 3209 probari
342 3127 461 3189 debent.
477 3127 576 3190 Talem
592 3145 736 3188 revocor·
775 3140 881 3208 statur,
908 3131 1072 3192 doctrinam
1101 3131 1207 3192 borum
1235 3129 1378 3191 codicum

136 3213 306 3292 ruptionem
333 3210 556 3274 substantialem
580 3210 616 3272 ab
636 3210 735 3274 incre·
777 3235 834 3277 raon
857 3215 888 3276 in
906 3214 1049 3296 sapientia
1073 3215 1201 3274 bumana
1219 3213 1378 3275 suatavam

136 3295 215 3357 dulis
239 3296 322 3356 nullo
345 3295 432 3356 modo
457 3296 610 3376 probatam
630 3296 734 3374 luisse,
776 3317 852 3374 esse,
872 3300 924 3360 secl
943 3299 1116 3370 anctoritate
1137 3297 1236 3360 divina
1254 3297 1377 3358 stabili-

136 3398 170 3442 cx
191 3377 391 3441 obiectionum
415 3381 616 3446 consulatione
641 3398 735 3461 appa·
776 3393 848 3462 tam:
865 3401 990 3463 quorum
1007 3382 1190 3445 conservatio
1205 3388 1308 3444 contra
1322 3379 1377 3442 Sa·

137 3462 225 3524 rebit.
249 3460 387 3548 Quamvis
406 3473 503 3526 autem
525 3465 578 3526 bac
597 3465 633 3526 de
648 3484 735 3528 causa
777 3475 863 3528 tanae
875 3467 998 3547 eiusque
1009 3467 1167 3528 satellitum
1182 3467 1307 3540 furores,
1321 3465 1378 3545 qui
1457 3463 1458 3466 ’

138 3547 269 3627 prudens
287 3547 409 3609 dubium
429 3549 465 3610 tle
484 3549 628 3609 librorum
645 3547 681 3610 N.
700 3549 734 3613 T.
753 3623 755 3628 Ι
776 3569 897 3613 eosnon
913 3559 1025 3612 tantum
1040 3568 1241 3630 corrumpere,
1257 3549 1307 3609 sed
1323 3568 1378 3629 pe·

119 3631 305 3708 ‘integritate
330 3632 430 3694 baberi
457 3651 516 3719 non
541 3633 650 3711 possit,
671 3652 735 3696 cam
754 3629 756 3634 ’
777 3636 856 3698 nitus
884 3634 1004 3697 abolere
1033 3634 1102 3696 totis
1130 3633 1242 3695 viribus
1273 3633 1378 3694 conati

140 3724 236 3778 tamen
247 3716 429 3794 argumentis
439 3715 549 3778 criticis
561 3715 735 3794 eripuimus,
777 3727 864 3795 sunt,
885 3727 987 3798 aperte
1013 3736 1114 3780 eornm
1134 3716 1276 3796 originem
1295 3711 1375 3777 divi-

138 3808 169 3862 ut
188 3800 268 3860 omni
288 3799 478 3862 haesitationi
491 3799 537 3859 via
551 3800 750 3864 occludatura
777 3819 844 3864 num
864 3802 1001 3882 probant.
1022 3801 1179 3864 Erroribus
1197 3802 1304 3874 etiam,
1321 3800 1377 3880 qui

180 3884 209 3944 l.
231 3882 330 3946 Critici
349 3882 457 3945 librum
477 3882 623 3962 integrum
644 3893 673 3946 et
688 3885 737 3946 in·
778 3904 812 3946 ex
838 3886 1025 3948 librariorum
1038 3885 1187 3959 inscitia,
1211 3884 1327 3948 incuria
1345 3886 1380 3944 et

139 3976 310 4048 corruptum
327 3969 477 4046 reputant,
493 3965 518 4028 si
534 3967 667 4030 eiusdem
684 3989 737 4030 co·
778 3969 913 4046 audacia,
926 3972 971 4032 vel
990 3969 1206 4032 baereticorum
1221 3967 1324 4030 'fraude
1337 3967 1378 4028 ir·
1457 3985 1458 3988 ’

138 4050 219 4114 dicos
231 4049 429 4131 antiquissimi
443 4069 510 4112 cum
522 4051 739 4116 recervtioribus
778 4069 882 4132 repere
898 4073 1033 4133 possunt,
1047 4053 1192 4114 obviatur.
1207 4051 1277 4114 Nam
1294 4051 1377 4132 quovl

139 4135 226 4214 plane
234 4134 330 4214 quoatl
342 4133 537 4196 substantiam
545 4136 736 4198 conveniunt.
778 4137 809 4198 in
828 4157 887 4198 una
904 4137 1004 4214 lingua
1023 4139 1099 4206 sorte
1117 4137 1287 4213 contingere
1306 4143 1378 4216 pot-

140 4217 230 4296 Atqui
257 4218 281 4278 si
309 4218 509 4297 antiquissimi
524 4264 532 4293 ‚
553 4220 602 4298 qui
631 4219 738 4280 detecti
779 4229 833 4294 est,
846 4221 876 4280 in
890 4230 929 4281 tot
944 4221 1104 4302 perorbem
1116 4220 1299 4282 versionibus
1311 4218 1378 4279 sveri

141 4303 273 4378 luerunt,
292 4311 320 4362 et
337 4302 369 4362 in
383 4302 471 4364 variis
487 4301 679 4365 Bibliotlrecis
692 4321 739 4366 re·
779 4322 837 4364 uon
850 4314 957 4384 potest.
971 4305 1128 4368 Praeterea
1138 4304 1306 4366 versionum
1319 4321 1378 4364 an·
