2930 4736
208 183 268 248 aaa
606 199 792 246 moncons
811 197 973 244 cnuenams

164 279 209 346 lla
220 279 361 344 Claudius
376 277 668 346 contraBessuetum
680 297 770 359 argu·
809 295 880 356 ergo
897 275 1116 356 paralleliamus
1131 276 1261 354 ualeret,
1283 279 1416 360 pmmis-

165 373 317 428 urentatus
329 374 386 428 est.
809 361 853 424 sio
871 359 981 426 Christi
998 361 1035 422 de
1056 372 1150 424 morte
1168 367 1316 442 corporali
1335 383 1416 426 con-

206 450 292 528 Reap.
315 447 413 512 Facile
425 457 489 523 est,
505 465 612 526 magno
624 446 768 508 Bossucto
808 453 853 507 tra
876 445 982 506 fideles
999 463 1059 506 non
1081 448 1280 526 praevalitura
1294 446 1414 512 inlelli-

166 533 253 608 ducc,
275 531 473 604 abiectionem
486 532 573 594 istam
592 531 718 594 solvere.
734 530 767 610 a)
807 530 904 607 peuda
916 534 1005 603 esset,
1020 530 1103 608 qnod
1121 548 1209 592 nemo
1222 549 1318 592 sanae
1329 551 1416 594 men·

163 617 300 682 Christus
317 617 398 678 enim
413 617 603 697 promissioni
616 633 689 678 snae
701 615 768 674 aul-
808 613 846 676 lis
858 613 1012 676 concedet.
1024 611 1127 694 Neque
1142 614 1231 676 rerba
1248 614 1360 678 Christi
1375 617 1413 680 de

162 702 221 764 laur
241 701 443 766 conditionem
465 700 626 780 apposnit,
646 716 718 775 ergo
735 707 767 760 cl
807 697 1048 778 praesentatione
1065 696 1195 760 fidelium
1212 718 1230 761 a
1245 710 1344 762 morte
1359 720 1413 764 ae·

163 785 251 851 nubis
262 785 342 848 illam
359 803 510 866 apponere
523 803 582 846 non
599 784 679 844 lieet.
696 781 768 844 Pro-
807 791 903 858 lerna,
920 799 973 844 seu
992 781 1028 844 de
1046 782 1174 859 gloriosa
1188 785 1413 850 resurrectione

164 870 267 932 missio
284 867 391 934 Christi
410 870 447 930 de
459 878 603 950 perpetua
614 867 766 930 Ecclesiae
805 865 931 945 intelligi
950 875 1085 947 possunt,
1108 863 1243 928 Christus
1260 868 1345 930 enim
1365 869 1411 932 lo-

164 954 322 1017 duralioue
336 953 473 1015 absoluta
487 963 545 1027 est,
561 970 632 1028 erge
648 958 678 1011 et
692 969 765 1032 pro·
806 949 909 1031 quitur
919 951 956 1012 de
971 949 1105 1012 Ecclesia
1123 949 1244 1024 visibili,
1261 969 1357 1033 quam
1369 953 1412 1016 id·

163 1038 266 1100 missio
275 1037 311 1098 de
323 1037 473 1100 Ecclesiae
485 1035 697 1100 inlellibililalc
712 1035 765 1095 alr·

163 1123 260 1184 soluta
282 1121 340 1197 sil,
361 1129 497 1202 oportet,
516 1137 578 1182 uua
596 1120 676 1191 enim
696 1137 763 1180 cum

162 1207 254 1268 altera
269 1206 375 1276 intimo
389 1225 465 1268 nean
481 1205 632 1266 cohaeret.
643 1203 675 1284 b)
689 1203 766 1265 Con-

161 1290 235 1352 ditio
263 1290 399 1368 apposita
423 1307 513 1368 scopo
530 1287 638 1351 Elaristi
656 1287 766 1348 adver-

162 1383 255 1436 satur.
277 1373 346 1436 ldeo
361 1374 441 1440 cuitu
462 1372 595 1436 Christus
619 1372 764 1434 assisten-

161 1459 233 1522 tiam
253 1459 383 1519 divinam
405 1458 561 1537 promisit,
582 1462 614 1518 ut
638 1457 763 1536 Aposto-

161 1542 206 1606 los
225 1543 263 1604 de
280 1560 334 1602 suo
347 1541 482 1604 discessu
496 1542 657 1618 solaretur,
669 1541 765 1620 ipsos·

161 1644 220 1706 que
238 1626 273 1688 ad
301 1625 506 1702 grauissimum
533 1626 764 1707 praedicationis

160 1729 270 1771 munus
284 1709 408 1772 idoneus
423 1712 563 1772 alliceret.
577 1708 695 1770 Nullum
712 1728 765 1770 au·

160 1801 219 1854 tem
240 1813 293 1874 pro
312 1794 476 1856 rudiltuset
489 1794 600 1856 timidis
614 1793 763 1874 Apostolis

160 1879 298 1940 solatium
317 1878 424 1940 luisset
447 1881 544 1954 scire,
564 1878 712 1940 Clarislum
733 1887 762 1938 et

161 1959 303 2043 Spiritum
323 1960 353 2024 S.
375 1963 431 2024 sibi
450 1963 565 2036 adessa,
583 1963 607 2023 si
627 1981 696 2022 vera
716 1969 762 2022 te·

160 2057 251 2108 neaul
269 2056 298 2109 et
309 2047 447 2121 doceant,
461 2065 519 2108 non
535 2057 634 2106 aulem
646 2054 680 2106 ul
692 2063 762 2106 uera

159 2138 283 2192 teneam
295 2138 324 2192 el
343 2131 480 2192 doceant.
499 2129 700 2210 sibimetipsis
716 2148 764 2189 re·

160 2214 221 2279 licti
250 2231 368 2295 semper
385 2215 491 2276 timere
515 2213 707 2288 debuissent,
725 2231 762 2274 ne

161 2297 301 2362 aberrent
317 2307 346 2360 et
366 2298 496 2360 divinam
515 2298 713 2360 assistentiam
726 2317 759 2358 a·

142 2381 291 2445 miltant.
313 2383 342 2462 c)
362 2382 495 2445 Christus
519 2391 672 2462 praeterea
690 2401 762 2463 pro-

160 2466 319 2530 missiones
330 2468 496 2546 praedictas
506 2466 576 2526 lecit
591 2486 653 2528 non·
664 2469 760 2528 solum

160 2565 215 2631 pro
228 2551 306 2614 bano
319 2552 542 2630 Apostolorum,
556 2551 607 2612 sed
621 2571 674 2632 pro
684 2551 762 2613 bono

161 2635 295 2700 curulum
319 2635 510 2709 ddclium,ut
529 2635 610 2696 omui
630 2644 762 2716 tempore

160 2729 271 2782 certem
292 2719 366 2782 fidei
380 2719 513 2796 regulam
537 2719 683 2794 habeant,
701 2721 761 2780 imo

162 2813 190 2866 et
202 2821 255 2884 pro
268 2803 332 2884 ipso
345 2803 643 2875 bunolluuelatiouis,
658 2814 689 2864 ut
699 2805 762 2884 ipsa

160 2907 279 2970 semper
297 2887 470 2968 incorrupta
484 2897 615 2950 maneat.
632 2886 763 2968 Uterque

161 2981 260 3033 autem
278 2971 347 3035 linis
364 2989 419 3054 per
437 2971 651 3052 promissiones
666 2973 762 3052 hypo·

162 3056 289 3118 tlaeticas
311 3074 371 3118 non
387 3055 592 3131 obtineretur3
612 3075 709 3136 neque
727 3075 762 3118 c·

160 3141 221 3200 nim
245 3139 346 3200 fideles
362 3140 539 3202 docentibus
562 3148 624 3201 tuto
640 3141 763 3220 acquie-

160 3241 243 3284 scere
254 3231 384 3302 possent,
393 3223 418 3286 si
430 3224 513 3303 prius
525 3223 761 3302 investigandum

160 3307 248 3378 soret,
268 3325 306 3366 an
324 3317 405 3370 recta
422 3310 562 3383 doceant,
582 3326 637 3369 nec
655 3328 705 3370 ne.

806 1053 841 1096 eo
859 1034 996 1097 aedilicio
1016 1052 1081 1096 ase
1098 1036 1277 1098 exstruendo
1291 1055 1412 1118 compa·

804 1127 861 1179 rat:
882 1127 927 1180 ast
946 1137 1005 1182 uon
1025 1137 1141 1192 ouranos,
1160 1121 1210 1200 qui
1230 1119 1343 1184 Clrristi
1363 1121 1409 1186 di-

804 1203 956 1265 rinitalcm
977 1203 1169 1283 profitentur,
1192 1211 1224 1266 cl
1242 1222 1333 1266 uerae
1352 1207 1410 1270 Ec-

804 1287 914 1350 clesiae
933 1287 1120 1349 adnumerati
1145 1297 1239 1364 sunl,
1266 1305 1284 1350 a
1313 1300 1412 1354 morte

804 1380 926 1434 aeterna
948 1371 1133 1452 praeservari
1159 1379 1188 1433 et
1211 1373 1341 1451 gloriose
1361 1393 1411 1436 re-

804 1465 993 1517 surrecturos
1013 1473 1092 1529 esse,
1112 1455 1142 1516 in
1162 1457 1301 1518 confesso
1316 1469 1410 1520 esta-

805 1540 864 1620 ppd
888 1557 1004 1602 oannes.
1019 1573 1063 1586 -
1079 1536 1161 1602 Sicut
1184 1541 1309 1603 nornine
1333 1542 1411 1606 inle-

804 1642 904 1685 rorum
922 1624 1005 1685 uaria
1021 1622 1240 1702 intelliguntur,
1255 1625 1303 1688 sic
1318 1629 1408 1688 etiam

805 1717 907 1789 portae
935 1707 1024 1770 inseri
1047 1728 1107 1770 non
1135 1709 1166 1770 iu
1198 1727 1257 1770 uno
1288 1728 1411 1791 semper

804 1811 892 1854 seusu
917 1793 1110 1873 accipiendae
1136 1801 1217 1854 sard.
1244 1792 1411 1871 indigitant

803 1895 874 1938 sane
895 1886 1031 1953 mortem,
1052 1896 1106 1939 seu
1123 1878 1310 1957 sepulcrum,
1331 1899 1410 1959 quo-

803 1962 901 2035 niam,
925 1961 977 2042 qui
998 1962 1124 2022 moritur
1145 1961 1224 2024 radit
1250 1963 1286 2022 ad
1307 1971 1409 2042 portas

803 2046 904 2121 inseri,
921 2045 942 2106 i.
967 2063 995 2106 c.
1015 2046 1097 2106 venit
1123 2044 1332 2118 inditionem,
1357 2067 1409 2108 seu

803 2138 979 2209 potestatem
988 2130 1165 2190 inferorum.
1179 2129 1251 2192 Cum
1262 2140 1366 2193 autem
1378 2132 1408 2192 iu

802 2212 901 2275 verbis
918 2212 1026 2276 Christi
1040 2221 1145 2294 portua
1166 2213 1259 2292 iaafcri
1292 2234 1354 2276 non
1377 2216 1408 2276 ln

804 2299 859 2360 laec
881 2313 969 2358 sensu
987 2298 1081 2379 accipi
1098 2299 1232 2379 possint,
1246 2307 1330 2362 certe
1349 2319 1409 2360 non

802 2381 970 2459 indigitant,
981 2381 1039 2444 nisi
1053 2391 1213 2463 potestates
1227 2383 1407 2459 interorum,

802 2467 824 2528 i.
846 2485 873 2527 e.
894 2467 1097 2541 daemonum,
1116 2466 1280 2546 quiregno
1302 2468 1409 2530 diuino

805 2551 908 2612 morali
928 2551 1055 2612 maxime
1077 2551 1285 2612 adversantur.

846 2635 910 2698 dut.
924 2635 954 2695 5.
966 2634 1133 2698 Daeanones
1145 2635 1298 2696 Ecclesiae
1309 2655 1409 2698 mem-

803 2718 857 2780 bra
876 2738 934 2779 non
953 2721 1049 2780 solum
1069 2719 1100 2780 in
1118 2737 1236 2782 errores
1254 2721 1410 2800 pertrahe-

804 2821 848 2878 re,
868 2802 919 2864 scd
940 2804 1030 2864 etiam
1054 2803 1083 2863 in
1104 2813 1226 2884 peccata
1253 2805 1408 2884 praccipi-

805 2897 867 2950 tare
884 2897 1041 2948 conantur.
1062 2885 1093 2948 Si
1112 2906 1181 2966 ergo
1198 2899 1303 2969 portae
1319 2889 1408 2950 inl'cri

804 2972 944 3032 adversus
963 2971 1126 3034 Ecclesiam
1143 2991 1297 3052 auraquam
1318 2992 1409 3052 prac-

804 3056 958 3130 uelerenl,
982 3056 1085 3118 fideles
1114 3057 1260 3117 etiamad
1285 3066 1409 3136 peccata

804 3157 857 3220 per
875 3141 1036 3202 daemones
1056 3159 1115 3201 non
1127 3140 1359 3202 inducerentur:
1378 3142 1407 3200 id

804 3241 874 3287 vero
897 3224 1171 3304 saepissimc'licri,
1187 3224 1332 3288 Catholici
1351 3227 1408 3305 ipsi

803 3308 946 3370 latentur.

169 3429 173 3439 ι
204 3389 269 3452 ott.
289 3389 320 3451 l.
341 3389 398 3452 Per
417 3401 519 3470 portus
537 3391 632 3472 inseri
647 3393 694 3472 (l)
710 3393 760 3454 in·
844 3393 929 3472 Rcsp.
947 3391 1081 3456 Christus
1098 3391 1127 3453 in
1144 3393 1209 3454 laco
1229 3392 1356 3454 adducto
1368 3391 1409 3452 si-

160 3473 321 3552 telligenda
341 3482 385 3536 est
407 3493 505 3551 mors,
526 3475 568 3538 uti
588 3486 704 3540 constat
727 3496 763 3540 ex
803 3494 841 3538 nc
855 3475 946 3540 dubio
959 3475 1406 3540 Ecclesiaeindefectibilitatem

160 3556 234 3618 locis
256 3559 406 3636 parallelis
417 3558 477 3638 (E).
498 3559 570 3624 Cum
590 3579 661 3638 ergo
675 3560 762 3624 Clari·
804 3560 951 3641 promisit.
970 3561 1102 3622 Ecclesia
1121 3569 1219 3622 aulem
1241 3561 1405 3634 deficeret,

160 3641 231 3704 stus¹
243 3641 315 3702 dicit
327 3641 363 3702 de
382 3643 527 3706 Ecclesia:
548 3645 655 3707 Portae
670 3646 764 3725 inseri
804 3643 829 3705 si
847 3644 877 3708 in
894 3661 1010 3705 errores
1023 3645 1178 3706 doctrinae
1192 3644 1302 3708 Christi
1315 3664 1409 3725 oppo-

161 3741 223 3791 aon
238 3727 452 3805 promotorum
468 3731 700 3805 advocatiarum,
718 3730 763 3791 luis
804 3728 878 3790 sitos
896 3728 1112 3809 prolaberetura
1127 3747 1187 3790 non
1196 3729 1296 3792 delicit
1307 3742 1407 3790 autem

159 3809 258 3873 uerbis
268 3811 436 3891 pollicetur,
448 3824 572 3894 mortem
587 3824 691 3876 con¹ra
703 3814 763 3876 Ec·
805 3812 830 3874 si
847 3813 948 3892 aliqua
965 3813 1059 3892 ipsius
1076 3813 1211 3876 memltra
1229 3814 1259 3876 in
1285 3821 1409 3894 peccata

161 3895 283 3958 clesiaua
298 3914 356 3957 non
367 3899 594 3976 praevaliturum
605 3899 762 3980 esse,quia
807 3897 1013 3975 prolabuntur.
1035 3894 1113 3960 Sane
1136 3896 1290 3958 Ecclesiae
1310 3915 1408 3960 unem-

161 3980 265 4045 fideles
282 3989 438 4059 resurgent
455 3982 593 4058 gloriose.
804 3980 866 4042 uris
889 3979 1011 4043 libertas
1037 3999 1097 4042 noa
1124 3980 1287 4057 adimitur,
1309 4000 1370 4061 qua
1392 3999 1409 4040 n

168 4113 173 4120 .
202 4064 289 4142 Resp.
303 4061 335 4124 ln
350 4065 423 4126 locis
438 4065 589 4146 parallelis
600 4065 698 4127 citatis
711 4083 764 4147 per
805 4063 884 4126 bono
899 4065 1029 4126 delicere
1047 4065 1173 4146 possint,
1187 4073 1217 4126 el
1234 4085 1326 4146 saepe
1340 4065 1412 4126 dell·

162 4155 263 4226 portas
280 4147 369 4210 inleri
397 4148 573 4226 intelligitur
597 4167 677 4210 mors
696 4168 763 4212 cor,-
806 4149 897 4210 ciant.
912 4147 1046 4212 Christus
1061 4151 1125 4230 ipse
1143 4150 1289 4229 praedixit
1308 4151 1338 4210 iu
1357 4149 1412 4212 Ec·

162 4229 244 4308 poris
262 4237 292 4289 et
309 4229 472 4294 descensus
490 4233 522 4292 iu
540 4234 725 4310 sepulcrum3
738 4235 763 4296 si
807 4233 896 4294 clesia
920 4251 975 4294 sua
994 4243 1165 4314 peccatores
1183 4251 1306 4314 quicque
1324 4234 1411 4294 lutu-

193 4327 411 4391 (cluniacens.
471 4333 684 4396 (cursantem.
696 4337 764 4395 (με,
806 4335 855 4377 ros
874 4335 951 4396 esso,
974 4319 1044 4378 ideo
1066 4336 1130 4380 eam
1157 4333 1227 4397 agro
1250 4333 1409 4400 compara·
