2918 4734
443 179 518 227 runs
535 181 568 226 ιι.
588 179 691 227 sncrro
706 183 727 226 ι.
743 179 842 226 curer
859 181 892 226 ιι.
1201 161 1260 226 ldl

76 275 142 341 qnae
157 257 264 322 millies
282 259 340 323 iarn
357 261 472 324 solutae
486 269 565 323 sunt.
583 260 614 324 ld
630 279 662 324 e·
700 260 871 324 scandentis
883 259 1056 342 penultimi,
1067 279 1085 322 a
1096 256 1127 326 S.
1141 257 1221 324 Luca
1232 275 1301 326 nero

75 344 126 404 nin
142 342 197 406 iam
216 345 367 426 praestitit
380 347 412 410 S.
428 345 616 426 depretiare
630 346 661 406 in
701 346 780 406 hllus
793 345 861 408 Heli
876 363 895 408 a
914 344 1096 410 zorobabele
1113 344 1300 408 descenden-

75 426 167 488 relehri
184 447 280 509 opere
297 429 334 491 de
358 448 505 492 consensu
524 429 661 510 Euange·
700 429 738 490 tis
757 447 811 510 per
823 430 915 504 licam
929 436 1017 510 atque
1034 429 1066 491 iu
1085 428 1131 492 his
1148 429 1300 492 contradi·

72 509 210 588 listerum3
231 519 263 573 et
283 513 360 575 idem
382 513 592 594 praestiterunt
610 513 661 576 alii
700 513 828 578 ctionem
848 532 914 577 esse
933 531 1021 576 uerna
1040 513 1171 590 negabit.
1188 509 1240 576 llis
1254 533 1299 576 ac·

71 593 168 674 Patres,
180 595 327 678 'lheologi
340 606 372 660 et
385 596 417 660 S.
433 593 602 680 Scripturae
618 598 662 660 in·
699 597 798 673 cedit,
822 598 902 679 quod
919 606 1110 660 recenseatur
1128 596 1299 676 genealogia

70 685 216 760 tapetes,
241 689 278 742 ut
302 699 347 744 ex.
369 700 412 759 gr.
435 682 564 759 calmet,
582 683 659 747 Gor·
700 681 829 762 losephi,
852 701 910 744 non
929 691 1029 744 autem
1046 682 1173 757 Mariae,
1191 697 1230 746 aa
1243 699 1300 760 aaa

69 763 152 825 nrlr'rrs
169 765 328 844 chapitle,
347 766 461 842 Esaias,
478 767 661 830 Laurentius
698 774 788 830 notar
800 775 840 828 cst
857 767 950 828 horas:
962 774 993 828 et
1006 767 1031 828 si
1047 766 1219 828 admittatur
1233 784 1298 830 eant

71 846 143 910 tata
154 848 212 930 (l).
228 848 471 924 Ceterum‚utait
482 849 523 913 at.
540 851 659 915 lieder-
699 849 887 914 descendisse
905 871 922 912 a
940 849 1063 925 havide,
1080 851 1183 912 saltem
1199 867 1235 911 ex
1247 867 1300 928 ge·

69 949 148 994 mann
164 932 232 1013 (h),
256 953 273 994 r
294 934 412 995 etiamsi
438 934 469 995 in
495 931 660 1014 Evangeliis
699 934 831 1010 nealogia
844 933 944 996 Lucae
958 943 1051 1015 patet,
1064 935 1142 1014 quod
1157 952 1175 995 a
1190 932 1299 996 havide

70 1016 249 1078 conciliandis
257 1018 403 1096 quaedam
413 1020 661 1081 remanerentoh·
697 1017 884 1079 descenderit
900 1036 959 1080 non
974 1037 1027 1098 per
1038 1018 1233 1095 Salomonem,
1246 1017 1298 1082 sed

71 1116 159 1178 scura,
176 1101 206 1162 id
228 1101 306 1162 nihil
326 1102 465 1182 probaret
482 1112 585 1164 contra
603 1121 659 1165 eo·
698 1102 1001 1182 perNatlmacm;sed
1015 1101 1182 1188 benedictio
1194 1100 1298 1164 Davidi

69 1199 123 1242 rum
148 1186 358 1248 veracitatem.
390 1185 461 1248 Cum
491 1187 570 1248 enirn
600 1189 659 1250 alia
698 1186 1297 1265 promissaeratinSalomone‚·ergonon

68 1273 220 1348 temporum
248 1269 368 1331 illorum
392 1281 584 1332 monumenta
602 1273 658 1334 de·
697 1270 820 1332 solvitur
836 1270 1004 1334 difficultas.

68 1349 131 1428 sint,
149 1373 217 1414 cnm
242 1371 336 1429 usus,
361 1372 458 1415 mores
476 1364 505 1416 et
523 1355 658 1417 instituta
748 1355 834 1432 Resp.
863 1351 952 1416 Varia
978 1355 1163 1432 genealogias
1190 1353 1298 1421 Christi

67 1432 134 1496 illius
149 1437 259 1499 aetatis
274 1455 291 1498 a
307 1440 415 1500 nostris
430 1439 599 1516 longissime
612 1441 659 1500 di·
697 1439 875 1500 conciliandi
897 1438 990 1501 initur
1008 1440 1064 1500 ria.
1084 1437 1177 1502 [lnam
1198 1439 1245 1504 hia
1260 1458 1297 1502 a·

67 1527 141 1596 stent,
161 1521 234 1601 quid
256 1523 377 1596 mirum,
394 1523 419 1584 si
438 1524 582 1603 quaedem
605 1541 657 1585 oc·
697 1522 880 1598 aenaeanus,
895 1541 984 1602 quarn
1006 1523 1113 1602 passim
1131 1532 1298 1604 sequuntur

66 1614 172 1666 comant
191 1606 338 1686 impedita
349 1615 379 1668 et
392 1607 537 1688 explicatu
553 1607 659 1670 dilhci·
696 1606 876 1668 recentiores
890 1606 1078 1687 interpretes.
1097 1606 1228 1668 Dicimus
1243 1606 1298 1684 igi·

66 1683 147 1749 lia‘ls
167 1687 285 1751 Sufficit
303 1689 434 1771 proiecto
453 1691 552 1768 nohis,
571 1701 604 1752 ut
622 1710 657 1753 o·
699 1697 746 1750 tur
764 1690 795 1750 ιο
812 1689 999 1754 Salothlalem
1020 1689 1112 1752 salium
1133 1691 1223 1756 luisse
1244 1711 1295 1752 ae·

66 1772 249 1851 stendamus,
270 1793 330 1836 non
349 1774 413 1837 dari
431 1783 561 1856 apertam
582 1782 657 1837 coh·
696 1791 761 1834 rurn
781 1785 811 1836 et
829 1775 993 1836 naturalem
1011 1775 1176 1848 lccloont'ae,
1196 1784 1228 1836 ut
1246 1775 1298 1836 ha-

65 1855 283 1934 oratiotionem,
305 1875 395 1940 qnam
418 1859 546 1941 probare
563 1859 657 1922 dehe-
698 1856 747 1919 laet
764 1854 801 1920 S.
812 1855 989 1934 Matthaeus,
1006 1858 1057 1938 qui
1072 1859 1218 1938 expressis
1232 1879 1297 1920 ver-

66 1947 123 2000 rent
138 1940 321 2019 aduersarii,
342 1943 394 2004 sed
414 1961 565 2026 nunquam
586 1964 658 2025 pro·
697 1939 743 2003 bis
762 1941 822 2002 ait:
842 1943 993 2006 lethoaias
1009 1943 1113 2022 pendit
1136 1942 1298 2020 salathiel,-

66 2016 126 2084 lare
144 2035 300 2105 poterunt.
320 2023 390 2089 Sola
409 2027 579 2107 ignorantia
596 2047 659 2090 mo·
696 2025 822 2088 eundem
838 2037 936 2088 autem
952 2027 1046 2090 luisse
1061 2027 1152 2088 hlium
1167 2027 1242 2091 Neri
1254 2028 1298 2090 le-

68 2103 111 2181 di,
131 2127 189 2188 qno
214 2110 350 2190 praecise
367 2112 511 2192 quaedam
534 2113 611 2175 lacta
627 2123 658 2176 et
695 2110 902 2186 galemanius
918 2111 1007 2178 attam
1024 2109 1141 2174 unicam
1158 2110 1293 2192 daranah

67 2187 131 2250 licta
148 2191 231 2254 inter
248 2211 280 2256 se
298 2196 484 2258 concilianda
506 2197 576 2272 sint,
596 2217 655 2260 raon
695 2211 762 2254 curn
782 2195 861 2256 enim
880 2196 956 2258 Neri
972 2195 1048 2257 salios
1067 2213 1125 2256 non
1145 2193 1294 2274 habuerit,

68 2273 144 2336 officit
159 2277 324 2340 sinceritati
341 2282 532 2362 scriptorum,
544 2301 598 2343 nec
609 2301 658 2343 ve·
695 2278 795 2341 antusia
809 2279 1005 2340 successionis
1019 2277 1083 2339 iura
1099 2278 1135 2340 ad
1147 2278 1295 2351 samare-

68 2355 134 2419 riteti
149 2361 309 2424 lactarunt.
324 2361 360 2424 Ut
373 2378 470 2426 autem
486 2375 598 2446 pateat,
611 2366 656 2427 in·
694 2362 750 2424 lam
762 2363 952 2433 transierunt,
968 2363 1020 2442 qui
1039 2362 1106 2436 ideo
1122 2363 1152 2424 in
1167 2364 1232 2428 eius
1246 2384 1296 2443 ge·

68 2438 139 2504 hrma
155 2463 221 2506 esse
236 2465 314 2526 quae
330 2447 387 2509 hac
403 2448 433 2508 in
450 2467 481 2509 re
497 2448 534 2510 ah
548 2451 656 2512 adver·
694 2447 857 2522 analogiam
875 2446 1028 2524 successit.
1045 2445 1147 2526 ltaque
1161 2448 1294 2516 aorato-

69 2525 142 2588 sariis
158 2529 355 2605 obiiciantur,
376 2533 550 2613 praecipuas
568 2553 656 2614 quas·
694 2531 748 2604 aa,
769 2531 848 2597 attus
869 2531 974 2592 unicus
990 2531 1168 2605 salathielis
1184 2532 1296 2614 duplici

68 2605 124 2668 dam
149 2611 339 2676 dillioultates
362 2616 399 2677 ah
427 2616 531 2678 iisdem
562 2629 657 2680 motas
696 2613 781 2675 titulo
807 2615 885 2676 sullus
910 2615 1296 2698 eratDaaid;pri1noper

69 2694 264 2774 cnodahimus3
277 2700 379 2779 plures
391 2701 469 2760 enim
484 2702 513 2762 in
529 2701 655 2765 decursu
695 2697 881 2761 Salomonem
898 2717 933 2759 er
959 2707 1040 2778 parte
1064 2699 1173 2778 patris,
1194 2708 1223 2762 et
1241 2721 1296 2781 per

68 2771 234 2860 Theologiae
254 2781 433 2846 theoreticae
450 2792 511 2845 tum
528 2804 656 2864 genera·
694 2781 816 2844 Nathan
834 2801 868 2842 ex
886 2791 969 2862 parte
988 2783 1100 2844 matris.
1118 2782 1294 2850 Marcha-

68 2856 109 2937 lis,
126 2871 184 2925 turn
204 2866 345 2946 specialis
361 2868 521 2930 solventur.
695 2865 756 2939 del,
776 2865 826 2946 qui
850 2866 977 2944 duplicis
999 2867 1100 2946 stirpis
1124 2867 1189 2927 iura
1212 2867 1242 2928 in
1261 2887 1294 2931 se

104 2943 162 3008 Oli.
182 2950 214 3011 5.
235 2948 375 3030 Apertam
391 2953 654 3014 contradictionem
696 2949 1295 3031 collegit,eaduohushllisreliquit5quo·

68 3032 220 3107 reperimus
231 3032 262 3094 in
275 3034 657 3114 duplicigenealoginilhri·
696 3052 759 3094 rum
780 3033 874 3106 unhs,
894 3051 1000 3112 nempe
1019 3031 1133 3108 Aetna,
1151 3036 1292 3110 genealo-

68 3110 115 3186 stl‚
132 3133 256 3194 quarum
281 3119 402 3180 alteram
421 3116 454 3182 S.
479 3119 654 3200 Matthaeus,
694 3113 771 3194 'giam
792 3116 910 3178 havidis
929 3135 981 3196 per
994 3117 1191 3192 micenarum,
1205 3119 1289 3196 alter,

68 3192 177 3261 alteram
192 3199 224 3263 S.
244 3200 339 3264 Lucas
358 3202 524 3284 descripsit.
541 3203 584 3267 lta
598 3227 655 3268 au·
695 3200 1294 3284 nesaataas,geneatagian1navituspsr

71 3284 119 3339 hm
137 3283 214 3347 inter
230 3303 264 3346 se
282 3295 414 3366 pugnant
431 3287 479 3349 isti
497 3289 655 3367 Evangeli·
694 3285 860 3347 Notionem
883 3283 920 3344 ad
947 3292 1078 3364 posteros
1104 3285 1292 3366 produceret.

68 3369 137 3442 stae,
157 3377 189 3431 ut
214 3369 399 3451 impossibile
420 3372 476 3449 sit,
496 3382 655 3454 utrumqne
695 3367 756 3430 llae
777 3368 854 3430 duae
871 3368 980 3448 stirpes
999 3367 1027 3428 in
1048 3369 1166 3448 losepho
1186 3370 1293 3434 iterum

71 3463 127 3508 nera
143 3469 275 3514 narrare.
292 3453 364 3514 Nam
381 3454 460 3516 iuxta
475 3455 653 3519 llntthaeum
695 3452 871 3515 coniunctae
884 3461 964 3514 sunt.
977 3451 1202 3532 laaepitaenim
1217 3457 1295 3518 lulius

70 3527 198 3600 tentata
220 3537 276 3598 tuit
298 3537 566 3617 salins'lcaltanr'ae.
585 3543 655 3622 qnia
696 3547 759 3598 erat
776 3536 919 3598 naturalis
932 3537 1040 3612 locali,
1057 3548 1086 3600 et
1101 3538 1178 3600 itlius
1192 3539 1294 3616 legalis

71 3614 198 3682 thasiae
219 3640 272 3702 per
288 3621 471 3686 Salomonem
487 3625 653 3696 descendit.
696 3639 729 3682 ac
747 3622 902 3701 adoptivus
920 3621 987 3684 Hali
1005 3621 1069 3701 (ιριι
1089 3623 1176 3687 etiam
1192 3624 1294 3688 Helia·

71 3691 94 3790 S..
105 3696 194 3766 huces
209 3705 336 3766 eundern
350 3707 491 3770 Salalhr'cl
505 3710 594 3770 tilium
611 3711 657 3771 di·
695 3707 752 3769 cim
767 3706 810 3766 vel
824 3705 953 3768 lancium
967 3706 1154 3789 vocahatnr),
1170 3708 1242 3785 quia
1257 3708 1293 3768 h-

49 3855 51 3870 .
70 3791 101 3839 cn
113 3783 183 3849 Ncri
202 3788 343 3852 aDaride
358 3809 411 3872 per
423 3793 591 3855 Nerienem
605 3797 657 3856 aa.
696 3790 764 3851 liarn
790 3789 855 3850 eius
881 3789 998 3854 uranicam
1016 3791 1148 3854 Mariam
1173 3807 1293 3852 uxorem

50 3871 258 3934 'scandentem
284 3871 367 3934 quta
389 3885 549 3958 utrumqne
567 3877 655 3941 Snln·
695 3873 829 3934 claruerat.
849 3873 881 3934 3ο
899 3861 1100 3949 Enarugellstne
1117 3873 1229 3951 loscplti
1241 3891 1293 3949 ge·

72 3947 129 4012 tata
150 3957 252 4030 genuit
275 3959 455 4035 Zorodahol,
476 3970 541 4041 post
564 3981 654 4042 quaem
695 3955 859 4034 nealoginm
895 3957 1115 4036 descripserunt
1149 3955 1293 4018 servando

73 4033 158 4096 cadem
178 4040 284 4101 iterum
304 4045 431 4104 occurrit
446 4044 591 4108 dissensio
607 4066 656 4107 us·
695 4059 882 4102 cornarrnnern
904 4058 1016 4102 nitorem
1037 4038 1224 4110 ludaeorum,
1241 4039 1293 4118 qui

73 4129 118 4190 luo
131 4122 166 4181 ad
185 4124 296 4202 loseph,
313 4127 363 4206 qui
382 4147 399 4188 a
417 4125 561 4190 llatthaeo
578 4129 655 4190 dici·
696 4125 854 4188 mulierum
867 4122 1055 4202 genealogias
1069 4131 1165 4184 texere
1179 4141 1293 4186 nonso·

72 4202 111 4257 tur
124 4203 199 4267 hlius
223 4210 322 4272 locali
344 4229 381 4272 ex
401 4210 584 4276 Zurohehele
599 4213 656 4276 tle·
699 4255 701 4260 ,
724 4257 757 4307 ,2,
772 4257 798 4300 Τ,
814 4253 837 4313 ρ,
849 4254 892 4301 tta.
902 4251 925 4314 4,
940 4265 963 4313 Ρ,
973 4251 1062 4311 accip.
1074 4250 1095 4313 p,
1107 4253 1150 4300 m
1160 4225 1217 4314 ἡ,
1232 4255 1256 4316 5·
1264 4255 1295 4304 „d

95 4305 120 4364 lll
134 4309 157 4354 ln
170 4323 207 4372 op.
223 4315 263 4362 cit.
280 4325 303 4372 ρ.
320 4315 345 4374 7,
356 4317 412 4364 sect.
427 4317 455 4384 5.
696 4317 747 4364 ont.
758 4317 780 4377 7,
792 4315 846 4362 lust.
860 4314 883 4360 t.
1247 4329 1249 4336 ·
