2928 4734
404 185 478 232 rens
495 185 528 231 ιι.
549 183 651 230 secuto
666 185 698 230 ιι.
718 185 811 231 aanor
828 185 872 231 ιιι.
1169 167 1235 232 ioh

55 269 79 333 3.
91 266 244 332 antona
252 267 365 333 Christi
376 271 404 328 et
413 266 632 346 Apostolorum,
672 273 700 328 te
713 267 787 328 nitri
802 265 969 346 eprodiatar
982 266 1034 346 qui
1049 266 1088 330 sit
1105 267 1274 330 dominator

53 353 143 435 quihus
159 353 295 416 Christus
308 351 427 432 aperuit
444 367 582 425 sensnm,
600 357 634 412 ut
671 349 705 410 in
721 349 834 426 Israel,
851 359 878 412 ot
895 353 1105 430 amassenus
1122 352 1157 413 oh
1172 351 1273 428 initio,

54 438 226 516 intelliprrmt
245 437 415 516 Sariptarus
432 435 491 514 (t):
511 434 542 494 ι.
560 451 633 496 coat-
670 435 803 496 adiehaa
814 435 1071 516 emunitatisffl).
1086 433 1148 496 Hoc
1162 434 1193 497 iu
1207 436 1274 498 loeo

54 539 134 584 amoos
149 521 203 585 SS.
223 522 367 597 Patrono,
382 518 433 600 qui
451 519 588 580 doctriua
604 524 634 579 et
670 517 707 578 de
722 516 828 579 Massia
839 536 1006 579 sermonem
1020 537 1085 580 esse
1103 519 1167 598 ipsa
1182 519 1271 581 rerba

52 605 138 683 pietate
147 604 303 686 conspicui
312 600 448 666 reetasS.
463 600 631 682 Scripturae
671 602 841 663 ostendunt.
862 601 931 664 ideo
956 602 1104 683 principes
1125 599 1270 664 Sacerdo-

51 689 290 768 interpretatioaes
301 687 495 769 abhpastuhis
507 686 633 748 traditas
671 693 777 747 tumet
794 685 909 748 scribae
926 686 1027 767 populi
1045 686 1217 763 interrogati
1233 685 1270 748 ab

50 773 210 849 collegerunt
228 781 261 834 et
279 771 519 850 conscripserunt
537 770 596 849 (ι).
669 767 796 845 hierode,
813 769 864 832 uhi
879 769 1012 832 Christus
1027 779 1211 842 nasceretur,
1225 769 1272 830 di-

78 856 105 916 ι.
119 855 280 933 vaticinia,
297 857 327 917 in
349 855 457 937 quibus
475 854 629 916 charaeta-
669 863 787 915 xerunt:
807 855 841 916 ito
857 855 1023 918 Bethlehem
1041 855 1133 917 Ittdoe
1147 887 1163 899 -
1178 853 1215 915 ad
1230 853 1273 914 ei·

48 957 85 1000 res
95 939 209 1002 hassiae
226 941 485 1021 praenuntiantur,
498 957 632 1000 commo·
671 945 763 998 tatum
784 939 880 999 haum
901 947 1094 1019 prouocantes
1113 937 1172 1018 (8).

48 1023 80 1083 de
91 1023 115 1083 in
126 1034 253 1104 quatuor
265 1025 374 1085 classes
385 1022 476 1084 dividi
490 1031 629 1104 possunt:
710 1021 740 1081 ι.
762 1020 895 1083 hiessiam
912 1023 941 1084 iu
957 1021 1120 1103 Aegyptum
1135 1021 1273 1083 deieran-

48 1107 74 1184 a)
90 1108 233 1170 ethanim
255 1109 425 1169 referuntur
442 1107 478 1167 ad
494 1107 558 1168 eius
577 1123 630 1168 or·
669 1103 753 1179 dum,
770 1114 799 1166 et
813 1106 919 1167 exinde
934 1124 1119 1167 reversurum
1135 1123 1212 1182 esse,
1226 1107 1272 1166 iu-

47 1197 97 1251 tun
110 1200 135 1254 et
148 1193 355 1268 nativitatem,
378 1190 410 1270 h)
429 1191 487 1251 aha
508 1191 630 1252 adeius
669 1188 810 1266 digitatur
829 1189 866 1250 ab
896 1187 971 1252 Osea
990 1191 1119 1251 dicente:
1147 1190 1199 1252 Ea
1214 1189 1273 1252 Ae·

47 1275 117 1336 riom
132 1293 237 1356 respue
252 1278 291 1338 oh
307 1295 340 1338 eo
355 1276 510 1356 parendus,
527 1274 556 1354 c)
572 1275 631 1335 ahia
668 1281 755 1352 pppto
773 1274 872 1336 uocaui
888 1274 985 1354 filiam
1004 1292 1100 1337 meam
1119 1273 1179 1354 (h),
1194 1291 1272 1354 quae

49 1358 141 1420 adeius
151 1361 324 1440 passionem
337 1368 363 1422 et
377 1367 511 1435 mortem,
528 1359 559 1438 d)
573 1359 630 1420 alia
669 1357 759 1418 verba
783 1367 901 1435 gentem
926 1357 1115 1420 israeliticam
1140 1357 1272 1437 proxime

49 1440 146 1503 demum
164 1444 200 1506 ad
218 1444 285 1505 eius
297 1453 406 1506 statum
415 1451 480 1523 post
494 1452 629 1517 thartam,
670 1450 804 1520 spectare
828 1459 889 1503 non
911 1449 1056 1520 negatur3
1075 1441 1133 1503 sed·
1144 1439 1270 1504 hebraei

49 1535 68 1584 et
85 1526 114 1586 ad
132 1527 197 1605 [ota
220 1529 388 1603 Ecclesiae,
410 1546 464 1590 sau
487 1526 570 1605 regni
592 1527 630 1588 ah
670 1543 705 1584 ex
722 1523 853 1605 Aegypto
877 1526 1062 1602 egredientes
1086 1527 1179 1604 figura
1202 1534 1273 1586 tan-

48 1607 97 1688 ipso
113 1611 255 1674 instituti.
671 1617 732 1668 tum
750 1622 837 1670 eruut
855 1608 962 1672 Chrish
982 1629 1016 1672 ex
1034 1629 1071 1670 ea
1087 1609 1208 1688 regione
1226 1629 1272 1672 re·

261 1741 282 1814 ς
320 1749 383 1795 m
568 1745 571 1751 .
670 1691 856 1768 deuotis,ut
875 1691 905 1754 S.
927 1691 1194 1774 Hieronymus,S.
1214 1693 1270 1774 Cp·

283 1779 291 1796 ·
385 1776 394 1793 ’
670 1775 754 1836 rillus
772 1777 869 1852 Aiax„
888 1776 972 1856 Hugo
991 1775 1110 1842 Grotius
1128 1786 1157 1840 et
1174 1777 1226 1839 alii
1240 1797 1272 1839 a·

61 1851 192 1902 hiatieiuiu
206 1853 304 1906 messiae
326 1854 406 1898 ortum
422 1854 445 1900 et
459 1852 606 1900 nativitatem
671 1859 892 1922 nimadverpum
908 1860 987 1944 (10).

260 1921 396 1980 spectantia.
712 1944 742 2005 5.
763 1943 898 2006 Messium
919 1943 1146 2026 concipiendum
1165 1951 1195 2006 et
1213 1963 1268 2024 pa-

78 2028 104 2091 ι.
120 2029 242 2095 hiessias
264 2032 432 2094 nasciturus
450 2031 632 2114 praedicitur
669 2026 805 2090 riendam
826 2047 891 2091 esse
909 2048 927 2090 a
944 2029 1069 2107 virgine,
1086 2029 1230 2108 praedixit
1242 2028 1270 2090 ι-

49 2129 74 2172 ιι
88 2114 265 2192 hhraharnu,
283 2116 384 2178 isaaco
399 2126 428 2178 et
446 2115 565 2179 lactabo.
582 2116 633 2178 hi·
670 2111 748 2172 saias
768 2111 814 2174 his
831 2113 946 2188 uerbis,
965 2113 1061 2174 hohan
1080 2131 1178 2190 regem
1197 2112 1270 2175 luda

48 2205 110 2258 etum
132 2201 211 2262 enim
233 2209 279 2261 est
295 2200 482 2262 Ahrahomo:
501 2200 629 2263 Benedi-
670 2196 828 2258 allocutus:
847 2197 935 2260 Dahit
953 2198 1097 2260 Damione
1113 2197 1172 2276 ipae
1191 2198 1270 2260 nohis

49 2283 171 2346 ananan
184 2279 564 2364 seminetaoonnnpmtes
574 2292 632 2346 tar·
669 2280 801 2357 siparum:
811 2297 872 2343 aare
884 2282 968 2361 aaaron
982 2280 1120 2362 concipiet
1135 2290 1162 2343 et
1173 2283 1269 2359 pooiet

49 2367 148 2446 roe(3);
158 2369 238 2430 idem
250 2370 410 2450 repetitum
420 2379 464 2431 est
473 2368 573 2432 lsaaeu
582 2369 629 2450 (t)
669 2364 778 2444 filium,
790 2373 817 2426 et
830 2366 983 2428 uocohitnr
996 2383 1104 2428 nenton
1119 2366 1182 2427 aias
1195 2368 1270 2428 tim·-

51 2455 71 2508 ιι
83 2447 182 2513 laeoho
200 2453 262 2533 (5).
670 2448 789 2510 manuel
801 2449 881 2527 (ιι);
897 2468 956 2529 qno
975 2449 1007 2510 in
1026 2450 1091 2512 loco
1110 2449 1147 2512 de
1165 2447 1270 2512 hessia

79 2531 105 2592 2.
122 2533 243 2598 hesaias
258 2533 332 2596 oriri
354 2535 457 2596 debuit
480 2555 515 2597 ex
539 2534 631 2615 stirpe
670 2549 838 2593 sermonem
857 2552 921 2594 esse
939 2543 1061 2614 apparet
1075 2553 1111 2595 ex
1125 2553 1173 2610 eo,
1190 2534 1271 2614 quod

49 2609 158 2695 havidis,
177 2621 220 2682 uti
241 2619 384 2700 praedixit
405 2618 499 2682 isaias
514 2619 629 2681 dicens:
669 2615 861 2690 Euaemonnel,
878 2616 899 2677 i.
917 2635 944 2678 e.
962 2617 1041 2680 Deus
1055 2617 1210 2680 nobiseum
1226 2617 1271 2678 di·

49 2697 209 2776 Eprediehtr
227 2704 318 2784 oirpa
334 2705 368 2766 de
384 2705 486 2766 radice
501 2703 590 2778 Iesse,
603 2711 630 2766 at
670 2707 755 2758 catut·
772 2697 815 2774 is,
832 2719 919 2780 quem
941 2702 1022 2780 virgo
1042 2710 1107 2764 erat
1126 2701 1266 2780 paritura.

49 2778 90 2857 ιιι
104 2787 135 2846 de
157 2789 258 2851 rodier
276 2789 340 2850 airas
357 2789 509 2862 ascendet,
529 2796 556 2849 et
578 2805 630 2850 re·
669 2781 812 2858 haredit,
834 2784 913 2864 quud
939 2785 1064 2847 manime
1083 2793 1271 2866 opportunus

51 2867 152 2938 putescat
161 2887 252 2952 snper
259 2889 326 2934 nam
336 2872 628 2950 opinaremini...
670 2865 695 2926 is
714 2867 795 2928 iocus
814 2866 903 2930 iuerit
919 2869 1087 2931 disserendi
1099 2869 1136 2930 de
1150 2866 1268 2942 Messio,

50 2945 77 3007 ιι
90 2952 137 3014 itin
156 2956 204 3018 ain
225 2957 319 3018 rante
335 2957 431 3030 lesu,
449 2956 501 3034 qm·
518 2964 577 3018 stne
597 2957 631 3018 ιη
672 2959 732 3010 ιιιιιι
751 2951 830 3030 qtuod
851 2952 960 3013 veritus
984 2953 1022 3014 sit
1043 2970 1093 3014 rex
1114 2952 1232 3023 Aeliae,
1251 2970 1273 3012 a

51 3031 629 3119 upoirnpopntarum,ineamGentesne·
670 3033 786 3096 duobus
805 3036 923 3114 renibus
945 3044 1150 3116 oppugnatus,
1173 3035 1269 3095 inles-

50 3121 231 3190 montanam
248 3124 307 3202 (h).
331 3123 387 3185 Per
403 3123 534 3184 radicem
551 3123 630 3188 lasse
671 3118 825 3180 necionem
858 3119 963 3180 domus
982 3138 1053 3180 sune
1079 3138 1114 3180 aa
1138 3118 1270 3181 ianthino

51 3195 289 3269 domum'Dauidis
312 3206 448 3287 intelligi,
469 3223 556 3268 namo
573 3208 630 3270 du-
671 3201 834 3278 davidicae,
848 3211 909 3264 turn
925 3203 1002 3282 quod
1018 3202 1073 3264 suh
1088 3221 1156 3283 rege
1170 3203 1269 3264 halta-

52 3277 120 3361 bitat,
132 3298 159 3349 et
171 3292 269 3352 locum
284 3290 318 3350 ad
333 3290 466 3353 Messinm
482 3300 629 3372 spectare,
670 3305 716 3359 ao,
732 3286 824 3346 auhttui
839 3286 983 3347 idolorum
999 3286 1129 3364 addicto,
1141 3305 1212 3348 vera
1224 3305 1273 3350 re·

52 3381 98 3427 uon
116 3373 206 3434 solum
222 3371 273 3436 SS.
295 3373 410 3450 Patres,
423 3373 474 3437 sed
494 3393 630 3437 eornmu.
671 3369 740 3448 ligio
763 3379 851 3449 atquae
873 3369 945 3430 hales
967 3369 998 3432 iu
1018 3381 1172 3432 uenturum
1191 3370 1269 3434 Mes·

52 3447 114 3512 niter
126 3457 211 3518 etiam
229 3455 329 3520 ludaei
348 3459 466 3535 docent,
483 3459 526 3520 uti
541 3459 630 3522 Citol·
670 3453 744 3514 aiam
774 3453 933 3532 plurimum
963 3454 1196 3534 periclitabatur.
1227 3489 1271 3504 --

54 3529 147 3614 iosus,
173 3541 301 3604 hebraei
327 3543 412 3624 apud¹
431 3541 462 3606 S,
485 3541 632 3625 Hierony.
658 3535 727 3598 'Per
756 3537 899 3614 uirginem
926 3549 1024 3600 autem
1057 3549 1270 3621 concepturam

54 3630 135 3696 mum,
152 3622 187 3686 tt.
208 3625 344 3704 Kimuhi,
362 3624 515 3702 Solomou,
534 3627 633 3690 Ahar·
671 3629 700 3682 et
715 3620 875 3700 parituram
891 3622 977 3683 talem
993 3623 1129 3702 intelligi,
1141 3622 1270 3705 quaeri·
1294 3653 1296 3658 ·

55 3693 124 3764 hanel
142 3717 169 3770 et
192 3709 255 3770 atti.
672 3722 738 3765 ruat
752 3723 836 3784 passa
851 3724 908 3766 non
924 3707 1090 3780 steatitis
1104 3707 1270 3770 rationibus

85 3785 110 3847 3.
128 3787 245 3854 theatina
264 3791 347 3854 nasci
364 3793 492 3857 debebat
510 3795 539 3858 ῑῃ
558 3794 634 3858 urhe
673 3787 790 3868 prohari
817 3796 923 3869 potest.
945 3789 1017 3853 Nam
1045 3791 1182 3853 hebraica
1199 3805 1270 3850 roca

56 3857 207 3958 Bethlehem
231 3875 321 3939 iudae
345 3877 424 3939 iusta
447 3879 633 3960 prophetiam
672 3872 781 3936 Halma
794 3873 936 3950 virginem
949 3875 1109 3953 designari,
1122 3872 1271 3950 colligitur

55 3941 196 4022 hatenus:
213 3962 251 4026 ta
272 3969 316 4036 ιιι,
335 3961 500 4026 Bethlehem
517 3963 635 4042 Ephron
675 3965 734 4016 titan
755 3973 788 4018 ex
806 3957 917 4034 radice,
937 3959 1015 4020 unde
1033 3958 1166 4020 vocabuli
1187 3954 1270 4032 origo

56 4034 88 4108 lt,
99 4045 235 4118 parratas
249 4063 278 4110 es
296 4046 330 4108 in
348 4047 479 4112 nailtlhas
493 4049 583 4122 tuda·
596 4065 636 4112 en
674 4048 737 4116 est,
757 4040 960 4124 significatque
982 4042 1193 4118 absconditam,
1209 4039 1270 4102 siue

79 4181 270 4252 (haraeum.
704 4205 735 4259 (ιι
751 4205 910 4262 amesae.
1008 4204 1271 4268 tottontutaeeq.

79 4245 342 4361 gltghhggussff,
357 4253 433 4364 ²4⁹3}
487 4317 502 4366 ²
705 4265 738 4318 ιιι
750 4265 811 4310 nnn
834 4265 895 4322 aa
944 4263 989 4371 ,im
1001 4263 1198 4317 matthaeus.

97 4341 104 4361 ι
212 4345 238 4372 ,,
305 4349 312 4362 .
372 4325 404 4376 ιι
436 4319 562 4380 emat.
705 4323 929 4384 tulmentum
961 4324 1273 4389 ‚cutmetttthtsahtt-
