<?xml version="1.0" encoding="UTF-8"?>
<!DOCTYPE html PUBLIC "-//W3C//DTD XHTML 1.0 Transitional//EN"
    "http://www.w3.org/TR/xhtml1/DTD/xhtml1-transitional.dtd">
<html xmlns="http://www.w3.org/1999/xhtml" xml:lang="en" lang="en">
 <head>
  <title>
</title>
<meta http-equiv="Content-Type" content="text/html;charset=utf-8" />
  <meta name='ocr-system' content='tesseract 3.04.00' />
  <meta name='ocr-capabilities' content='ocr_page ocr_carea ocr_par ocr_line ocrx_word'/>
</head>
<body>
  <div class='ocr_page' id='page_1' title='image "./institutionesth00knolgoog_0038.png"; bbox 0 0 2910 4732; ppageno 0'>
   <div class='ocr_carea' id='block_1_1' title="bbox 165 154 927 224">
    <p class='ocr_par' dir='ltr' id='par_1_1' title="bbox 165 154 927 224">
     <span class='ocr_line' id='line_1_1' title="bbox 165 154 927 224; baseline -0.008 4"><span class='ocrx_word' id='word_1_1' title='bbox 165 154 205 218; x_wconf 80' lang='lat'>28</span> <span class='ocrx_word' id='word_1_2' title='bbox 558 177 743 224; x_wconf 80' lang='lat' dir='ltr'>rnuouocran</span> <span class='ocrx_word' id='word_1_3' title='bbox 765 175 927 222; x_wconf 77' lang='lat' dir='ltr'>cuneatus</span> 
     </span>
    </p>
   </div>
   <div class='ocr_carea' id='block_1_2' title="bbox 120 252 1367 2606">
    <p class='ocr_par' dir='ltr' id='par_1_2' title="bbox 123 252 1363 507">
     <span class='ocr_line' id='line_1_2' title="bbox 178 252 1363 338; baseline 0.001 -23"><span class='ocrx_word' id='word_1_4' title='bbox 178 252 241 316; x_wconf 84' lang='lat' dir='ltr'>Oli.</span> <span class='ocrx_word' id='word_1_5' title='bbox 259 253 290 316; x_wconf 69' lang='lat' dir='ltr'>l.</span> <span class='ocrx_word' id='word_1_6' title='bbox 307 253 444 334; x_wconf 85' lang='lat' dir='ltr'>Mundus,</span> <span class='ocrx_word' id='word_1_7' title='bbox 466 259 508 320; x_wconf 89' lang='lat' dir='ltr'>nit</span> <span class='ocrx_word' id='word_1_8' title='bbox 526 259 629 322; x_wconf 78' lang='lat' dir='ltr'><strong><em>Schola</em></strong></span> <span class='ocrx_word' id='word_1_9' title='bbox 645 259 723 338; x_wconf 67' lang='lat' dir='ltr'>ldpin</span> <span class='ocrx_word' id='word_1_10' title='bbox 763 275 867 319; x_wconf 86' lang='lat' dir='ltr'>eorum</span> <span class='ocrx_word' id='word_1_11' title='bbox 885 255 997 337; x_wconf 90' lang='lat' dir='ltr'>optimo</span> <span class='ocrx_word' id='word_1_12' title='bbox 1015 254 1130 331; x_wconf 80' lang='lat' dir='ltr'><strong>ordine,</strong></span> <span class='ocrx_word' id='word_1_13' title='bbox 1149 261 1178 317; x_wconf 91' lang='lat' dir='ltr'>et</span> <span class='ocrx_word' id='word_1_14' title='bbox 1196 253 1272 316; x_wconf 91' lang='lat' dir='ltr'>mira</span> <span class='ocrx_word' id='word_1_15' title='bbox 1293 271 1363 317; x_wconf 88' lang='lat' dir='ltr'>sco·</span> 
     </span>
     <span class='ocr_line' id='line_1_3' title="bbox 123 337 1363 420; baseline 0.002 -23"><span class='ocrx_word' id='word_1_16' title='bbox 123 337 202 412; x_wconf 78' lang='lat' dir='ltr'>cetri,</span> <span class='ocrx_word' id='word_1_17' title='bbox 218 356 254 398; x_wconf 91' lang='lat' dir='ltr'>ex</span> <span class='ocrx_word' id='word_1_18' title='bbox 272 350 438 402; x_wconf 86' lang='lat' dir='ltr'>atomorum</span> <span class='ocrx_word' id='word_1_19' title='bbox 461 343 499 404; x_wconf 88' lang='lat' dir='ltr'>ab</span> <span class='ocrx_word' id='word_1_20' title='bbox 518 353 640 404; x_wconf 89' lang='lat' dir='ltr'>aeterno</span> <span class='ocrx_word' id='word_1_21' title='bbox 659 341 722 402; x_wconf 90' lang='lat' dir='ltr'>exi·</span> <span class='ocrx_word' id='word_1_22' title='bbox 763 341 1014 420; x_wconf 85' lang='lat' dir='ltr'>po-congruentin</span> <span class='ocrx_word' id='word_1_23' title='bbox 1031 338 1166 402; x_wconf 88' lang='lat' dir='ltr'>dubitare</span> <span class='ocrx_word' id='word_1_24' title='bbox 1183 359 1241 400; x_wconf 91' lang='lat' dir='ltr'>non</span> <span class='ocrx_word' id='word_1_25' title='bbox 1263 341 1363 420; x_wconf 87' lang='lat' dir='ltr'>possi-</span> 
     </span>
     <span class='ocr_line' id='line_1_4' title="bbox 123 420 1362 507; baseline 0.002 -25"><span class='ocrx_word' id='word_1_26' title='bbox 123 420 265 482; x_wconf 91' lang='lat' dir='ltr'>stentium</span> <span class='ocrx_word' id='word_1_27' title='bbox 278 422 399 486; x_wconf 88' lang='lat' dir='ltr'>lortuito</span> <span class='ocrx_word' id='word_1_28' title='bbox 415 443 561 507; x_wconf 80' lang='lat' dir='ltr'>concursu</span> <span class='ocrx_word' id='word_1_29' title='bbox 575 433 720 488; x_wconf 89' lang='lat' dir='ltr'>ortusest.</span> <span class='ocrx_word' id='word_1_30' title='bbox 763 443 840 486; x_wconf 90' lang='lat' dir='ltr'>mus.</span> <span class='ocrx_word' id='word_1_31' title='bbox 856 425 894 486; x_wconf 85' lang='lat' dir='ltr'>Et</span> <span class='ocrx_word' id='word_1_32' title='bbox 911 424 984 486; x_wconf 90' lang='lat' dir='ltr'>haec</span> <span class='ocrx_word' id='word_1_33' title='bbox 999 425 1058 485; x_wconf 93' lang='lat' dir='ltr'>iam</span> <span class='ocrx_word' id='word_1_34' title='bbox 1073 425 1235 500; x_wconf 86' lang='lat' dir='ltr'>sufficiunt,</span> <span class='ocrx_word' id='word_1_35' title='bbox 1250 432 1283 485; x_wconf 89' lang='lat' dir='ltr'>ut</span> <span class='ocrx_word' id='word_1_36' title='bbox 1299 435 1362 485; x_wconf 94' lang='lat' dir='ltr'>tum</span> 
     </span>
    </p>

    <p class='ocr_par' dir='ltr' id='par_1_3' title="bbox 120 505 1367 2606">
     <span class='ocr_line' id='line_1_5' title="bbox 163 505 1365 590; baseline 0.002 -22"><span class='ocrx_word' id='word_1_37' title='bbox 163 505 250 585; x_wconf 78' lang='lat' dir='ltr'>Resp.</span> <span class='ocrx_word' id='word_1_38' title='bbox 278 507 308 586; x_wconf 90' lang='lat' dir='ltr'>a)</span> <span class='ocrx_word' id='word_1_39' title='bbox 337 508 437 570; x_wconf 83' lang='lat' dir='ltr'>Atomi</span> <span class='ocrx_word' id='word_1_40' title='bbox 467 509 673 581; x_wconf 75' lang='lat' dir='ltr'>mutabilitati,</span> <span class='ocrx_word' id='word_1_41' title='bbox 693 517 731 570; x_wconf 84' lang='lat' dir='ltr'>et</span> <span class='ocrx_word' id='word_1_42' title='bbox 762 508 796 569; x_wconf 91' lang='lat' dir='ltr'>ad</span> <span class='ocrx_word' id='word_1_43' title='bbox 807 505 1036 590; x_wconf 90' lang='lat' dir='ltr'>pulcritudinem</span> <span class='ocrx_word' id='word_1_44' title='bbox 1054 507 1170 584; x_wconf 88' lang='lat' dir='ltr'>mundi,</span> <span class='ocrx_word' id='word_1_45' title='bbox 1189 517 1251 569; x_wconf 88' lang='lat' dir='ltr'>turn</span> <span class='ocrx_word' id='word_1_46' title='bbox 1269 508 1303 570; x_wconf 91' lang='lat' dir='ltr'>ad</span> <span class='ocrx_word' id='word_1_47' title='bbox 1316 527 1365 570; x_wconf 92' lang='lat' dir='ltr'>sa·</span> 
     </span>
     <span class='ocr_line' id='line_1_6' title="bbox 122 589 1363 674; baseline 0.005 -26"><span class='ocrx_word' id='word_1_48' title='bbox 122 589 250 669; x_wconf 80' lang='lat' dir='ltr'>tempori</span> <span class='ocrx_word' id='word_1_49' title='bbox 268 590 395 654; x_wconf 88' lang='lat' dir='ltr'>subiecti</span> <span class='ocrx_word' id='word_1_50' title='bbox 412 611 445 654; x_wconf 94' lang='lat' dir='ltr'>ac</span> <span class='ocrx_word' id='word_1_51' title='bbox 464 593 552 674; x_wconf 84' lang='lat' dir='ltr'>simul</span> <span class='ocrx_word' id='word_1_52' title='bbox 566 592 679 656; x_wconf 88' lang='lat' dir='ltr'>aeterni</span> <span class='ocrx_word' id='word_1_53' title='bbox 690 609 722 652; x_wconf 91' lang='lat' dir='ltr'>a·</span> <span class='ocrx_word' id='word_1_54' title='bbox 761 592 903 672; x_wconf 86' lang='lat' dir='ltr'>pientiam</span> <span class='ocrx_word' id='word_1_55' title='bbox 915 591 1081 656; x_wconf 89' lang='lat' dir='ltr'>Conditoris</span> <span class='ocrx_word' id='word_1_56' title='bbox 1099 592 1276 654; x_wconf 82' lang='lat' dir='ltr'>concludere</span> <span class='ocrx_word' id='word_1_57' title='bbox 1288 611 1363 672; x_wconf 89' lang='lat' dir='ltr'>pos-</span> 
     </span>
     <span class='ocr_line' id='line_1_7' title="bbox 122 675 1363 757; baseline 0.002 -23"><span class='ocrx_word' id='word_1_58' title='bbox 122 680 237 750; x_wconf 84' lang='lat' dir='ltr'>pertam</span> <span class='ocrx_word' id='word_1_59' title='bbox 262 675 526 740; x_wconf 82' lang='lat' dir='ltr'>contradictionem</span> <span class='ocrx_word' id='word_1_60' title='bbox 555 677 718 739; x_wconf 87' lang='lat' dir='ltr'>involvunt.</span> <span class='ocrx_word' id='word_1_61' title='bbox 761 676 1083 757; x_wconf 89' lang='lat' dir='ltr'>simus—praesertim</span> <span class='ocrx_word' id='word_1_62' title='bbox 1099 695 1166 738; x_wconf 88' lang='lat' dir='ltr'>cunt</span> <span class='ocrx_word' id='word_1_63' title='bbox 1187 676 1314 756; x_wconf 91' lang='lat' dir='ltr'>partium</span> <span class='ocrx_word' id='word_1_64' title='bbox 1333 677 1363 736; x_wconf 90' lang='lat' dir='ltr'>i-</span> 
     </span>
     <span class='ocr_line' id='line_1_8' title="bbox 122 755 1363 838; baseline 0.005 -22"><span class='ocrx_word' id='word_1_65' title='bbox 122 755 155 836; x_wconf 91' lang='lat' dir='ltr'>h)</span> <span class='ocrx_word' id='word_1_66' title='bbox 174 755 210 818; x_wconf 80' lang='lat' dir='ltr'>Et</span> <span class='ocrx_word' id='word_1_67' title='bbox 228 755 254 817; x_wconf 88' lang='lat' dir='ltr'>si</span> <span class='ocrx_word' id='word_1_68' title='bbox 272 760 380 822; x_wconf 87' lang='lat' dir='ltr'>atomis</span> <span class='ocrx_word' id='word_1_69' title='bbox 406 761 443 824; x_wconf 86' lang='lat' dir='ltr'>ab</span> <span class='ocrx_word' id='word_1_70' title='bbox 476 771 597 824; x_wconf 89' lang='lat' dir='ltr'>aeterno</span> <span class='ocrx_word' id='word_1_71' title='bbox 623 767 720 822; x_wconf 90' lang='lat' dir='ltr'>motus</span> <span class='ocrx_word' id='word_1_72' title='bbox 759 769 917 838; x_wconf 79' lang='lat' dir='ltr'>gnotarum</span> <span class='ocrx_word' id='word_1_73' title='bbox 937 759 1073 838; x_wconf 85' lang='lat' dir='ltr'>ordinata</span> <span class='ocrx_word' id='word_1_74' title='bbox 1098 761 1243 822; x_wconf 84' lang='lat' dir='ltr'>connexio</span> <span class='ocrx_word' id='word_1_75' title='bbox 1270 780 1306 822; x_wconf 92' lang='lat' dir='ltr'>ex</span> <span class='ocrx_word' id='word_1_76' title='bbox 1324 781 1363 822; x_wconf 87' lang='lat' dir='ltr'>a·</span> 
     </span>
     <span class='ocr_line' id='line_1_9' title="bbox 120 839 1052 923; baseline 0.005 -24"><span class='ocrx_word' id='word_1_77' title='bbox 120 839 282 918; x_wconf 83' lang='lat' dir='ltr'>ingenitus,</span> <span class='ocrx_word' id='word_1_78' title='bbox 296 851 326 904; x_wconf 89' lang='lat' dir='ltr'>et</span> <span class='ocrx_word' id='word_1_79' title='bbox 343 845 460 906; x_wconf 82' lang='lat' dir='ltr'>nativus</span> <span class='ocrx_word' id='word_1_80' title='bbox 470 846 593 923; x_wconf 90' lang='lat' dir='ltr'>inesset,</span> <span class='ocrx_word' id='word_1_81' title='bbox 607 844 655 906; x_wconf 92' lang='lat' dir='ltr'>hic</span> <span class='ocrx_word' id='word_1_82' title='bbox 668 863 721 906; x_wconf 90' lang='lat' dir='ltr'>ne·</span> <span class='ocrx_word' id='word_1_83' title='bbox 761 843 879 922; x_wconf 78' lang='lat' dir='ltr'>nalogia</span> <span class='ocrx_word' id='word_1_84' title='bbox 895 843 1052 906; x_wconf 78' lang='lat' dir='ltr'>inferatur.</span> 
     </span>
     <span class='ocr_line' id='line_1_10' title="bbox 120 924 1361 1009; baseline 0.002 -26"><span class='ocrx_word' id='word_1_85' title='bbox 120 924 268 986; x_wconf 88' lang='lat' dir='ltr'>cessarius</span> <span class='ocrx_word' id='word_1_86' title='bbox 286 946 405 1009; x_wconf 91' lang='lat' dir='ltr'>quoque</span> <span class='ocrx_word' id='word_1_87' title='bbox 424 929 500 992; x_wconf 89' lang='lat' dir='ltr'>loret</span> <span class='ocrx_word' id='word_1_88' title='bbox 519 929 572 1004; x_wconf 88' lang='lat' dir='ltr'>ita,</span> <span class='ocrx_word' id='word_1_89' title='bbox 591 937 625 990; x_wconf 89' lang='lat' dir='ltr'>ut</span> <span class='ocrx_word' id='word_1_90' title='bbox 639 947 719 989; x_wconf 92' lang='lat' dir='ltr'>nun·</span> <span class='ocrx_word' id='word_1_91' title='bbox 803 928 867 992; x_wconf 85' lang='lat' dir='ltr'>Odi.</span> <span class='ocrx_word' id='word_1_92' title='bbox 884 927 915 989; x_wconf 78' lang='lat' dir='ltr'>l.</span> <span class='ocrx_word' id='word_1_93' title='bbox 939 927 1018 989; x_wconf 92' lang='lat' dir='ltr'>luter</span> <span class='ocrx_word' id='word_1_94' title='bbox 1033 945 1152 990; x_wconf 90' lang='lat' dir='ltr'>causam</span> <span class='ocrx_word' id='word_1_95' title='bbox 1167 935 1197 988; x_wconf 89' lang='lat' dir='ltr'>et</span> <span class='ocrx_word' id='word_1_96' title='bbox 1207 927 1361 1003; x_wconf 84' lang='lat' dir='ltr'>ellectum,</span> 
     </span>
     <span class='ocr_line' id='line_1_11' title="bbox 120 1010 1363 1093; baseline 0.003 -25"><span class='ocrx_word' id='word_1_97' title='bbox 120 1026 211 1089; x_wconf 88' lang='lat' dir='ltr'>quam</span> <span class='ocrx_word' id='word_1_98' title='bbox 229 1011 409 1088; x_wconf 89' lang='lat' dir='ltr'>coalescere,</span> <span class='ocrx_word' id='word_1_99' title='bbox 433 1020 463 1074; x_wconf 90' lang='lat' dir='ltr'>et</span> <span class='ocrx_word' id='word_1_100' title='bbox 481 1013 634 1093; x_wconf 88' lang='lat' dir='ltr'>quiescere</span> <span class='ocrx_word' id='word_1_101' title='bbox 652 1030 720 1093; x_wconf 90' lang='lat' dir='ltr'>pos·</span> <span class='ocrx_word' id='word_1_102' title='bbox 759 1010 801 1072; x_wconf 89' lang='lat' dir='ltr'>ait</span> <span class='ocrx_word' id='word_1_103' title='bbox 817 1013 909 1089; x_wconf 88' lang='lat' dir='ltr'>Kont,</span> <span class='ocrx_word' id='word_1_104' title='bbox 930 1012 1082 1092; x_wconf 82' lang='lat' dir='ltr'>proportio</span> <span class='ocrx_word' id='word_1_105' title='bbox 1101 1011 1165 1073; x_wconf 92' lang='lat' dir='ltr'>dari</span> <span class='ocrx_word' id='word_1_106' title='bbox 1184 1010 1291 1085; x_wconf 91' lang='lat' dir='ltr'>debet,</span> <span class='ocrx_word' id='word_1_107' title='bbox 1311 1019 1363 1072; x_wconf 90' lang='lat' dir='ltr'>at·</span> 
     </span>
     <span class='ocr_line' id='line_1_12' title="bbox 120 1095 1363 1175; baseline 0.001 -22"><span class='ocrx_word' id='word_1_108' title='bbox 120 1100 197 1167; x_wconf 89' lang='lat' dir='ltr'>seut,</span> <span class='ocrx_word' id='word_1_109' title='bbox 218 1096 367 1173; x_wconf 89' lang='lat' dir='ltr'>quomodo</span> <span class='ocrx_word' id='word_1_110' title='bbox 387 1115 422 1158; x_wconf 86' lang='lat' dir='ltr'>ex</span> <span class='ocrx_word' id='word_1_111' title='bbox 447 1115 552 1158; x_wconf 88' lang='lat' dir='ltr'>eorum</span> <span class='ocrx_word' id='word_1_112' title='bbox 571 1113 718 1158; x_wconf 90' lang='lat' dir='ltr'>concursu</span> <span class='ocrx_word' id='word_1_113' title='bbox 760 1113 817 1175; x_wconf 90' lang='lat' dir='ltr'>que</span> <span class='ocrx_word' id='word_1_114' title='bbox 835 1095 902 1158; x_wconf 88' lang='lat' dir='ltr'>ideo</span> <span class='ocrx_word' id='word_1_115' title='bbox 917 1096 954 1156; x_wconf 91' lang='lat' dir='ltr'>ab</span> <span class='ocrx_word' id='word_1_116' title='bbox 968 1097 1074 1157; x_wconf 88' lang='lat' dir='ltr'>ellectu</span> <span class='ocrx_word' id='word_1_117' title='bbox 1088 1095 1170 1157; x_wconf 78' lang='lat' dir='ltr'>linito</span> <span class='ocrx_word' id='word_1_118' title='bbox 1182 1095 1220 1157; x_wconf 88' lang='lat' dir='ltr'>ad</span> <span class='ocrx_word' id='word_1_119' title='bbox 1238 1112 1363 1156; x_wconf 85' lang='lat' dir='ltr'>causam</span> 
     </span>
     <span class='ocr_line' id='line_1_13' title="bbox 121 1175 1363 1243; baseline 0.002 -6"><span class='ocrx_word' id='word_1_120' title='bbox 121 1177 249 1239; x_wconf 90' lang='lat' dir='ltr'>mundus</span> <span class='ocrx_word' id='word_1_121' title='bbox 268 1179 419 1241; x_wconf 86' lang='lat' dir='ltr'>oriretur‘l</span> <span class='ocrx_word' id='word_1_122' title='bbox 436 1178 531 1242; x_wconf 91' lang='lat' dir='ltr'>Immo</span> <span class='ocrx_word' id='word_1_123' title='bbox 560 1181 587 1242; x_wconf 92' lang='lat' dir='ltr'>si</span> <span class='ocrx_word' id='word_1_124' title='bbox 610 1199 646 1243; x_wconf 85' lang='lat' dir='ltr'>er</span> <span class='ocrx_word' id='word_1_125' title='bbox 664 1199 719 1242; x_wconf 90' lang='lat' dir='ltr'>eo·</span> <span class='ocrx_word' id='word_1_126' title='bbox 758 1176 906 1240; x_wconf 89' lang='lat' dir='ltr'>inlinitam</span> <span class='ocrx_word' id='word_1_127' title='bbox 925 1179 1102 1241; x_wconf 85' lang='lat' dir='ltr'>concludere</span> <span class='ocrx_word' id='word_1_128' title='bbox 1121 1179 1279 1241; x_wconf 91' lang='lat' dir='ltr'>nonlicet.</span> <span class='ocrx_word' id='word_1_129' title='bbox 1301 1175 1363 1240; x_wconf 89' lang='lat' dir='ltr'>Sed</span> 
     </span>
     <span class='ocr_line' id='line_1_14' title="bbox 120 1263 1367 1345; baseline 0.002 -25"><span class='ocrx_word' id='word_1_130' title='bbox 120 1277 184 1321; x_wconf 89' lang='lat' dir='ltr'>rum</span> <span class='ocrx_word' id='word_1_131' title='bbox 205 1280 351 1324; x_wconf 88' lang='lat' dir='ltr'>concursu</span> <span class='ocrx_word' id='word_1_132' title='bbox 364 1264 445 1325; x_wconf 87' lang='lat' dir='ltr'>uaria</span> <span class='ocrx_word' id='word_1_133' title='bbox 457 1265 574 1328; x_wconf 87' lang='lat' dir='ltr'>obiecta</span> <span class='ocrx_word' id='word_1_134' title='bbox 586 1264 658 1325; x_wconf 91' lang='lat' dir='ltr'>oriri</span> <span class='ocrx_word' id='word_1_135' title='bbox 668 1283 720 1344; x_wconf 91' lang='lat' dir='ltr'>po·</span> <span class='ocrx_word' id='word_1_136' title='bbox 760 1263 864 1324; x_wconf 92' lang='lat' dir='ltr'>mundi</span> <span class='ocrx_word' id='word_1_137' title='bbox 878 1263 1061 1345; x_wconf 87' lang='lat' dir='ltr'>pulcritudo,</span> <span class='ocrx_word' id='word_1_138' title='bbox 1075 1263 1291 1344; x_wconf 88' lang='lat' dir='ltr'>qualiscunque</span> <span class='ocrx_word' id='word_1_139' title='bbox 1302 1271 1367 1324; x_wconf 90' lang='lat' dir='ltr'>sta·</span> 
     </span>
     <span class='ocr_line' id='line_1_15' title="bbox 121 1341 1365 1424; baseline 0.002 -20"><span class='ocrx_word' id='word_1_140' title='bbox 121 1345 263 1422; x_wconf 86' lang='lat' dir='ltr'>tuissent,</span> <span class='ocrx_word' id='word_1_141' title='bbox 284 1347 351 1408; x_wconf 93' lang='lat' dir='ltr'>talis</span> <span class='ocrx_word' id='word_1_142' title='bbox 368 1357 467 1409; x_wconf 92' lang='lat' dir='ltr'>tamen</span> <span class='ocrx_word' id='word_1_143' title='bbox 486 1349 576 1416; x_wconf 81' lang='lat' dir='ltr'>ordo,</span> <span class='ocrx_word' id='word_1_144' title='bbox 596 1341 718 1410; x_wconf 83' lang='lat' dir='ltr'>hanno·</span> <span class='ocrx_word' id='word_1_145' title='bbox 760 1355 871 1423; x_wconf 89' lang='lat' dir='ltr'>tuatur,</span> <span class='ocrx_word' id='word_1_146' title='bbox 891 1355 992 1409; x_wconf 89' lang='lat' dir='ltr'>tamen</span> <span class='ocrx_word' id='word_1_147' title='bbox 1011 1347 1093 1408; x_wconf 86' lang='lat' dir='ltr'>finita</span> <span class='ocrx_word' id='word_1_148' title='bbox 1112 1355 1167 1423; x_wconf 84' lang='lat' dir='ltr'>esl3</span> <span class='ocrx_word' id='word_1_149' title='bbox 1189 1367 1223 1410; x_wconf 90' lang='lat' dir='ltr'>ex</span> <span class='ocrx_word' id='word_1_150' title='bbox 1235 1346 1365 1424; x_wconf 81' lang='lat' dir='ltr'>istaigi-</span> 
     </span>
     <span class='ocr_line' id='line_1_16' title="bbox 120 1427 1364 1514; baseline 0.002 -26"><span class='ocrx_word' id='word_1_151' title='bbox 120 1428 185 1503; x_wconf 74' lang='lat' dir='ltr'>nia,</span> <span class='ocrx_word' id='word_1_152' title='bbox 202 1436 232 1490; x_wconf 88' lang='lat' dir='ltr'>et</span> <span class='ocrx_word' id='word_1_153' title='bbox 254 1434 558 1511; x_wconf 85' lang='lat' dir='ltr'>scopo-congruentia</span> <span class='ocrx_word' id='word_1_154' title='bbox 581 1451 617 1494; x_wconf 89' lang='lat' dir='ltr'>ex</span> <span class='ocrx_word' id='word_1_155' title='bbox 640 1433 719 1493; x_wconf 89' lang='lat' dir='ltr'>irra·</span> <span class='ocrx_word' id='word_1_156' title='bbox 759 1439 809 1492; x_wconf 90' lang='lat' dir='ltr'>tur</span> <span class='ocrx_word' id='word_1_157' title='bbox 827 1431 863 1493; x_wconf 89' lang='lat' dir='ltr'>ad</span> <span class='ocrx_word' id='word_1_158' title='bbox 881 1432 1046 1514; x_wconf 86' lang='lat' dir='ltr'>sapientem</span> <span class='ocrx_word' id='word_1_159' title='bbox 1064 1441 1093 1493; x_wconf 91' lang='lat' dir='ltr'>et</span> <span class='ocrx_word' id='word_1_160' title='bbox 1112 1439 1263 1512; x_wconf 88' lang='lat' dir='ltr'>potentem</span> <span class='ocrx_word' id='word_1_161' title='bbox 1283 1427 1364 1511; x_wconf 90' lang='lat' dir='ltr'>Opi-</span> 
     </span>
     <span class='ocr_line' id='line_1_17' title="bbox 121 1512 1363 1596; baseline 0.002 -24"><span class='ocrx_word' id='word_1_162' title='bbox 121 1512 276 1588; x_wconf 87' lang='lat' dir='ltr'>tionabili,</span> <span class='ocrx_word' id='word_1_163' title='bbox 297 1523 325 1576; x_wconf 94' lang='lat' dir='ltr'>et</span> <span class='ocrx_word' id='word_1_164' title='bbox 348 1517 520 1596; x_wconf 89' lang='lat' dir='ltr'>perturbato</span> <span class='ocrx_word' id='word_1_165' title='bbox 549 1535 620 1578; x_wconf 90' lang='lat' dir='ltr'>casu</span> <span class='ocrx_word' id='word_1_166' title='bbox 646 1516 718 1578; x_wconf 91' lang='lat' dir='ltr'>oriri</span> <span class='ocrx_word' id='word_1_167' title='bbox 759 1516 858 1592; x_wconf 86' lang='lat' dir='ltr'>ficem,</span> <span class='ocrx_word' id='word_1_168' title='bbox 877 1534 938 1576; x_wconf 88' lang='lat' dir='ltr'>non</span> <span class='ocrx_word' id='word_1_169' title='bbox 951 1515 987 1576; x_wconf 91' lang='lat' dir='ltr'>ad</span> <span class='ocrx_word' id='word_1_170' title='bbox 1002 1515 1149 1579; x_wconf 82' lang='lat' dir='ltr'>infinitam</span> <span class='ocrx_word' id='word_1_171' title='bbox 1167 1515 1363 1596; x_wconf 88' lang='lat' dir='ltr'>sapientiam,</span> 
     </span>
     <span class='ocr_line' id='line_1_18' title="bbox 121 1596 1335 1680; baseline 0.004 -25"><span class='ocrx_word' id='word_1_172' title='bbox 121 1614 181 1656; x_wconf 93' lang='lat' dir='ltr'>non</span> <span class='ocrx_word' id='word_1_173' title='bbox 200 1596 356 1676; x_wconf 86' lang='lat' dir='ltr'>potuisset.</span> <span class='ocrx_word' id='word_1_174' title='bbox 379 1597 486 1661; x_wconf 89' lang='lat' dir='ltr'>Notatu</span> <span class='ocrx_word' id='word_1_175' title='bbox 508 1601 598 1679; x_wconf 86' lang='lat' dir='ltr'>digna</span> <span class='ocrx_word' id='word_1_176' title='bbox 625 1609 716 1676; x_wconf 91' lang='lat' dir='ltr'>sunt,</span> <span class='ocrx_word' id='word_1_177' title='bbox 759 1605 789 1660; x_wconf 92' lang='lat' dir='ltr'>et</span> <span class='ocrx_word' id='word_1_178' title='bbox 807 1599 1053 1680; x_wconf 84' lang='lat' dir='ltr'>omnipotentiam</span> <span class='ocrx_word' id='word_1_179' title='bbox 1074 1599 1227 1662; x_wconf 89' lang='lat' dir='ltr'>conclusio</span> <span class='ocrx_word' id='word_1_180' title='bbox 1247 1599 1335 1660; x_wconf 90' lang='lat' dir='ltr'>valet.</span> 
     </span>
     <span class='ocr_line' id='line_1_19' title="bbox 120 1680 1365 1766; baseline 0.004 -27"><span class='ocrx_word' id='word_1_181' title='bbox 120 1680 365 1759; x_wconf 85' lang='lat' dir='ltr'>quaedisseritll.</span> <span class='ocrx_word' id='word_1_182' title='bbox 378 1683 412 1746; x_wconf 82' lang='lat' dir='ltr'>T.</span> <span class='ocrx_word' id='word_1_183' title='bbox 422 1681 719 1766; x_wconf 82' lang='lat' dir='ltr'>Cicero(l):cQuod·</span> <span class='ocrx_word' id='word_1_184' title='bbox 799 1684 885 1764; x_wconf 83' lang='lat' dir='ltr'>Hesp.</span> <span class='ocrx_word' id='word_1_185' title='bbox 906 1684 937 1763; x_wconf 94' lang='lat' dir='ltr'>a)</span> <span class='ocrx_word' id='word_1_186' title='bbox 956 1681 986 1744; x_wconf 90' lang='lat' dir='ltr'>Si</span> <span class='ocrx_word' id='word_1_187' title='bbox 1012 1702 1047 1744; x_wconf 90' lang='lat' dir='ltr'>ex</span> <span class='ocrx_word' id='word_1_188' title='bbox 1064 1683 1170 1745; x_wconf 91' lang='lat' dir='ltr'>ordine</span> <span class='ocrx_word' id='word_1_189' title='bbox 1197 1682 1298 1744; x_wconf 91' lang='lat' dir='ltr'>mnndi</span> <span class='ocrx_word' id='word_1_190' title='bbox 1321 1683 1365 1744; x_wconf 88' lang='lat' dir='ltr'>ad</span> 
     </span>
     <span class='ocr_line' id='line_1_20' title="bbox 120 1764 1363 1849; baseline 0.002 -25"><span class='ocrx_word' id='word_1_191' title='bbox 120 1764 156 1839; x_wconf 88' lang='lat' dir='ltr'>si,</span> <span class='ocrx_word' id='word_1_192' title='bbox 174 1764 227 1840; x_wconf 91' lang='lat' dir='ltr'>ait,</span> <span class='ocrx_word' id='word_1_193' title='bbox 247 1767 391 1828; x_wconf 89' lang='lat' dir='ltr'>mundum</span> <span class='ocrx_word' id='word_1_194' title='bbox 403 1769 520 1830; x_wconf 87' lang='lat' dir='ltr'>efficere</span> <span class='ocrx_word' id='word_1_195' title='bbox 536 1776 633 1849; x_wconf 87' lang='lat' dir='ltr'>potest</span> <span class='ocrx_word' id='word_1_196' title='bbox 643 1787 718 1829; x_wconf 91' lang='lat' dir='ltr'>con·</span> <span class='ocrx_word' id='word_1_197' title='bbox 758 1767 946 1848; x_wconf 79' lang='lat' dir='ltr'>sapientem,</span> <span class='ocrx_word' id='word_1_198' title='bbox 976 1775 1005 1829; x_wconf 91' lang='lat' dir='ltr'>et</span> <span class='ocrx_word' id='word_1_199' title='bbox 1034 1776 1183 1847; x_wconf 91' lang='lat' dir='ltr'>potentem</span> <span class='ocrx_word' id='word_1_200' title='bbox 1212 1765 1363 1846; x_wconf 81' lang='lat' dir='ltr'>Opificem</span> 
     </span>
     <span class='ocr_line' id='line_1_21' title="bbox 120 1851 1361 1933; baseline 0.003 -25"><span class='ocrx_word' id='word_1_201' title='bbox 120 1866 224 1910; x_wconf 91' lang='lat' dir='ltr'>cursus</span> <span class='ocrx_word' id='word_1_202' title='bbox 234 1857 413 1928; x_wconf 92' lang='lat' dir='ltr'>atomorum,</span> <span class='ocrx_word' id='word_1_203' title='bbox 430 1871 483 1913; x_wconf 91' lang='lat' dir='ltr'>cur</span> <span class='ocrx_word' id='word_1_204' title='bbox 494 1851 653 1933; x_wconf 89' lang='lat' dir='ltr'>porticum,</span> <span class='ocrx_word' id='word_1_205' title='bbox 667 1859 718 1913; x_wconf 89' lang='lat' dir='ltr'>aul</span> <span class='ocrx_word' id='word_1_206' title='bbox 757 1853 908 1913; x_wconf 89' lang='lat' dir='ltr'>conclusio</span> <span class='ocrx_word' id='word_1_207' title='bbox 922 1852 1015 1926; x_wconf 87' lang='lat' dir='ltr'>ualet,</span> <span class='ocrx_word' id='word_1_208' title='bbox 1032 1851 1105 1913; x_wconf 90' lang='lat' dir='ltr'>haec</span> <span class='ocrx_word' id='word_1_209' title='bbox 1119 1851 1179 1912; x_wconf 93' lang='lat' dir='ltr'>iam</span> <span class='ocrx_word' id='word_1_210' title='bbox 1193 1851 1301 1914; x_wconf 85' lang='lat' dir='ltr'>sufficit</span> <span class='ocrx_word' id='word_1_211' title='bbox 1320 1851 1361 1912; x_wconf 90' lang='lat' dir='ltr'>ad</span> 
     </span>
     <span class='ocr_line' id='line_1_22' title="bbox 120 1932 1362 2013; baseline 0.003 -21"><span class='ocrx_word' id='word_1_212' title='bbox 120 1932 277 2013; x_wconf 91' lang='lat' dir='ltr'>templum,</span> <span class='ocrx_word' id='word_1_213' title='bbox 307 1953 360 1996; x_wconf 90' lang='lat' dir='ltr'>cur</span> <span class='ocrx_word' id='word_1_214' title='bbox 383 1937 516 2011; x_wconf 90' lang='lat' dir='ltr'>domum,</span> <span class='ocrx_word' id='word_1_215' title='bbox 538 1938 642 1998; x_wconf 88' lang='lat' dir='ltr'>urbem</span> <span class='ocrx_word' id='word_1_216' title='bbox 657 1955 717 1997; x_wconf 93' lang='lat' dir='ltr'>non</span> <span class='ocrx_word' id='word_1_217' title='bbox 758 1935 983 1998; x_wconf 80' lang='lat' dir='ltr'>contundendos</span> <span class='ocrx_word' id='word_1_218' title='bbox 1002 1935 1129 2012; x_wconf 77' lang='lat' dir='ltr'>Athene,</span> <span class='ocrx_word' id='word_1_219' title='bbox 1148 1935 1362 2012; x_wconf 75' lang='lat' dir='ltr'>PantheistaS,</span> 
     </span>
     <span class='ocr_line' id='line_1_23' title="bbox 121 2016 1365 2100; baseline 0.001 -22"><span class='ocrx_word' id='word_1_220' title='bbox 121 2025 269 2098; x_wconf 87' lang='lat' dir='ltr'>potest-</span> <span class='ocrx_word' id='word_1_221' title='bbox 287 2036 363 2098; x_wconf 91' lang='lat' dir='ltr'>quae</span> <span class='ocrx_word' id='word_1_222' title='bbox 381 2029 450 2082; x_wconf 87' lang='lat' dir='ltr'>sunt</span> <span class='ocrx_word' id='word_1_223' title='bbox 469 2021 566 2082; x_wconf 89' lang='lat' dir='ltr'>minus</span> <span class='ocrx_word' id='word_1_224' title='bbox 580 2037 715 2100; x_wconf 88' lang='lat' dir='ltr'>operosa,</span> <span class='ocrx_word' id='word_1_225' title='bbox 758 2027 787 2079; x_wconf 90' lang='lat' dir='ltr'>et</span> <span class='ocrx_word' id='word_1_226' title='bbox 799 2017 1014 2096; x_wconf 87' lang='lat' dir='ltr'>Materialistas,</span> <span class='ocrx_word' id='word_1_227' title='bbox 1031 2016 1082 2100; x_wconf 92' lang='lat' dir='ltr'>qui</span> <span class='ocrx_word' id='word_1_228' title='bbox 1101 2039 1160 2080; x_wconf 93' lang='lat' dir='ltr'>non</span> <span class='ocrx_word' id='word_1_229' title='bbox 1179 2021 1274 2080; x_wconf 92' lang='lat' dir='ltr'>solum</span> <span class='ocrx_word' id='word_1_230' title='bbox 1287 2037 1365 2080; x_wconf 91' lang='lat' dir='ltr'>con·</span> 
     </span>
     <span class='ocr_line' id='line_1_24' title="bbox 120 2101 1363 2182; baseline 0.001 -20"><span class='ocrx_word' id='word_1_231' title='bbox 120 2111 150 2163; x_wconf 90' lang='lat' dir='ltr'>et</span> <span class='ocrx_word' id='word_1_232' title='bbox 167 2103 262 2162; x_wconf 90' lang='lat' dir='ltr'>multo</span> <span class='ocrx_word' id='word_1_233' title='bbox 279 2103 399 2182; x_wconf 90' lang='lat' dir='ltr'>quidem</span> <span class='ocrx_word' id='word_1_234' title='bbox 418 2105 620 2166; x_wconf 83' lang='lat' dir='ltr'>faciliora‘l-</span> <span class='ocrx_word' id='word_1_235' title='bbox 633 2103 717 2166; x_wconf 88' lang='lat' dir='ltr'>Certe</span> <span class='ocrx_word' id='word_1_236' title='bbox 758 2101 883 2164; x_wconf 85' lang='lat' dir='ltr'>ditorem</span> <span class='ocrx_word' id='word_1_237' title='bbox 899 2112 1019 2182; x_wconf 82' lang='lat' dir='ltr'>negant,</span> <span class='ocrx_word' id='word_1_238' title='bbox 1034 2102 1086 2165; x_wconf 90' lang='lat' dir='ltr'>sed</span> <span class='ocrx_word' id='word_1_239' title='bbox 1102 2103 1191 2165; x_wconf 87' lang='lat' dir='ltr'>ctiam</span> <span class='ocrx_word' id='word_1_240' title='bbox 1204 2103 1363 2163; x_wconf 88' lang='lat' dir='ltr'>ordinato·</span> 
     </span>
     <span class='ocr_line' id='line_1_25' title="bbox 120 2185 1364 2268; baseline 0.001 -22"><span class='ocrx_word' id='word_1_241' title='bbox 120 2185 161 2247; x_wconf 93' lang='lat' dir='ltr'>ita</span> <span class='ocrx_word' id='word_1_242' title='bbox 190 2195 300 2247; x_wconf 87' lang='lat' dir='ltr'>temere</span> <span class='ocrx_word' id='word_1_243' title='bbox 318 2187 355 2248; x_wconf 93' lang='lat' dir='ltr'>de</span> <span class='ocrx_word' id='word_1_244' title='bbox 380 2189 490 2251; x_wconf 92' lang='lat' dir='ltr'>mundo</span> <span class='ocrx_word' id='word_1_245' title='bbox 510 2189 665 2264; x_wconf 87' lang='lat' dir='ltr'>ellntiunt,</span> <span class='ocrx_word' id='word_1_246' title='bbox 686 2197 718 2249; x_wconf 92' lang='lat' dir='ltr'>ut</span> <span class='ocrx_word' id='word_1_247' title='bbox 757 2203 833 2264; x_wconf 88' lang='lat' dir='ltr'>rem,</span> <span class='ocrx_word' id='word_1_248' title='bbox 850 2187 1058 2266; x_wconf 79' lang='lat' dir='ltr'>intelligentia,</span> <span class='ocrx_word' id='word_1_249' title='bbox 1075 2197 1105 2250; x_wconf 89' lang='lat' dir='ltr'>et</span> <span class='ocrx_word' id='word_1_250' title='bbox 1117 2187 1253 2250; x_wconf 88' lang='lat' dir='ltr'>libertate</span> <span class='ocrx_word' id='word_1_251' title='bbox 1268 2205 1364 2268; x_wconf 91' lang='lat' dir='ltr'>prae-</span> 
     </span>
     <span class='ocr_line' id='line_1_26' title="bbox 121 2269 1362 2352; baseline 0.001 -22"><span class='ocrx_word' id='word_1_252' title='bbox 121 2270 195 2331; x_wconf 91' lang='lat' dir='ltr'>mihi</span> <span class='ocrx_word' id='word_1_253' title='bbox 214 2271 334 2351; x_wconf 90' lang='lat' dir='ltr'>quidem</span> <span class='ocrx_word' id='word_1_254' title='bbox 352 2291 504 2352; x_wconf 89' lang='lat' dir='ltr'>uunquam</span> <span class='ocrx_word' id='word_1_255' title='bbox 522 2272 601 2334; x_wconf 89' lang='lat' dir='ltr'>hunc</span> <span class='ocrx_word' id='word_1_256' title='bbox 619 2272 717 2332; x_wconf 89' lang='lat' dir='ltr'>admi·</span> <span class='ocrx_word' id='word_1_257' title='bbox 758 2269 872 2348; x_wconf 91' lang='lat' dir='ltr'>ditum,</span> <span class='ocrx_word' id='word_1_258' title='bbox 891 2272 1016 2333; x_wconf 80' lang='lat' dir='ltr'>existere</span> <span class='ocrx_word' id='word_1_259' title='bbox 1045 2271 1216 2333; x_wconf 84' lang='lat' dir='ltr'>inficiantur</span> <span class='ocrx_word' id='word_1_260' title='bbox 1243 2271 1301 2350; x_wconf 64' lang='lat'>(⁰2).</span> <span class='ocrx_word' id='word_1_261' title='bbox 1324 2271 1362 2350; x_wconf 86' lang='lat' dir='ltr'>b)</span> 
     </span>
     <span class='ocr_line' id='line_1_27' title="bbox 120 2353 1363 2438; baseline 0 -22"><span class='ocrx_word' id='word_1_262' title='bbox 120 2354 246 2416; x_wconf 83' lang='lat' dir='ltr'>rabilem</span> <span class='ocrx_word' id='word_1_263' title='bbox 259 2356 334 2417; x_wconf 90' lang='lat' dir='ltr'>coeli</span> <span class='ocrx_word' id='word_1_264' title='bbox 346 2357 660 2438; x_wconf 85' lang='lat' dir='ltr'>ornatumsuspexisse</span> <span class='ocrx_word' id='word_1_265' title='bbox 670 2355 717 2416; x_wconf 91' lang='lat' dir='ltr'>vi·</span> <span class='ocrx_word' id='word_1_266' title='bbox 757 2353 910 2436; x_wconf 84' lang='lat' dir='ltr'>Propertio</span> <span class='ocrx_word' id='word_1_267' title='bbox 932 2355 1010 2418; x_wconf 93' lang='lat' dir='ltr'>inter</span> <span class='ocrx_word' id='word_1_268' title='bbox 1028 2356 1165 2417; x_wconf 83' lang='lat' dir='ltr'>ellectum</span> <span class='ocrx_word' id='word_1_269' title='bbox 1184 2362 1214 2417; x_wconf 91' lang='lat' dir='ltr'>et</span> <span class='ocrx_word' id='word_1_270' title='bbox 1236 2371 1363 2416; x_wconf 88' lang='lat' dir='ltr'>cansam</span> 
     </span>
     <span class='ocr_line' id='line_1_28' title="bbox 120 2434 1362 2518; baseline 0 -20"><span class='ocrx_word' id='word_1_271' title='bbox 120 2438 258 2499; x_wconf 84' lang='lat' dir='ltr'>deantur.</span> <span class='ocrx_word' id='word_1_272' title='bbox 276 2434 499 2518; x_wconf 82' lang='lat' dir='ltr'>Qniexistimai,</span> <span class='ocrx_word' id='word_1_273' title='bbox 513 2442 658 2503; x_wconf 92' lang='lat' dir='ltr'>mundum</span> <span class='ocrx_word' id='word_1_274' title='bbox 671 2440 716 2501; x_wconf 92' lang='lat' dir='ltr'>el·</span> <span class='ocrx_word' id='word_1_275' title='bbox 758 2440 878 2500; x_wconf 92' lang='lat' dir='ltr'>omnino</span> <span class='ocrx_word' id='word_1_276' title='bbox 897 2439 960 2500; x_wconf 89' lang='lat' dir='ltr'>duri</span> <span class='ocrx_word' id='word_1_277' title='bbox 978 2439 1079 2514; x_wconf 89' lang='lat' dir='ltr'>debet,</span> <span class='ocrx_word' id='word_1_278' title='bbox 1100 2439 1151 2500; x_wconf 88' lang='lat' dir='ltr'>sed</span> <span class='ocrx_word' id='word_1_279' title='bbox 1168 2440 1245 2514; x_wconf 92' lang='lat' dir='ltr'>talis,</span> <span class='ocrx_word' id='word_1_280' title='bbox 1262 2449 1294 2500; x_wconf 91' lang='lat' dir='ltr'>ut</span> <span class='ocrx_word' id='word_1_281' title='bbox 1310 2439 1362 2500; x_wconf 88' lang='lat' dir='ltr'>el-</span> 
     </span>
     <span class='ocr_line' id='line_1_29' title="bbox 120 2522 1365 2606; baseline -0.002 -22"><span class='ocrx_word' id='word_1_282' title='bbox 120 2522 168 2584; x_wconf 88' lang='lat' dir='ltr'>lici</span> <span class='ocrx_word' id='word_1_283' title='bbox 188 2523 409 2585; x_wconf 80' lang='lat' dir='ltr'>ornatissimum</span> <span class='ocrx_word' id='word_1_284' title='bbox 436 2533 465 2586; x_wconf 91' lang='lat' dir='ltr'>et</span> <span class='ocrx_word' id='word_1_285' title='bbox 485 2524 716 2606; x_wconf 88' lang='lat' dir='ltr'>pulcherrimum</span> <span class='ocrx_word' id='word_1_286' title='bbox 758 2523 851 2584; x_wconf 89' lang='lat' dir='ltr'>lectus</span> <span class='ocrx_word' id='word_1_287' title='bbox 869 2543 929 2584; x_wconf 93' lang='lat' dir='ltr'>non</span> <span class='ocrx_word' id='word_1_288' title='bbox 949 2524 987 2584; x_wconf 92' lang='lat' dir='ltr'>sit</span> <span class='ocrx_word' id='word_1_289' title='bbox 1005 2523 1100 2585; x_wconf 90' lang='lat' dir='ltr'>maior</span> <span class='ocrx_word' id='word_1_290' title='bbox 1122 2543 1175 2585; x_wconf 91' lang='lat' dir='ltr'>sua</span> <span class='ocrx_word' id='word_1_291' title='bbox 1195 2541 1294 2584; x_wconf 87' lang='lat' dir='ltr'>causa:</span> <span class='ocrx_word' id='word_1_292' title='bbox 1313 2533 1365 2583; x_wconf 87' lang='lat' dir='ltr'>ast</span> 
     </span>
    </p>
   </div>
   <div class='ocr_carea' id='block_1_3' title="bbox 120 2603 1453 2688">
    <p class='ocr_par' dir='ltr' id='par_1_4' title="bbox 120 2603 1453 2688">
     <span class='ocr_line' id='line_1_30' title="bbox 120 2603 1453 2688; baseline -0.002 -20"><span class='ocrx_word' id='word_1_293' title='bbox 120 2625 155 2668; x_wconf 86' lang='lat' dir='ltr'>ex</span> <span class='ocrx_word' id='word_1_294' title='bbox 166 2625 268 2668; x_wconf 88' lang='lat' dir='ltr'>corum</span> <span class='ocrx_word' id='word_1_295' title='bbox 277 2625 433 2688; x_wconf 89' lang='lat' dir='ltr'>corporum</span> <span class='ocrx_word' id='word_1_296' title='bbox 448 2611 643 2671; x_wconf 87' lang='lat' dir='ltr'>concursione</span> <span class='ocrx_word' id='word_1_297' title='bbox 656 2610 717 2668; x_wconf 89' lang='lat' dir='ltr'>lor·</span> <span class='ocrx_word' id='word_1_298' title='bbox 759 2625 847 2668; x_wconf 87' lang='lat' dir='ltr'>causa</span> <span class='ocrx_word' id='word_1_299' title='bbox 867 2607 961 2668; x_wconf 90' lang='lat' dir='ltr'>maior</span> <span class='ocrx_word' id='word_1_300' title='bbox 974 2627 1029 2668; x_wconf 90' lang='lat' dir='ltr'>suo</span> <span class='ocrx_word' id='word_1_301' title='bbox 1045 2608 1151 2668; x_wconf 84' lang='lat' dir='ltr'>effectu</span> <span class='ocrx_word' id='word_1_302' title='bbox 1168 2627 1232 2668; x_wconf 88' lang='lat' dir='ltr'>osse</span> <span class='ocrx_word' id='word_1_303' title='bbox 1248 2615 1361 2686; x_wconf 90' lang='lat' dir='ltr'>potest,</span> <span class='ocrx_word' id='word_1_304' title='bbox 1452 2603 1453 2606; x_wconf 64' lang='grc'>’</span> 
     </span>
    </p>
   </div>
   <div class='ocr_carea' id='block_1_4' title="bbox 120 2691 1364 3108">
    <p class='ocr_par' dir='ltr' id='par_1_5' title="bbox 120 2691 1364 3108">
     <span class='ocr_line' id='line_1_31' title="bbox 123 2691 1362 2771; baseline -0.001 -20"><span class='ocrx_word' id='word_1_305' title='bbox 123 2691 209 2766; x_wconf 89' lang='lat' dir='ltr'>tuita,</span> <span class='ocrx_word' id='word_1_306' title='bbox 230 2709 288 2751; x_wconf 89' lang='lat' dir='ltr'>non</span> <span class='ocrx_word' id='word_1_307' title='bbox 315 2691 459 2771; x_wconf 84' lang='lat' dir='ltr'>intelligo,</span> <span class='ocrx_word' id='word_1_308' title='bbox 480 2711 533 2754; x_wconf 89' lang='lat' dir='ltr'>cur</span> <span class='ocrx_word' id='word_1_309' title='bbox 551 2713 611 2754; x_wconf 92' lang='lat' dir='ltr'>non</span> <span class='ocrx_word' id='word_1_310' title='bbox 639 2692 717 2753; x_wconf 89' lang='lat' dir='ltr'>idern</span> <span class='ocrx_word' id='word_1_311' title='bbox 759 2700 788 2751; x_wconf 90' lang='lat' dir='ltr'>et</span> <span class='ocrx_word' id='word_1_312' title='bbox 807 2691 905 2752; x_wconf 89' lang='lat' dir='ltr'>debet.</span> <span class='ocrx_word' id='word_1_313' title='bbox 927 2691 1024 2753; x_wconf 87' lang='lat' dir='ltr'>Etiam</span> <span class='ocrx_word' id='word_1_314' title='bbox 1044 2710 1134 2752; x_wconf 89' lang='lat' dir='ltr'>causa</span> <span class='ocrx_word' id='word_1_315' title='bbox 1151 2691 1268 2752; x_wconf 84' lang='lat' dir='ltr'>infinita</span> <span class='ocrx_word' id='word_1_316' title='bbox 1283 2691 1362 2751; x_wconf 87' lang='lat' dir='ltr'>elle-</span> 
     </span>
     <span class='ocr_line' id='line_1_32' title="bbox 121 2772 1362 2856; baseline -0.002 -20"><span class='ocrx_word' id='word_1_317' title='bbox 121 2784 216 2856; x_wconf 89' lang='lat' dir='ltr'>putct,</span> <span class='ocrx_word' id='word_1_318' title='bbox 233 2775 258 2834; x_wconf 91' lang='lat' dir='ltr'>si</span> <span class='ocrx_word' id='word_1_319' title='bbox 274 2775 508 2839; x_wconf 89' lang='lat' dir='ltr'>innumerabiles</span> <span class='ocrx_word' id='word_1_320' title='bbox 519 2779 619 2850; x_wconf 92' lang='lat' dir='ltr'>unius,</span> <span class='ocrx_word' id='word_1_321' title='bbox 633 2775 718 2838; x_wconf 91' lang='lat' dir='ltr'>etvi-</span> <span class='ocrx_word' id='word_1_322' title='bbox 759 2784 823 2836; x_wconf 92' lang='lat' dir='ltr'>ctus</span> <span class='ocrx_word' id='word_1_323' title='bbox 837 2776 936 2837; x_wconf 82' lang='lat' dir='ltr'>sirritos</span> <span class='ocrx_word' id='word_1_324' title='bbox 952 2772 1099 2856; x_wconf 81' lang='lat' dir='ltr'>producit,</span> <span class='ocrx_word' id='word_1_325' title='bbox 1121 2793 1188 2836; x_wconf 84' lang='lat' dir='ltr'>curn</span> <span class='ocrx_word' id='word_1_326' title='bbox 1201 2773 1362 2854; x_wconf 83' lang='lat' dir='ltr'>metaphy-</span> 
     </span>
     <span class='ocr_line' id='line_1_33' title="bbox 121 2858 1363 2940; baseline 0 -20"><span class='ocrx_word' id='word_1_327' title='bbox 121 2859 196 2937; x_wconf 82' lang='lat' dir='ltr'>ginti</span> <span class='ocrx_word' id='word_1_328' title='bbox 214 2859 327 2920; x_wconf 83' lang='lat' dir='ltr'>formae</span> <span class='ocrx_word' id='word_1_329' title='bbox 346 2861 512 2922; x_wconf 88' lang='lat' dir='ltr'>litterarum</span> <span class='ocrx_word' id='word_1_330' title='bbox 529 2863 575 2922; x_wconf 84' lang='lat' dir='ltr'>rel</span> <span class='ocrx_word' id='word_1_331' title='bbox 598 2877 718 2936; x_wconf 83' lang='lat' dir='ltr'>aureae,</span> <span class='ocrx_word' id='word_1_332' title='bbox 759 2859 819 2920; x_wconf 90' lang='lat' dir='ltr'>sice</span> <span class='ocrx_word' id='word_1_333' title='bbox 846 2858 1030 2940; x_wconf 88' lang='lat' dir='ltr'>impossihile</span> <span class='ocrx_word' id='word_1_334' title='bbox 1049 2860 1110 2935; x_wconf 90' lang='lat' dir='ltr'>sit,</span> <span class='ocrx_word' id='word_1_335' title='bbox 1131 2877 1183 2920; x_wconf 90' lang='lat' dir='ltr'>ens</span> <span class='ocrx_word' id='word_1_336' title='bbox 1207 2859 1363 2920; x_wconf 80' lang='lat' dir='ltr'>inlinitum</span> 
     </span>
     <span class='ocr_line' id='line_1_34' title="bbox 120 2943 1364 3025; baseline -0.001 -21"><span class='ocrx_word' id='word_1_337' title='bbox 120 2944 167 3004; x_wconf 88' lang='lat' dir='ltr'>rel</span> <span class='ocrx_word' id='word_1_338' title='bbox 196 2943 346 3023; x_wconf 88' lang='lat' dir='ltr'>quaelibet</span> <span class='ocrx_word' id='word_1_339' title='bbox 372 2946 472 3025; x_wconf 88' lang='lat' dir='ltr'>aliquo</span> <span class='ocrx_word' id='word_1_340' title='bbox 502 2944 719 3020; x_wconf 91' lang='lat' dir='ltr'>coniiciantur,</span> <span class='ocrx_word' id='word_1_341' title='bbox 760 2943 935 3022; x_wconf 85' lang='lat' dir='ltr'>producere,</span> <span class='ocrx_word' id='word_1_342' title='bbox 957 2945 1027 3024; x_wconf 90' lang='lat' dir='ltr'>quia</span> <span class='ocrx_word' id='word_1_343' title='bbox 1043 2943 1101 3005; x_wconf 93' lang='lat' dir='ltr'>duo</span> <span class='ocrx_word' id='word_1_344' title='bbox 1121 2943 1237 3004; x_wconf 84' lang='lat' dir='ltr'>infinita</span> <span class='ocrx_word' id='word_1_345' title='bbox 1252 2945 1364 3003; x_wconf 87' lang='lat' dir='ltr'>existe-</span> 
     </span>
     <span class='ocr_line' id='line_1_35' title="bbox 122 3027 1361 3108; baseline 0 -20"><span class='ocrx_word' id='word_1_346' title='bbox 122 3046 209 3108; x_wconf 92' lang='lat' dir='ltr'>posse</span> <span class='ocrx_word' id='word_1_347' title='bbox 228 3045 263 3091; x_wconf 85' lang='lat' dir='ltr'>ex</span> <span class='ocrx_word' id='word_1_348' title='bbox 281 3027 328 3089; x_wconf 83' lang='lat' dir='ltr'>nis</span> <span class='ocrx_word' id='word_1_349' title='bbox 351 3028 382 3090; x_wconf 93' lang='lat' dir='ltr'>in</span> <span class='ocrx_word' id='word_1_350' title='bbox 402 3037 511 3090; x_wconf 86' lang='lat' dir='ltr'>terram</span> <span class='ocrx_word' id='word_1_351' title='bbox 530 3029 645 3090; x_wconf 86' lang='lat' dir='ltr'>excusis</span> <span class='ocrx_word' id='word_1_352' title='bbox 663 3047 719 3088; x_wconf 79' lang='lat' dir='ltr'>an·</span> <span class='ocrx_word' id='word_1_353' title='bbox 738 3065 743 3097; x_wconf 75' lang='lat' dir='ltr'>r</span> <span class='ocrx_word' id='word_1_354' title='bbox 759 3045 791 3088; x_wconf 91' lang='lat' dir='ltr'>re</span> <span class='ocrx_word' id='word_1_355' title='bbox 809 3036 972 3107; x_wconf 89' lang='lat' dir='ltr'>nequeunt.</span> <span class='ocrx_word' id='word_1_356' title='bbox 1005 3027 1048 3089; x_wconf 85' lang='lat' dir='ltr'>Ex</span> <span class='ocrx_word' id='word_1_357' title='bbox 1074 3027 1230 3088; x_wconf 83' lang='lat' dir='ltr'>effectibus</span> <span class='ocrx_word' id='word_1_358' title='bbox 1257 3033 1361 3088; x_wconf 89' lang='lat' dir='ltr'>autem</span> 
     </span>
    </p>
   </div>
   <div class='ocr_carea' id='block_1_5' title="bbox 122 3105 1453 3194">
    <p class='ocr_par' dir='ltr' id='par_1_6' title="bbox 122 3105 1453 3194">
     <span class='ocr_line' id='line_1_36' title="bbox 122 3105 1453 3194; baseline -0.003 -22"><span class='ocrx_word' id='word_1_359' title='bbox 122 3113 205 3172; x_wconf 89' lang='lat' dir='ltr'>nales</span> <span class='ocrx_word' id='word_1_360' title='bbox 222 3111 334 3189; x_wconf 83' lang='lat' dir='ltr'>Ennii,</span> <span class='ocrx_word' id='word_1_361' title='bbox 353 3121 386 3173; x_wconf 92' lang='lat' dir='ltr'>nt</span> <span class='ocrx_word' id='word_1_362' title='bbox 403 3113 542 3194; x_wconf 88' lang='lat' dir='ltr'>deinceps</span> <span class='ocrx_word' id='word_1_363' title='bbox 565 3114 621 3191; x_wconf 85' lang='lat' dir='ltr'>legi</span> <span class='ocrx_word' id='word_1_364' title='bbox 648 3131 719 3194; x_wconf 89' lang='lat' dir='ltr'>pos·</span> <span class='ocrx_word' id='word_1_365' title='bbox 737 3105 849 3186; x_wconf 52' lang='lat' dir='ltr'>{linitis</span> <span class='ocrx_word' id='word_1_366' title='bbox 869 3111 905 3172; x_wconf 92' lang='lat' dir='ltr'>ad</span> <span class='ocrx_word' id='word_1_367' title='bbox 923 3129 1043 3172; x_wconf 90' lang='lat' dir='ltr'>causam</span> <span class='ocrx_word' id='word_1_368' title='bbox 1062 3111 1208 3172; x_wconf 80' lang='lat' dir='ltr'>infinitam</span> <span class='ocrx_word' id='word_1_369' title='bbox 1234 3111 1361 3171; x_wconf 90' lang='lat' dir='ltr'>conclu·</span> <span class='ocrx_word' id='word_1_370' title='bbox 1452 3161 1453 3168; x_wconf 71' lang='grc'>,</span> 
     </span>
    </p>
   </div>
   <div class='ocr_carea' id='block_1_6' title="bbox 122 3195 1362 3360">
    <p class='ocr_par' dir='ltr' id='par_1_7' title="bbox 122 3195 1362 3360">
     <span class='ocr_line' id='line_1_37' title="bbox 122 3195 1362 3360; baseline 0.001 -105"><span class='ocrx_word' id='word_1_371' title='bbox 122 3195 194 3272; x_wconf 88' lang='lat' dir='ltr'>siut,</span> <span class='ocrx_word' id='word_1_372' title='bbox 214 3197 306 3273; x_wconf 85' lang='lat' dir='ltr'>effici,</span> <span class='ocrx_word' id='word_1_373' title='bbox 329 3197 408 3276; x_wconf 91' lang='lat' dir='ltr'>quod</span> <span class='ocrx_word' id='word_1_374' title='bbox 428 3197 547 3273; x_wconf 90' lang='lat' dir='ltr'>nescio,</span> <span class='ocrx_word' id='word_1_375' title='bbox 568 3217 604 3258; x_wconf 92' lang='lat' dir='ltr'>an</span> <span class='ocrx_word' id='word_1_376' title='bbox 624 3216 661 3258; x_wconf 90' lang='lat' dir='ltr'>ne</span> <span class='ocrx_word' id='word_1_377' title='bbox 688 3197 719 3256; x_wconf 94' lang='lat' dir='ltr'>in</span> <span class='ocrx_word' id='word_1_378' title='bbox 738 3195 829 3360; x_wconf 66' lang='lat' dir='ltr'>qdere</span> <span class='ocrx_word' id='word_1_379' title='bbox 844 3195 923 3270; x_wconf 91' lang='lat' dir='ltr'>licet,</span> <span class='ocrx_word' id='word_1_380' title='bbox 944 3195 968 3255; x_wconf 79' lang='lat' dir='ltr'>&#39;si</span> <span class='ocrx_word' id='word_1_381' title='bbox 984 3196 1101 3256; x_wconf 93' lang='lat' dir='ltr'>illorum</span> <span class='ocrx_word' id='word_1_382' title='bbox 1118 3195 1192 3255; x_wconf 85' lang='lat' dir='ltr'>ratio</span> <span class='ocrx_word' id='word_1_383' title='bbox 1209 3195 1362 3256; x_wconf 85' lang='lat' dir='ltr'>sufficiens</span> 
     </span>
    </p>
   </div>
   <div class='ocr_carea' id='block_1_7' title="bbox 47 3265 1362 4282">
    <p class='ocr_par' dir='ltr' id='par_1_8' title="bbox 122 3265 1362 3442">
     <span class='ocr_line' id='line_1_38' title="bbox 122 3265 1362 3362; baseline 0.001 -23"><span class='ocrx_word' id='word_1_384' title='bbox 122 3279 310 3359; x_wconf 91' lang='lat' dir='ltr'>unoquidem</span> <span class='ocrx_word' id='word_1_385' title='bbox 329 3299 416 3342; x_wconf 86' lang='lat' dir='ltr'>uersu</span> <span class='ocrx_word' id='word_1_386' title='bbox 432 3282 524 3362; x_wconf 89' lang='lat' dir='ltr'>possit</span> <span class='ocrx_word' id='word_1_387' title='bbox 539 3290 651 3343; x_wconf 92' lang='lat' dir='ltr'>tantum</span> <span class='ocrx_word' id='word_1_388' title='bbox 667 3300 719 3342; x_wconf 88' lang='lat' dir='ltr'>va·</span> <span class='ocrx_word' id='word_1_389' title='bbox 758 3265 824 3340; x_wconf 79' lang='lat' dir='ltr'>siue</span> <span class='ocrx_word' id='word_1_390' title='bbox 847 3278 900 3339; x_wconf 89' lang='lat' dir='ltr'>hac</span> <span class='ocrx_word' id='word_1_391' title='bbox 924 3279 1050 3339; x_wconf 91' lang='lat' dir='ltr'>inveniri</span> <span class='ocrx_word' id='word_1_392' title='bbox 1070 3297 1128 3340; x_wconf 93' lang='lat' dir='ltr'>non</span> <span class='ocrx_word' id='word_1_393' title='bbox 1149 3278 1252 3358; x_wconf 91' lang='lat' dir='ltr'>possit.</span> <span class='ocrx_word' id='word_1_394' title='bbox 1273 3279 1301 3356; x_wconf 86' lang='lat' dir='ltr'>c)</span> <span class='ocrx_word' id='word_1_395' title='bbox 1321 3277 1362 3340; x_wconf 84' lang='lat' dir='ltr'>Et</span> 
     </span>
     <span class='ocr_line' id='line_1_39' title="bbox 122 3362 1361 3442; baseline -0.001 -18"><span class='ocrx_word' id='word_1_396' title='bbox 122 3363 183 3425; x_wconf 89' lang='lat' dir='ltr'>lere</span> <span class='ocrx_word' id='word_1_397' title='bbox 202 3364 362 3424; x_wconf 76' lang='lat' dir='ltr'>fortuna.»</span> <span class='ocrx_word' id='word_1_398' title='bbox 738 3369 741 3402; x_wconf 79' lang='lat'><em>¹</em></span> <span class='ocrx_word' id='word_1_399' title='bbox 759 3363 784 3422; x_wconf 90' lang='lat' dir='ltr'>si</span> <span class='ocrx_word' id='word_1_400' title='bbox 803 3381 837 3423; x_wconf 91' lang='lat' dir='ltr'>ex</span> <span class='ocrx_word' id='word_1_401' title='bbox 860 3363 1060 3442; x_wconf 90' lang='lat' dir='ltr'>pulcritudine</span> <span class='ocrx_word' id='word_1_402' title='bbox 1077 3362 1179 3423; x_wconf 91' lang='lat' dir='ltr'>mundi</span> <span class='ocrx_word' id='word_1_403' title='bbox 1192 3363 1361 3423; x_wconf 90' lang='lat' dir='ltr'>solummo-</span> 
     </span>
    </p>

    <p class='ocr_par' dir='ltr' id='par_1_9' title="bbox 47 3445 1361 3950">
     <span class='ocr_line' id='line_1_40' title="bbox 168 3445 1361 3527; baseline -0.003 -17"><span class='ocrx_word' id='word_1_404' title='bbox 168 3447 232 3510; x_wconf 83' lang='lat' dir='ltr'>Odi.</span> <span class='ocrx_word' id='word_1_405' title='bbox 255 3445 555 3524; x_wconf 63' lang='lat' dir='ltr'>edomuerint).</span> <span class='ocrx_word' id='word_1_406' title='bbox 576 3449 720 3512; x_wconf 74' lang='lat' dir='ltr'>Harmina</span> <span class='ocrx_word' id='word_1_407' title='bbox 761 3447 796 3507; x_wconf 89' lang='lat' dir='ltr'>do</span> <span class='ocrx_word' id='word_1_408' title='bbox 826 3447 861 3507; x_wconf 89' lang='lat' dir='ltr'>ad</span> <span class='ocrx_word' id='word_1_409' title='bbox 881 3447 1045 3527; x_wconf 87' lang='lat' dir='ltr'>sapientem</span> <span class='ocrx_word' id='word_1_410' title='bbox 1072 3447 1207 3526; x_wconf 78' lang='lat' dir='ltr'>opificem</span> <span class='ocrx_word' id='word_1_411' title='bbox 1233 3445 1361 3507; x_wconf 89' lang='lat' dir='ltr'>conclu·</span> 
     </span>
     <span class='ocr_line' id='line_1_41' title="bbox 123 3527 1361 3612; baseline -0.002 -19"><span class='ocrx_word' id='word_1_412' title='bbox 123 3530 211 3593; x_wconf 87' lang='lat' dir='ltr'>nobis</span> <span class='ocrx_word' id='word_1_413' title='bbox 230 3549 337 3608; x_wconf 81' lang='lat' dir='ltr'>magna</span> <span class='ocrx_word' id='word_1_414' title='bbox 356 3543 489 3612; x_wconf 89' lang='lat' dir='ltr'>exparte</span> <span class='ocrx_word' id='word_1_415' title='bbox 508 3534 644 3612; x_wconf 70' lang='lat' dir='ltr'>aenigma</span> <span class='ocrx_word' id='word_1_416' title='bbox 662 3541 717 3607; x_wconf 89' lang='lat' dir='ltr'>est,</span> <span class='ocrx_word' id='word_1_417' title='bbox 760 3530 890 3591; x_wconf 80' lang='lat' dir='ltr'>dandum</span> <span class='ocrx_word' id='word_1_418' title='bbox 908 3532 958 3606; x_wconf 90' lang='lat' dir='ltr'>sit,</span> <span class='ocrx_word' id='word_1_419' title='bbox 977 3531 1158 3610; x_wconf 87' lang='lat' dir='ltr'>quaerimus:</span> <span class='ocrx_word' id='word_1_420' title='bbox 1178 3527 1215 3590; x_wconf 85' lang='lat' dir='ltr'>an&#39;</span> <span class='ocrx_word' id='word_1_421' title='bbox 1230 3527 1361 3610; x_wconf 87' lang='lat' dir='ltr'>Sapien-</span> 
     </span>
     <span class='ocr_line' id='line_1_42' title="bbox 124 3613 1359 3696; baseline -0.002 -19"><span class='ocrx_word' id='word_1_422' title='bbox 124 3625 153 3677; x_wconf 89' lang='lat' dir='ltr'>et</span> <span class='ocrx_word' id='word_1_423' title='bbox 176 3615 212 3676; x_wconf 90' lang='lat' dir='ltr'>de</span> <span class='ocrx_word' id='word_1_424' title='bbox 235 3615 338 3676; x_wconf 89' lang='lat' dir='ltr'>ordine</span> <span class='ocrx_word' id='word_1_425' title='bbox 361 3615 453 3696; x_wconf 91' lang='lat' dir='ltr'>ipsius</span> <span class='ocrx_word' id='word_1_426' title='bbox 472 3619 621 3680; x_wconf 87' lang='lat' dir='ltr'>sufficiens</span> <span class='ocrx_word' id='word_1_427' title='bbox 639 3617 720 3678; x_wconf 90' lang='lat' dir='ltr'>iudi·</span> <span class='ocrx_word' id='word_1_428' title='bbox 761 3615 801 3675; x_wconf 92' lang='lat' dir='ltr'>tia</span> <span class='ocrx_word' id='word_1_429' title='bbox 819 3615 908 3676; x_wconf 89' lang='lat' dir='ltr'>huius</span> <span class='ocrx_word' id='word_1_430' title='bbox 926 3615 1040 3694; x_wconf 86' lang='lat' dir='ltr'>opificis</span> <span class='ocrx_word' id='word_1_431' title='bbox 1066 3616 1102 3675; x_wconf 85' lang='lat' dir='ltr'>ab</span> <span class='ocrx_word' id='word_1_432' title='bbox 1121 3615 1180 3674; x_wconf 89' lang='lat' dir='ltr'>alia</span> <span class='ocrx_word' id='word_1_433' title='bbox 1205 3613 1359 3692; x_wconf 80' lang='lat' dir='ltr'>dirigitur,</span> 
     </span>
     <span class='ocr_line' id='line_1_43' title="bbox 47 3695 1361 3782; baseline -0.002 -21"><span class='ocrx_word' id='word_1_434' title='bbox 47 3727 50 3744; x_wconf 88' lang='lat'><em>·</em></span> <span class='ocrx_word' id='word_1_435' title='bbox 125 3700 203 3761; x_wconf 93' lang='lat' dir='ltr'>cium</span> <span class='ocrx_word' id='word_1_436' title='bbox 220 3700 296 3760; x_wconf 89' lang='lat' dir='ltr'>lerre</span> <span class='ocrx_word' id='word_1_437' title='bbox 312 3700 390 3761; x_wconf 89' lang='lat' dir='ltr'>haud</span> <span class='ocrx_word' id='word_1_438' title='bbox 406 3720 576 3781; x_wconf 91' lang='lat' dir='ltr'>possumus,</span> <span class='ocrx_word' id='word_1_439' title='bbox 591 3702 662 3782; x_wconf 89' lang='lat' dir='ltr'>quia</span> <span class='ocrx_word' id='word_1_440' title='bbox 677 3709 722 3761; x_wconf 92' lang='lat' dir='ltr'>to·</span> <span class='ocrx_word' id='word_1_441' title='bbox 761 3707 790 3759; x_wconf 90' lang='lat' dir='ltr'>et</span> <span class='ocrx_word' id='word_1_442' title='bbox 812 3699 849 3760; x_wconf 92' lang='lat' dir='ltr'>ab</span> <span class='ocrx_word' id='word_1_443' title='bbox 867 3699 922 3759; x_wconf 89' lang='lat' dir='ltr'>hac</span> <span class='ocrx_word' id='word_1_444' title='bbox 938 3698 1096 3778; x_wconf 89' lang='lat' dir='ltr'>dependet,</span> <span class='ocrx_word' id='word_1_445' title='bbox 1116 3699 1162 3758; x_wconf 88' lang='lat' dir='ltr'>vel</span> <span class='ocrx_word' id='word_1_446' title='bbox 1178 3695 1260 3758; x_wconf 73' lang='lat' dir='ltr'>noni</span> <span class='ocrx_word' id='word_1_447' title='bbox 1276 3699 1361 3758; x_wconf 90' lang='lat' dir='ltr'>—si</span> 
     </span>
     <span class='ocr_line' id='line_1_44' title="bbox 124 3778 1358 3865; baseline -0.003 -21"><span class='ocrx_word' id='word_1_448' title='bbox 124 3793 188 3844; x_wconf 91' lang='lat' dir='ltr'>tum</span> <span class='ocrx_word' id='word_1_449' title='bbox 203 3778 389 3861; x_wconf 84' lang='lat' dir='ltr'>Universum,</span> <span class='ocrx_word' id='word_1_450' title='bbox 402 3794 432 3847; x_wconf 92' lang='lat' dir='ltr'>et</span> <span class='ocrx_word' id='word_1_451' title='bbox 446 3787 578 3860; x_wconf 91' lang='lat' dir='ltr'>omnium</span> <span class='ocrx_word' id='word_1_452' title='bbox 592 3785 720 3865; x_wconf 90' lang='lat' dir='ltr'>partium</span> <span class='ocrx_word' id='word_1_453' title='bbox 761 3782 1196 3862; x_wconf 87' lang='lat' dir='ltr'>dependet,renovatureadem</span> <span class='ocrx_word' id='word_1_454' title='bbox 1211 3780 1358 3861; x_wconf 82' lang='lat' dir='ltr'>quaestio,</span> 
     </span>
     <span class='ocr_line' id='line_1_45' title="bbox 126 3863 1361 3950; baseline -0.004 -20"><span class='ocrx_word' id='word_1_455' title='bbox 126 3863 341 3930; x_wconf 76' lang='lat' dir='ltr'>connexionem</span> <span class='ocrx_word' id='word_1_456' title='bbox 361 3888 420 3930; x_wconf 94' lang='lat' dir='ltr'>non</span> <span class='ocrx_word' id='word_1_457' title='bbox 438 3869 647 3950; x_wconf 90' lang='lat' dir='ltr'>perspicimus.</span> <span class='ocrx_word' id='word_1_458' title='bbox 763 3867 885 3949; x_wconf 88' lang='lat' dir='ltr'>quaein</span> <span class='ocrx_word' id='word_1_459' title='bbox 906 3866 1054 3926; x_wconf 85' lang='lat' dir='ltr'>infinitum</span> <span class='ocrx_word' id='word_1_460' title='bbox 1074 3865 1196 3946; x_wconf 91' lang='lat' dir='ltr'>produci</span> <span class='ocrx_word' id='word_1_461' title='bbox 1215 3884 1274 3925; x_wconf 91' lang='lat' dir='ltr'>non</span> <span class='ocrx_word' id='word_1_462' title='bbox 1290 3874 1361 3946; x_wconf 92' lang='lat' dir='ltr'>pot·</span> 
     </span>
    </p>

    <p class='ocr_par' dir='ltr' id='par_1_10' title="bbox 127 3949 1361 4282">
     <span class='ocr_line' id='line_1_46' title="bbox 177 3949 1358 4030; baseline -0.005 -16"><span class='ocrx_word' id='word_1_463' title='bbox 177 3953 264 4030; x_wconf 83' lang='lat' dir='ltr'>Rcep.</span> <span class='ocrx_word' id='word_1_464' title='bbox 284 3950 422 4023; x_wconf 87' lang='lat' dir='ltr'>Quamvis</span> <span class='ocrx_word' id='word_1_465' title='bbox 441 3955 585 4015; x_wconf 90' lang='lat' dir='ltr'>nonnulla</span> <span class='ocrx_word' id='word_1_466' title='bbox 602 3953 721 4028; x_wconf 88' lang='lat' dir='ltr'>dentur,</span> <span class='ocrx_word' id='word_1_467' title='bbox 763 3959 824 4014; x_wconf 89' lang='lat' dir='ltr'>est:</span> <span class='ocrx_word' id='word_1_468' title='bbox 849 3951 874 4010; x_wconf 92' lang='lat' dir='ltr'>si</span> <span class='ocrx_word' id='word_1_469' title='bbox 893 3967 952 4010; x_wconf 93' lang='lat' dir='ltr'>non</span> <span class='ocrx_word' id='word_1_470' title='bbox 978 3949 1138 4030; x_wconf 89' lang='lat' dir='ltr'>dependet,</span> <span class='ocrx_word' id='word_1_471' title='bbox 1163 3967 1279 4010; x_wconf 87' lang='lat' dir='ltr'>summa</span> <span class='ocrx_word' id='word_1_472' title='bbox 1301 3958 1358 4023; x_wconf 89' lang='lat' dir='ltr'>est,</span> 
     </span>
     <span class='ocr_line' id='line_1_47' title="bbox 127 4033 1361 4117; baseline -0.005 -21"><span class='ocrx_word' id='word_1_473' title='bbox 127 4036 251 4117; x_wconf 91' lang='lat' dir='ltr'>quaein</span> <span class='ocrx_word' id='word_1_474' title='bbox 274 4035 328 4098; x_wconf 90' lang='lat' dir='ltr'>hac</span> <span class='ocrx_word' id='word_1_475' title='bbox 345 4055 443 4098; x_wconf 92' lang='lat' dir='ltr'>rerum</span> <span class='ocrx_word' id='word_1_476' title='bbox 460 4037 652 4098; x_wconf 89' lang='lat' dir='ltr'>universitate</span> <span class='ocrx_word' id='word_1_477' title='bbox 670 4056 724 4097; x_wconf 92' lang='lat' dir='ltr'>no-</span> <span class='ocrx_word' id='word_1_478' title='bbox 763 4053 856 4116; x_wconf 89' lang='lat' dir='ltr'>aqua</span> <span class='ocrx_word' id='word_1_479' title='bbox 875 4033 974 4094; x_wconf 91' lang='lat' dir='ltr'>omnia</span> <span class='ocrx_word' id='word_1_480' title='bbox 992 4043 1147 4111; x_wconf 85' lang='lat' dir='ltr'>reguntur,</span> <span class='ocrx_word' id='word_1_481' title='bbox 1168 4043 1197 4094; x_wconf 92' lang='lat' dir='ltr'>et</span> <span class='ocrx_word' id='word_1_482' title='bbox 1215 4051 1273 4112; x_wconf 90' lang='lat' dir='ltr'>qua</span> <span class='ocrx_word' id='word_1_483' title='bbox 1296 4051 1361 4092; x_wconf 85' lang='lat' dir='ltr'>nm-</span> 
     </span>
     <span class='ocr_line' id='line_1_48' title="bbox 128 4117 1361 4201; baseline -0.002 -21"><span class='ocrx_word' id='word_1_484' title='bbox 128 4119 173 4180; x_wconf 86' lang='lat' dir='ltr'>bis</span> <span class='ocrx_word' id='word_1_485' title='bbox 192 4121 263 4182; x_wconf 90' lang='lat' dir='ltr'>satis</span> <span class='ocrx_word' id='word_1_486' title='bbox 278 4129 432 4201; x_wconf 90' lang='lat' dir='ltr'>perspecta</span> <span class='ocrx_word' id='word_1_487' title='bbox 451 4139 509 4180; x_wconf 93' lang='lat' dir='ltr'>non</span> <span class='ocrx_word' id='word_1_488' title='bbox 532 4121 603 4194; x_wconf 91' lang='lat' dir='ltr'>sint,</span> <span class='ocrx_word' id='word_1_489' title='bbox 627 4121 724 4201; x_wconf 91' lang='lat' dir='ltr'>pluri·</span> <span class='ocrx_word' id='word_1_490' title='bbox 763 4120 810 4180; x_wconf 92' lang='lat' dir='ltr'>ior</span> <span class='ocrx_word' id='word_1_491' title='bbox 837 4118 959 4180; x_wconf 88' lang='lat' dir='ltr'>anobis</span> <span class='ocrx_word' id='word_1_492' title='bbox 978 4117 1099 4195; x_wconf 79' lang='lat' dir='ltr'>cogitari</span> <span class='ocrx_word' id='word_1_493' title='bbox 1124 4137 1184 4178; x_wconf 92' lang='lat' dir='ltr'>non</span> <span class='ocrx_word' id='word_1_494' title='bbox 1202 4123 1309 4198; x_wconf 87' lang='lat' dir='ltr'>potest,</span> <span class='ocrx_word' id='word_1_495' title='bbox 1330 4126 1361 4178; x_wconf 88' lang='lat' dir='ltr'>et</span> 
     </span>
     <span class='ocr_line' id='line_1_49' title="bbox 129 4201 1095 4282; baseline -0.003 -18"><span class='ocrx_word' id='word_1_496' title='bbox 129 4221 177 4264; x_wconf 90' lang='lat' dir='ltr'>ma</span> <span class='ocrx_word' id='word_1_497' title='bbox 206 4213 303 4266; x_wconf 90' lang='lat' dir='ltr'>tamen</span> <span class='ocrx_word' id='word_1_498' title='bbox 322 4205 364 4264; x_wconf 88' lang='lat' dir='ltr'>ita</span> <span class='ocrx_word' id='word_1_499' title='bbox 385 4202 613 4282; x_wconf 80' lang='lat' dir='ltr'>cognoscimus,</span> <span class='ocrx_word' id='word_1_500' title='bbox 632 4213 663 4266; x_wconf 93' lang='lat' dir='ltr'>ut</span> <span class='ocrx_word' id='word_1_501' title='bbox 687 4204 724 4268; x_wconf 90' lang='lat' dir='ltr'>de</span> <span class='ocrx_word' id='word_1_502' title='bbox 763 4203 831 4265; x_wconf 91' lang='lat' dir='ltr'>ideo</span> <span class='ocrx_word' id='word_1_503' title='bbox 847 4201 962 4263; x_wconf 85' lang='lat' dir='ltr'>infinita</span> <span class='ocrx_word' id='word_1_504' title='bbox 979 4201 1095 4263; x_wconf 87' lang='lat' dir='ltr'>dicitur.</span> 
     </span>
    </p>
   </div>
   <div class='ocr_carea' id='block_1_8' title="bbox 150 4307 1149 4388">
    <p class='ocr_par' dir='ltr' id='par_1_11' title="bbox 150 4307 1149 4388">
     <span class='ocr_line' id='line_1_50' title="bbox 150 4307 1149 4388; baseline -0.002 -32"><span class='ocrx_word' id='word_1_505' title='bbox 150 4310 188 4388; x_wconf 72' lang='lat' dir='ltr'>¹tlt</span> <span class='ocrx_word' id='word_1_506' title='bbox 204 4311 230 4380; x_wconf 77' lang='lat' dir='ltr'>l..</span> <span class='ocrx_word' id='word_1_507' title='bbox 245 4311 272 4356; x_wconf 92' lang='lat' dir='ltr'>ll.</span> <span class='ocrx_word' id='word_1_508' title='bbox 288 4311 318 4356; x_wconf 92' lang='lat' dir='ltr'>de</span> <span class='ocrx_word' id='word_1_509' title='bbox 333 4311 381 4355; x_wconf 85' lang='lat' dir='ltr'>nat.</span> <span class='ocrx_word' id='word_1_510' title='bbox 396 4308 463 4356; x_wconf 88' lang='lat' dir='ltr'>Deor.</span> <span class='ocrx_word' id='word_1_511' title='bbox 477 4323 496 4356; x_wconf 87' lang='lat' dir='ltr'>c.</span> <span class='ocrx_word' id='word_1_512' title='bbox 512 4310 549 4358; x_wconf 75' lang='grc'>57</span> <span class='ocrx_word' id='word_1_513' title='bbox 795 4312 823 4372; x_wconf 75' lang='grc'>(2)</span> <span class='ocrx_word' id='word_1_514' title='bbox 840 4311 864 4358; x_wconf 80' lang='lat' dir='ltr'>V.</span> <span class='ocrx_word' id='word_1_515' title='bbox 879 4311 980 4358; x_wconf 77' lang='lat' dir='ltr'>Per-rone</span> <span class='ocrx_word' id='word_1_516' title='bbox 994 4309 1019 4356; x_wconf 87' lang='grc' dir='ltr'>Τ.</span> <span class='ocrx_word' id='word_1_517' title='bbox 1034 4309 1058 4354; x_wconf 89' lang='lat' dir='ltr'>ll.</span> <span class='ocrx_word' id='word_1_518' title='bbox 1074 4321 1090 4368; x_wconf 94' lang='lat' dir='ltr'>p</span> <span class='ocrx_word' id='word_1_519' title='bbox 1113 4307 1149 4354; x_wconf 79' lang='lat'>26.</span> 
     </span>
    </p>
   </div>
   <div class='ocr_carea' id='block_1_9' title="bbox 0 0 1466 4732">
    <p class='ocr_par' dir='ltr' id='par_1_12' title="bbox 0 0 1466 4732">
     <span class='ocr_line' id='line_1_51' title="bbox 0 0 1466 4732; baseline 0 0"><span class='ocrx_word' id='word_1_520' title='bbox 0 0 1466 4732; x_wconf 95' lang='lat' dir='ltr'> </span> 
     </span>
    </p>
   </div>
  </div>
 </body>
</html>
