2928 4734
432 173 505 224 rans
526 175 560 220 ιι.
584 173 688 222 suerro
708 174 740 222 ιι.
764 173 859 221 maor
880 173 922 220 rr.
1197 153 1260 224 ete

47 250 187 336 perfecit,
203 253 323 336 quando
338 253 441 332 voluit,
455 264 484 317 et
503 254 655 336 quomodo
698 272 742 332 gr.
762 252 952 331 Nicodamus,
977 253 1141 332 Zachaeus,
1158 253 1303 338 losephus

48 337 163 415 soluit,
181 348 215 400 ut
232 339 362 400 divinam
378 357 460 400 suain
482 338 657 405 missionem
699 337 736 400 ab
754 337 962 416 arimathaea,
981 337 1143 414 Gamaliel,
1163 339 1301 418 Paulus,

50 421 241 502 probaretd
254 421 536 486 crucedesoendere
548 423 658 497 noluit,
700 423 784 484 multi
800 439 835 484 en
856 422 1041 503 principibus
1054 432 1084 484 et
1098 441 1132 484 es
1144 425 1305 488 ordineca-

49 515 81 568 ut
94 514 207 570 statum
225 506 436 570 cainianitionis
452 507 613 588 compleret
628 513 659 569 et
699 502 840 568 cerdotcli
851 507 910 586 (d).
925 503 1044 568 Primae
1055 507 1210 569 Ecclesiae
1220 509 1302 570 chri-

50 601 144 652 morte
156 609 214 653 sua
231 610 286 652 nos
298 591 470 667 redimeret,
484 591 533 662 ,sed
545 607 660 671 ¹perso·
698 589 814 654 stianae
837 597 899 652 turn
927 589 1158 670 Hierosolymis,
1189 594 1302 656 tamin

49 673 104 736 lem
128 675 348 752 obscuratum,
369 694 420 756 per
438 675 534 738 velum
554 673 658 756 templi
699 673 766 739 aliis
779 671 906 737 Iudaeae
924 673 1096 752 regionibus
1110 674 1250 737 lucinae
1265 695 1302 740 ¹en

49 757 198 835 scissum,
218 778 271 840 per
293 768 401 822 terram
425 754 605 825 commotum
627 767 658 820 et
698 755 816 820 ludaeis
834 757 1036 840 potissimum
1051 757 1239 823 constabant.
1271 759 1303 822 si

49 861 101 923 pcr
123 843 379 909 resurrectionem
394 844 553 922 gloriosam
573 841 656 906 Diri·
700 842 841 904 miraoula
857 842 1005 904 ementita.
1024 841 1171 917 luissent,
1192 843 1301 905 horum

50 922 180 990 nitatem
201 946 287 990 suam
302 928 376 992 satis
393 927 522 996 ostendit
534 926 595 1008 (l).
697 925 940 989 lidesmanimum
950 925 1125 987 miraculum
1140 926 1301 990 dicendum

697 1009 785 1070 soret.
807 1007 839 1088 b)
858 1009 955 1070 l'aoile
974 1027 1092 1090 quoqne
1110 1019 1172 1086 est,
1195 1007 1299 1073 inere·

300 1055 330 1129 3·
341 1063 423 1174 ‘¹⁸⁸'
697 1092 830 1156 dulitatis
843 1094 1029 1173 reliquorum
1050 1092 1227 1156 ludaeorum
1241 1106 1300 1157 ra-

281 1158 436 1242 ⁰.⁰⁰¹'¹¹¹¹⁸¹¹⁰·
698 1177 808 1238 tionem
826 1177 989 1255 assignare.
1002 1176 1302 1256 Praecoocep'tameu

91 1259 183 1326 Certo
202 1261 264 1324 iam
287 1269 402 1324 constat
416 1262 452 1326 do
470 1260 593 1324 veritate
611 1259 657 1322 hi·
697 1260 945 1342 nimopinionem
965 1260 1116 1322 habebant
1128 1261 1166 1323 de
1180 1261 1302 1341 lloseia,

51 1349 177 1422 storica,
193 1345 401 1427 philosophico
418 1354 447 1408 el
461 1347 586 1414 t'clntinc
603 1345 659 1408 mi·
697 1363 785 1424 quem
804 1363 859 1408 oen
877 1360 975 1422 regem
989 1345 1226 1424 potentissimum
1240 1347 1301 1408 adu

50 1433 227 1494 raculorum
247 1430 416 1506 Christian
435 1450 494 1511 quo
510 1429 574 1492 iure
586 1449 657 1499 cour
697 1439 852 1492 uenturum
873 1447 938 1490 esse
956 1429 1130 1505 credebant,
1150 1431 1201 1511 qul
1220 1446 1302 1494 eoae

50 1515 198 1592 cluditur,
209 1513 394 1592 Religionem
405 1514 597 1578 christianam
608 1533 658 1576 ve·
696 1511 1303 1594 Romanorumiugolibcraret:idcoChrm

49 1618 80 1660 re
99 1617 170 1660 esse
192 1598 336 1661 divinitus
351 1600 520 1662 revelatam.
537 1596 613 1661 llere
624 1617 657 1662 e·
697 1606 742 1658 sto
758 1596 881 1678 pauperi
898 1605 928 1660 et
950 1597 1054 1657 lmmill
1074 1598 1237 1660 adhaerere
1255 1617 1305 1661 re»

51 1681 112 1744 nim
130 1682 281 1746 miracula
299 1682 514 1763 utinquameili
537 1682 567 1746 in
586 1701 657 1744 con·
697 1691 849 1744 auserunt.
870 1679 1028 1742 Praeterea
1041 1679 1174 1744 Christro
1191 1681 1304 1763 prinoi-

51 1767 256 1830 firmationem
269 1766 405 1830 salsitatis
418 1775 552 1848 possunt⁴
561 1763 655 1837 Quem
697 1783 768 1846 pum
777 1765 934 1842 sinagogae
943 1765 1218 1844 etplrarisaeorum,
1228 1783 1303 1848 quo-

50 1869 160 1932 pornm
174 1849 256 1912 enim
275 1850 353 1912 Dens
372 1851 503 1925 mentiri,
522 1860 580 1913 torn
601 1869 656 1932 pa·
699 1869 762 1912 rum
783 1849 951 1930 hypocrisin
969 1849 1131 1927 redarguit,
1151 1851 1253 1912 odium
1270 1861 1303 1913 et

51 1954 118 1996 rum
137 1935 184 1996 vel
201 1933 381 1996 levissimum
401 1935 657 1998 mendaciunrsua
697 1933 838 1994 insidiam
862 1932 998 1994 incurrit.
1021 1930 1096 2003 Quis
1114 1948 1213 1995 autem
1242 1953 1303 1996 nes

51 2018 232 2080 auctoritate
250 2017 437 2100 interposita,
458 2026 511 2082 aut
531 2019 610 2099 qnod
628 2019 656 2079 i·
697 2019 764 2094 scit,
785 2017 923 2083 homines
944 2035 997 2097 per
1012 2026 1244 2099 ,praeconceptae
1263 2037 1315 2080 om

52 2101 120 2166 (lem
142 2109 206 2180 est,
233 2103 407 2164 auctoritate
428 2102 562 2166 miraculi
582 2121 654 2164 con·
698 2102 834 2182 piniones
852 2111 881 2162 ot
899 2119 952 2182 per
970 2100 1156 2162 inordinatas
1180 2102 1305 2183 passio*

53 2188 175 2248 lirmaro
189 2193 296 2266 potcst3
306 2186 579 2267 utrumqaedivinis
591 2205 658 2266 oer-
699 2204 750 2248 nes
764 2187 809 2247 ito
827 2184 994 2264 obcaecari,
1010 2194 1043 2246 nt
1058 2185 1145 2265 plena
1159 2186 1228 2248 luce
1238 2205 1299 2249 aon

54 2269 238 2332 lectionibus
253 2267 419 2350 sanctitati,
434 2269 657 2346 Bonitoti,Pro-
698 2269 833 2332 uideant?
847 2297 889 2316 ⁴-
907 2270 935 2349 o)
955 2268 1013 2350 lpsi
1027 2289 1100 2331 sane
1119 2268 1220 2332 ludaei
1239 2271 1302 2332 mie

54 2353 207 2416 ridentiac
226 2354 381 2416 adversum
397 2363 453 2431 est,
473 2364 501 2416 et
521 2374 657 2435 praeser—
698 2352 915 2416 raortlallhristl
930 2363 1163 2431 nonnegarunt,
1178 2355 1231 2416 sed
1247 2373 1303 2436 pro

56 2439 108 2500 tim
132 2455 253 2498 summo
276 2439 371 2500 amori
398 2437 547 2515 veritalis,
569 2454 656 2520 quem
699 2439 777 2500 naalo
795 2455 853 2500 suo
868 2437 898 2499 in
919 2436 1066 2500 Gloriatum
1082 2438 1182 2499 animo
1199 2438 1301 2501 virtuti

54 2521 87 2584 in
101 2521 179 2584 Ento
199 2521 315 2583 infinito
334 2523 443 2602 pariter
459 2523 606 2599 sinelme,
619 2523 658 2585 si·
699 2523 831 2601 magicae
858 2539 912 2583 seu
937 2521 1109 2583 uiuentium
1130 2523 1302 2603 almoripso-

56 2625 96 2668 uc
114 2624 255 2668 mensuro
271 2615 400 2669 statuere
418 2606 572 2674 debemus.
699 2615 780 2682 runt,
798 2606 942 2668 dicentes:
955 2606 993 2668 ln
1006 2607 1169 2668 Beelzebub
1179 2608 1300 2684 ariaci·

98 2689 187 2754 Nutu.
209 2689 231 2752 F
233 2689 394 2755 irmlssimo
409 2687 480 2752 huic
497 2710 659 2769 argumen-
696 2709 732 2770 ιιι
746 2690 968 2754 doemoniorum
978 2689 1057 2751 elicit
1074 2691 1298 2770 doemoniullln
1400 2741 1402 2746 ,

56 2779 87 2836 lo
109 2773 259 2836 increduli
275 2776 431 2855 sequeutia
452 2775 548 2840 adhuc
563 2795 658 2858 oppo-
698 2774 769 2836 Ideo
787 2773 934 2855 stupenda
957 2791 1077 2854 qnoque
1107 2773 1253 2834 miracula
1268 2775 1301 2835 in

60 2877 132 2920 nere
151 2859 261 2919 solent.
699 2858 870 2938 ipsissrdem
888 2865 998 2918 rectam
1012 2857 1297 2936 nonprodunernnt.

101 2940 169 3005 Odi.
191 2942 221 3004 l.
238 2939 269 3004 Si
288 2941 512 3007 miraculorem
530 2942 572 3006 ita
590 2963 660 3006 con-
699 2944 732 3022 u)
746 2941 926 3004 llemumad
949 2940 1105 3002 hano-rito.
1123 2941 1300 3021 concipien-

57 3023 207 3104 lig'tssenl,
221 3035 254 3088 ut
266 3027 295 3088 in
308 3020 657 3105 Evangelilsnerruutur,
698 3027 765 3090 darn
787 3026 880 3104 gratia
899 3043 1028 3104 soporum
1047 3023 1301 3105 sequanamque
1336 3084 1343 3097 x

57 3129 162 3172 omnes
174 3109 276 3172 ludaei
291 3112 377 3172 litlem
393 3113 422 3182 in
437 3110 584 3177 Christum
597 3131 661 3174 arria
699 3110 819 3191 plurimi
836 3129 871 3171 ex
890 3108 1025 3183 lordonis,
1042 3109 1090 3170 uti
1115 3108 1173 3168 iam
1194 3125 1300 3190 apro-b

56 3194 146 3274 plecti
171 3194 356 3258 debuissent.
391 3193 448 3258 Sed
477 3196 658 3260 contrarium
701 3193 1078 3274 oietispraedictnmorat,
1093 3192 1301 3273 perlegismo-

56 3277 179 3340 accidit.
206 3275 279 3340 Nam
312 3278 431 3358 plurimi
461 3297 496 3342 or
522 3279 661 3357 ludaeis,
699 3278 796 3338 saioae
819 3275 1085 3357 praevaricationes
1109 3295 1141 3338 se
1163 3275 1302 3354 inilinvnos

57 3361 220 3444 praecipue
247 3362 397 3426 doctiores
420 3372 449 3426 et
473 3364 659 3441 eruditiores,
699 3361 901 3423 reddiderunt.
922 3359 1091 3422 Eorundem
1110 3379 1180 3437 ergo
1199 3361 1300 3423 incre-

56 3445 212 3526 Principes
222 3465 398 3526 synagogae,
418 3445 569 3512 Pharisaei
584 3458 659 3524 etc,
699 3445 808 3508 dulitas
826 3444 906 3508 utillo
927 3443 1014 3505 morlo
1034 3445 1186 3506 veritatem
1207 3445 1302 3506 mirc-

59 3529 88 3590 in
104 3530 317 3592 incredulitate
334 3541 573 3611 perrrianserunt:
590 3551 662 3610 ergo
699 3531 834 3592 culorum
854 3528 961 3592 Claristi
984 3528 1299 3609 lnlrelautareootesto

58 3614 203 3676 miramula
233 3623 292 3675 taor
317 3617 432 3676 irritum
453 3626 661 3694 argumentum
742 3614 809 3678 uui.
833 3612 1094 3693 unanimoque
1118 3612 1151 3673 ia
1170 3613 1302 3693 aegyptu

59 3716 112 3777 pro
130 3697 276 3776 religione
295 3698 459 3762 christiana
474 3718 533 3762 non
552 3702 662 3764 coristi-
701 3697 843 3759 miracula
862 3706 1026 3778 patrarunt,
1045 3697 1082 3758 de
1100 3714 1228 3776 qnorum
1246 3711 1302 3757 rea

58 3789 157 3844 luunt.
628 3808 632 3814 ⁴
700 3782 787 3843 ritate
810 3781 951 3843 historica
971 3790 1001 3842 et
1021 3780 1225 3860 philosophica
1242 3779 1302 3840 du«

96 3867 185 3945 arcp.
197 3865 228 3945 a)
238 3863 269 3926 Si
278 3866 363 3928 multi
372 3866 567 3933 enluolaeisin
578 3867 661 3932 ctri-
701 3865 787 3928 bitari
797 3865 914 3946 nequit,
924 3865 994 3946 quia
1006 3865 1036 3925 ia
1046 3863 1076 3926 S.
1090 3862 1243 3942 Soripurra
1252 3861 1302 3945 (l)

58 3955 135 4009 stum
150 3969 208 4010 non
226 3950 503 4029 caenomanensium
518 3954 603 4032 pauci
618 3963 661 4014 ta-
700 3958 890 4025 enarrantnr,
907 3963 935 4011 et
950 3948 1106 4010 ‘miraculis
1128 3946 1238 4025 llirysis
1253 3961 1303 4006 aaa

59 4032 223 4094 meotidem
236 4033 265 4095 in
278 4033 426 4096 Christum
439 4037 565 4116 aanolexi
578 4047 662 4116 crint,
700 4034 908 4115 quinnrantur.
931 4031 1032 4113 Neque
1044 4030 1240 4092 dulritandmn
1257 4037 1303 4090 est

57 4115 136 4180 intm
148 4137 225 4200 quus
243 4118 332 4180 utiam
354 4120 471 4184 nutiles
485 4121 662 4184 moldonea
701 4120 781 4200 iosos
798 4117 962 4180 haecmira
979 4127 1129 4198 intimae,
1149 4122 1182 4175 ut
1198 4120 1303 4179 canna

84 4248 116 4309 tl)
132 4249 198 4295 Frinl
212 4249 228 4295 l.
242 4261 264 4295 c.
279 4247 301 4310 Ι.
317 4248 360 4294 tts
370 4273 380 4284 -
396 4246 418 4311 1.
431 4249 483 4300 ltu.
732 4253 764 4306 (δι
781 4248 886 4310 tuost,
900 4247 940 4295 ld.

83 4309 400 4371 (coronarentur.
727 4309 864 4369 onw.
896 4353 900 4362 .
