2928 4734
201 165 262 228 444
610 180 793 232 renoscens
814 183 977 230 4444444444

201 263 231 324 4.
253 260 498 328 414444444444444
518 271 547 328 44
564 265 676 346 sepulti
691 265 755 342 glo·
796 271 823 326 et
840 280 981 344 4444444,
997 271 1024 326 44
1047 281 1147 329 omnes
1165 264 1284 344 pepuli,
1304 267 1400 338 tribur

158 345 238 410 riosu
258 349 452 425 resurrectio,
472 351 502 411 in
521 350 593 412 lona
611 349 758 430 Propheta
797 357 824 412 ct
841 349 988 428 4444444
975 349 1180 428 epeisereient:
1192 357 1319 429 potestus
1336 354 1400 418 eius

156 431 364 576 4444444444,
378 452 436 494 non
446 434 664 496 obseureetram
672 451 757 515 4444
791 440 918 511 potestus
935 441 1071 509 aeterna,
1091 449 1164 528 4444
1186 451 1247 496 nou
1275 435 1400 514 aufere-

157 515 292 576 nuntiata
309 515 375 578 suit.
401 516 524 598 Corpus
534 519 615 580 enim
634 517 756 578 41444444
791 525 857 592 444,
877 524 905 579 44
928 533 1054 596 4444444
1074 517 1138 580 cies
1155 519 1311 595 quodcum
1329 537 1398 584 cor·

155 599 187 661 44
198 601 335 680 sepulcro
349 619 408 662 non
427 602 689 682 corrumpendum,
702 601 754 662 sed
793 609 961 681 rumpetur.
978 633 1020 646 -
1044 599 1093 662 Ps.
1115 599 1185 676 clx,
1207 603 1221 663 4
1247 610 1322 665 ete:
1341 606 1397 668 Di-

155 703 222 745 cum
244 683 342 744 4444444
362 685 469 746 iterum
493 685 659 746 uniendum
674 702 753 762 esse,
792 685 839 747 444
865 685 1010 747 nomines
1029 685 1156 748 Dareine
1183 701 1266 760 meo,
1285 689 1353 750 sede
1378 709 1397 754 4

154 767 303 846 colligitur
318 787 353 829 ex
369 768 418 830 Ps.
431 768 492 845 XV,
506 772 525 832 9
540 777 569 830 et
584 787 661 850 seq.:
675 771 754 831 Pro·
792 769 906 832 deceris
921 769 1003 845 meis,
1025 770 1116 831 44444
1131 787 1241 849 ponam
1257 771 1396 838 inieniccs

151 863 218 932 pter
235 853 288 916 bac
310 853 449 915 laetatum
466 859 507 915 est
521 870 571 915 444
588 871 707 929 ancum,
727 861 754 916 44
792 861 856 914 4444
868 853 1139 933 scabellumpedem
1157 862 1288 916 tucrum.

152 939 296 1006 occultavit
313 939 416 1018 linpua
434 955 508 1013 mea,
525 937 646 1017 insuper
660 945 686 999 44
704 955 753 1000 ca·
831 937 863 1000 ¹6.
882 936 1069 1013 Docte-inem,
1088 956 1140 1000 seu
1162 939 1255 1016 legem
1270 937 1393 1005 llessiae

150 1045 187 1088 ru
205 1041 268 1086 mea
285 1023 443 1098 requiescet
466 1023 498 1083 in
519 1039 577 1100 spe.
606 1022 751 1096 Quoniam
790 1021 969 1101 praeprimis
986 1019 1198 1102 Hierosolymis
1214 1024 1391 1104 4444444444-

149 1128 212 1172 nan
241 1107 425 1184 derelinques
447 1105 579 1168 animam
604 1107 750 1169 meantia
789 1105 856 1165 dem
869 1105 1011 1168 etexinde
1026 1107 1243 1184 propagandam
1257 1125 1334 1184 esse,
1351 1119 1394 1171 44·
1453 1111 1454 1118 ’

148 1193 287 1274 interno,
309 1205 362 1252 nec
383 1189 466 1252 debis
496 1187 638 1254 Sanctum
666 1199 750 1253 tunm
789 1197 883 1250 statar
896 1188 987 1251 144444
1007 1189 1044 1266 ll,
1062 1191 1093 1264 3,
1107 1191 1252 1253 scribens:
1264 1193 1308 1254 Dc
1319 1193 1391 1256 Sion

148 1279 249 1341 videre
265 1274 493 1352 correptionem.
510 1275 601 1338 Notas
612 1275 686 1338 mibi
702 1275 747 1353 se·
788 1274 957 1351 4444444444,
973 1275 1132 1337 etcerbunr
1150 1276 1273 1339 Domini
1289 1277 1324 1339 de
1341 1279 1391 1340 Ic·

148 1360 406 1434 cisalpinorum,
426 1358 597 1438 adimplebis
621 1377 667 1421 mc
687 1359 748 1421 tae·
785 1359 925 1420 ruralem.
1009 1409 1013 1422 .

148 1449 298 1510 tiliacum
316 1443 479 1517 velintne
498 1443 749 1506 delectationescn
831 1443 860 1503 ’4.
880 1440 1230 1520 Relreronemaliessm
1222 1445 1389 1510 institutam

147 1532 338 1594 4444444444
354 1545 447 1606 44444
465 1528 609 1607 induem
626 1525 749 1590 llessise
783 1517 941 1587 celerrime
965 1527 1043 1588 inler
1070 1528 1195 1623 populos
1219 1547 1388 1610 propagen-

146 1633 226 1676 mors
245 1613 311 1674 ideo
330 1631 434 1672 somno
453 1620 659 1691 corriperetur
680 1630 746 1692 cum
787 1609 854 1668 dem
873 1629 949 1682 esse
974 1611 1169 1690 indigitetur
1161 1631 1192 1673 444
1211 1614 1317 1674 eodem
1335 1635 1387 1677 44

143 1699 209 1778 ipse
227 1697 316 1758 dicit:
337 1697 401 1776 Epo
420 1697 565 1772 dormibi,
581 1704 607 1757 et
624 1713 746 1774 sopora·
786 1692 847 1773 4444
868 1693 894 1755 11
912 1695 1004 1758 144444
1021 1715 1048 1756 v.
1069 1695 1083 1754 l
1109 1703 1139 1756 et
1161 1696 1180 1756 3
1199 1697 1385 1761 ubidicitur:

144 1792 192 1844 tes
207 1799 285 1855 4444,
309 1788 336 1842 44
355 1780 525 1855 4444444444,
546 1780 617 1857 quia
641 1781 746 1842 borni·
784 1778 825 1839 Et
837 1778 921 1841 ibunt
932 1779 1036 1858 papuli
1049 1779 1146 1853 mcclii,
1161 1789 1188 1842 et
1205 1782 1316 1844 dicent:
1336 1785 1388 1846 Ve-

145 1885 202 1929 nns
219 1867 341 1944 suscepit
355 1883 401 1926 me
417 1864 476 1961 (4),
504 1883 580 1944 quae
599 1864 664 1924 loca
683 1865 744 1925 441-
784 1860 857 1938 nite,
876 1871 903 1924 ct
922 1864 1112 1926 ascendamus
1130 1866 1169 1926 cd
1185 1874 1313 1932 muralem
1330 1869 1387 1930 Do-

145 1961 202 2012 tem
226 1952 258 2012 44
277 1969 365 2011 44444
386 1949 506 2028 mystico
522 1953 601 2009 reete
623 1945 745 2010 Messias
784 1947 871 2022 ruini,
892 1956 918 2010 44
933 1949 971 2010 ad
988 1949 1107 2010 domum
1117 1949 1171 2009 Dei
1187 1950 1283 2026 laceb,
1298 1953 1386 2014 4444-

144 2037 332 2117 44444444444
345 2033 403 2112 (4).
783 2032 854 2092 cebir
871 2049 925 2093 uos
942 2034 1003 2095 eins
1024 2035 1386 2108 sescentesimum
1453 2105 1454 2108 ,

177 2121 214 2184 5.
234 2119 356 2180 41444444
385 2134 502 2188 summa
528 2114 683 2192 exaltatio,
708 2135 743 2178 a·
783 2132 816 2175 cn
831 2116 942 2178 semeles
959 2135 1021 2180 4444
1033 2116 1092 2196 (4)

141 2223 257 2265 sconsio
275 2223 306 2264 44
325 2201 459 2274 eoelum
477 2209 505 2260 et
524 2215 616 2260 444444
634 2199 743 2262 44144
825 2197 1009 2262 8Gentrbus
1025 2219 1131 2276 maeno
1146 2219 1270 2264 numero
1287 2204 1385 2267 444144-
1453 2257 1454 2272 .

141 2297 252 2350 4444444
269 2287 365 2348 Ρ44444
377 2283 492 2362 egregie
504 2283 739 2365 praedicitans.
781 2282 901 2344 clesiam
920 2283 1043 2346 Messias
1057 2285 1318 2365 convenientibus,
1332 2288 1382 2351 14-

142 2371 251 2447 LXVll,
265 2369 581 2443 betc.:CantateDe0,
595 2369 742 2466 psalmum
780 2367 846 2427 daei
866 2371 992 2430 maxime
1012 2387 1047 2430 ex
1066 2368 1196 2448 partein
1216 2370 1382 2436 increduli-

140 2457 243 2520 dicite
241 2455 356 2518 nomini
374 2453 448 2514 eius:
462 2453 519 2514 iter
530 2452 618 2530 [acite
635 2454 673 2527 ci,
691 2455 742 2532 qni
780 2458 838 2511 tete
849 2453 1018 2531 persistent,
1028 2453 1132 2514 etideo
1146 2453 1297 2516 destructo
1311 2467 1383 2519 tem·

139 2538 367 2619 ascenditsuper
378 2555 526 2633 44444444,
532 2537 741 2599 Dominusua-
779 2535 828 2614 plo
841 2554 1001 2618 eversaque
1019 2537 1093 2598 urbe
1112 2537 1243 2618 undique
1256 2559 1310 2620 per
1331 2560 1382 2602 or-

137 2645 206 2688 men
223 2625 307 2688 illi...
328 2615 526 2686 Ascendisti
515 2639 549 2682 cn
567 2621 671 2696 altum,
692 2567 845 2684 44-114444
866 2613 1157 2702 dissipabuntur().

136 2712 205 2790 pisti
219 2709 427 2789 captivitatem,
449 2706 583 2784 accepisti
605 2707 717 2768 4444
705 2725 739 2768 cn
821 2705 850 2765 9.
874 2703 1008 2783 Regnum
1034 2621 1201 2768 Messinein
1225 2715 1380 2770 oeternum

137 2791 482 2869 dominabus...chno
500 2789 751 2865 terraemotum
777 2786 953 2848 duraturum
973 2807 1050 2864 esse,
1071 2789 1234 2871 Prophetae
1260 2793 1383 2871 praedi-

136 2881 208 2952 Deo,
221 2871 338 2958 psallite
356 2875 500 2948 Domine,
520 2873 638 2952 psallite
658 2874 735 2951 Deo,
777 2881 893 2934 xerunt.
914 2872 1016 2935 Daniel
1035 2871 1073 2948 ΙΙ,
1094 2874 1135 2934 44
1151 2874 1204 2936 ait:
1225 2875 1259 2936 ln
1278 2877 1379 2946 diebus'

136 2981 187 3042 444
182 2963 315 3026 ascend
316 2969 326 3022 4
305 2975 430 3038 snper
442 2959 551 3020 coetum
563 2957 634 3019 coele
648 2959 736 3019 ado·
776 2973 937 3036 repnarum
966 2958 1087 3019 illerum
1118 2959 1268 3021 suscitabit
1302 2962 1383 3025 Deus

137 3048 270 3110 rientem
290 3047 365 3107 Ecce
382 3044 461 3104 dabit
477 3042 540 3104 uoci
553 3059 624 3102 snae
641 3058 737 3104 eorem
776 3040 847 3102 coeli
865 3059 1003 3122 4444444,
1020 3043 1382 3138 444444444444444444

135 3125 738 3223 414444444444444444444444444444-
776 3124 969 3203 dissipabitur
973 3171 1049 3186 ......
1063 3127 1161 3205 ipsunt
1174 3128 1309 3190 stabitne
1326 3147 1382 3192 44-

135 3216 210 3288 rabi,
229 3212 449 3292 mapuiplcentie
469 3210 736 3284 4444444444444-
776 3215 912 3270 temonem:
933 3207 1169 3273 4441441444444.
1191 3209 1379 3285 1144144444.

135 3291 736 3360 444444444444.Ρ441444444444441411
777 3292 805 3351 l:
824 3292 861 3354 44
883 3293 1047 3356 novissimo
1067 3295 1185 3356 dicrum
1211 3296 1267 3358 erit
1294 3314 1383 3360 maus

136 3381 262 3444 44444).
293 3380 383 3444 Paulo
399 3381 445 3462 (3)
474 3378 572 3454 groeci
595 3386 625 3438 et
649 3378 734 3439 latini
774 3377 878 3440 domus
889 3378 1010 3439 Damone
1020 3387 1216 3458 praeparatus
1226 3379 1381 3444 4444444444

134 3466 236 3528 Ρ44444
246 3465 395 3528 delllessin
411 3461 589 3538 intelligens
602 3481 657 3522 nec
674 3481 735 3523 ma·
773 3461 957 3522 moenium...
972 3462 1103 3542 44444444
1118 3464 1156 3525 ad
1169 3465 1378 3543 4444444444..

134 3551 263 3629 gnifica,
284 3549 408 3630 quaein
433 3547 483 3607 illo
506 3546 655 3651 dicuntur,
676 3546 733 3607 elio
773 3563 801 3604 v
828 3545 857 3606 ’1.
877 3554 913 3607 44
918 3547 1052 3625 reprobet
1070 3547 1218 3610 Dominus
1231 3565 1381 3626 supereos

134 3635 221 3697 inodo
241 3645 308 3716 apte
329 3631 434 3712 exponi
451 3629 739 3710 4444444--4444
772 3628 806 3690 in
823 3631 1005 3694 montesium
1023 3648 1061 3693 44
1071 3631 1123 3693 boc
1140 3649 1232 3704 aucerre,
1246 3641 1272 3694 et
1287 3649 1382 3711 444444

134 3719 196 3796 Vll,
214 3721 252 3782 43
271 3729 328 3780 444.
346 3719 404 3776 ait:
418 3714 602 3792 Aspiciebcm
616 3731 685 3794 4444
700 3715 734 3777 in
772 3713 805 3774 in
823 3721 989 3776 aeternum:
1004 3714 1040 3774 de
1058 3731 1149 3792 regno
1163 3713 1287 3776 Messiee
1310 3735 1379 3778 ser-

132 3806 187 3867 4444
189 3823 244 3867 ene
262 3800 373 3898 noctis,
393 3805 422 3860 et
435 3815 496 3860 ecce
519 3813 585 3860 cum
609 3799 733 3862 nubibus
773 3815 891 3858 sconem
898 3815 984 3894 nesse,
998 3799 1127 3860 ostendit
1142 3808 1378 3863 commemorata

74 3888 77 3893 ’
132 3889 203 3952 coeli
217 3904 301 3966 44444
296 3882 396 3964 pitius
410 3880 691 3959 444444444444444,
705 3893 733 3946 44
772 3880 924 3944 conuersis
938 3883 1084 3959 gentium
1099 3901 1195 3963 neque
1208 3881 1245 3944 be
1255 3883 1314 3944 alio
1328 3902 1378 3946 44-

100 4029 102 4034 .
131 3991 221 4052 44444
232 3972 271 4034 cd
289 3967 571 4064 antipae-rudimen
583 3967 742 4046 persenit,
770 3980 827 4041 guo
842 3965 959 4027 duratio
978 3974 1109 4028 aeterne
1119 3966 1286 4048 praedicari
1305 3976 1375 4048 pot·

131 4067 158 4119 et
171 4059 205 4120 in
222 4059 373 4132 conspectu
390 4052 486 4114 ciecso
470 4043 636 4113 abcederent
650 4069 728 4112 enm.
772 4055 829 4110 est.

130 4143 171 4204 Et
188 4140 266 4202 dedit
283 4139 311 4200 ei
319 4144 511 4220 potestatem,
530 4143 557 4197 44
571 4137 726 4212 bonorem,
800 4207 829 4257 (ὅ,
839 4206 863 4252 Ε
865 4207 903 4262 h
917 4206 938 4261 4
954 4209 977 4256 8

161 4254 730 4328 (11445641447000441118441118
799 4220 975 4326 (44044111,

160 4300 294 4385 (blinda
304 4325 372 4372 41441
383 4297 715 4387 44449444)ῦ444441444
799 4324 865 4385 (344.
883 4325 1001 4372 444)..1)44
1014 4325 1082 4376 auec.
1098 4339 1134 4389 pr.
1149 4328 1172 4390 4
1186 4339 1208 4374 c
1224 4327 1328 4378 lblsle.
