2918 4734
198 188 259 246 144
592 201 777 252 monodia!
794 197 957 250 ohannem

157 277 273 362 pissent
285 299 321 344 ea
339 301 416 364 qaae
431 282 504 366 ipsis
515 284 760 350 contrariaerant
798 279 1002 360 invigilabant.
1022 278 1116 356 illoc,
1134 284 1168 342 ut
1186 283 1286 342 narrat
1300 275 1395 344 Soro-

157 373 187 426 et
198 362 350 444 indecora,
367 386 402 429 ac
413 368 571 451 praecipue
589 368 760 434 diuisissent
798 367 1026 446 averaes(l)cum
1039 364 1159 448 quidam
1176 363 1395 444 Triptitlaeco·

157 448 201 510 vel
223 447 429 529 mutilassent,
446 471 523 533 quae
545 452 582 515 de
609 452 759 514 miraculis
797 469 860 512 razu
881 449 981 513 multis
1001 447 1156 530 Episcopis
1178 445 1267 509 verba
1286 445 1395 509 iaciens

157 529 278 608 Christi,
297 533 333 596 de
351 533 416 598 eius
441 536 659 600 resurrectione
677 545 706 598 et
723 553 758 598 a·
799 549 851 616 pro
870 527 984 612 vulgari
1006 551 1076 596 voce
1094 531 1217 612 quaein
1237 530 1395 610 Evangelio

157 615 315 678 scansione
340 616 370 680 in
394 620 531 698 coelum,
551 621 588 681 de
606 619 760 702 praedicto
798 628 873 694 erat,
893 618 1029 694 alteram,
1048 635 1125 698 qnae
1148 615 1314 693 elegantior
1332 633 1395 676 esse

157 698 270 762 esctun
284 700 428 783 temptiev
445 704 540 781 urbis,
554 704 590 766 ae
605 703 759 782 gennsiu-
776 657 781 768 l
797 699 1217 775 venenatur,consonasse,
1241 698 1396 778 spiridion

82 839 85 848 .
156 782 258 846 deicae
280 785 464 866 dispersione
495 795 553 850 etc.
584 797 755 850 narramur.
796 785 1182 850 rainonitaternierrenou
1201 783 1310 864 potuit,
1330 782 1394 858 sed,

156 866 249 948 Atqui
266 867 339 930 haec
356 871 457 934 omnia
474 870 504 933 in
524 871 638 935 cunctis
660 889 760 932 exem-
797 870 933 952 quamvis
956 868 1123 932 immutatio
1152 866 1224 929 levis
1251 868 1394 928 murnenti

156 951 292 1032 pluribus
306 953 450 1016 librorum
465 953 500 1016 N.
512 953 547 1017 T.
557 954 755 1036 reperiuntur:
797 973 862 1016 esse
878 953 1045 1030 videretur,
1064 970 1133 1014 eum
1159 959 1257 1013 tamen
1276 950 1396 1032 publice

155 1033 299 1096 absonam
320 1044 365 1100 est
389 1056 460 1116 ergo
480 1036 590 1116 dicere,
615 1037 756 1102 Iudaeum
797 1038 958 1117 redarguit.
977 1031 1133 1100 Praeterea
1154 1035 1303 1115 corruptio
1320 1035 1396 1096 suh·

156 1119 314 1198 quemdam
330 1119 423 1182 libros
434 1121 469 1182 N.
483 1120 517 1184 T.
534 1122 758 1204 corrupisse.-
796 1123 943 1184 stantialis
960 1139 1015 1183 nec
1031 1120 1069 1182 ab
1088 1117 1271 1196 orthodoxis,
1288 1118 1397 1180 neceb

67 1280 69 1286 ἲ
156 1201 279 1268 Ethaici
297 1204 373 1266 sicat
391 1203 585 1283 Christianos,
603 1206 645 1269 ita
659 1225 758 1270 sacros
798 1205 966 1282 haereticis,
986 1223 1041 1267 nec
1058 1203 1095 1266 ab
1112 1203 1397 1282 utrisquecomrnn·

156 1303 258 1348 eorum
277 1288 368 1351 libros
383 1289 616 1370 vilipendebant,
632 1309 708 1370 oues
722 1310 756 1352 e·
797 1290 828 1352 ni
846 1290 947 1352 fraude
968 1288 1086 1364 tentari,
1101 1293 1153 1349 aut
1170 1285 1272 1366 perhci
1288 1286 1394 1367 potuit.

156 1370 294 1432 liminare
314 1372 430 1452 potius,
455 1393 543 1454 quam
568 1392 758 1455 corrumpere
797 1373 993 1453 invigilabant
1021 1371 1101 1434 enim
1125 1369 1280 1432 ortlrodoai
1311 1369 1397 1432 libris

154 1456 341 1534 satagebant.
352 1456 422 1518 Etsi
438 1458 526 1520 talem
537 1459 756 1539 corruptionem
797 1457 872 1533 suis,
885 1475 923 1519 ue
937 1458 974 1520 ah
994 1454 1151 1518 haereticis
1168 1471 1396 1534 corrumperen-

156 1544 332 1616 tentassent,
345 1539 413 1620 quis
427 1539 539 1619 credet,
559 1543 622 1610 heri
641 1541 758 1623 potuis·
799 1551 859 1619 tur,
883 1542 973 1623 hique
991 1539 1119 1602 vicissim
1143 1539 1321 1599 orthodoxos
1341 1538 1396 1598 oh-

155 1638 201 1697 se,
221 1631 253 1683 ut
272 1642 377 1686 ornnes
395 1625 513 1688 codices
529 1626 558 1688 in
574 1645 657 1688 suern
672 1635 758 1707 pote·
798 1626 966 1688 servabant:
985 1623 1064 1686 unde
1082 1621 1250 1685 communis
1266 1620 1298 1681 in
1311 1621 1396 1682 hau·

155 1712 260 1768 statem
284 1708 469 1786 redigerent,
493 1728 596 1772 omnes
614 1710 758 1790 deprava·
798 1711 865 1772 dem
881 1708 1060 1790 conspiratio
1074 1707 1155 1768 iuxta
1169 1706 1396 1785 legespspcolo·

156 1797 234 1866 rent,
254 1799 283 1850 et
302 1802 458 1873 corruptos
471 1792 644 1856 Christianis
658 1795 758 1886 itape·
798 1788 1395 1874 gicasimpossihihsluit.Tentaruntqui·

156 1870 337 1952 stituerent,
356 1884 389 1937 ut
407 1875 445 1938 ab
465 1877 591 1938 bissina
606 1896 759 1939 murmure
798 1878 865 1940 dem
875 1871 1396 1954 nonnullihaereticicorruptionem,

155 1965 185 2018 et
204 1959 441 2022 contradictione
460 1958 662 2041 reciperentur
676 1970 708 2022 ut
720 1961 758 2022 li·
788 1961 850 2023 sed
868 1961 989 2037 frustra,
1009 1967 1124 2021 constat
1140 1955 1219 2019 enim
1235 1956 1336 2017 statim
1349 1975 1397 2019 re-

156 2039 201 2102 hri
215 2042 292 2104 sacri
309 2051 338 2104 et
353 2044 421 2106 lidci
436 2061 506 2106 suae
517 2043 711 2107 documenta?
722 2079 759 2092 -
800 2063 917 2126 pressos
934 2044 1024 2106 luisse
1042 2050 1165 2104 curvatus
1183 2040 1301 2104 Totv'aav'
1316 2039 1399 2102 Pau-

156 2121 208 2185 his
218 2125 332 2187 accedit
345 2127 436 2208 quod,
448 2129 472 2190 si
484 2127 601 2189 Ethnici
613 2128 703 2190 libros
713 2148 760 2190 sa·
800 2131 860 2190 lum
884 2128 1056 2207 corrigentis
1068 2125 1128 2206 (T),
1146 2125 1311 2190 Marcionis
1333 2123 1399 2187 Lu-

156 2225 225 2270 cros
244 2213 458 2292 corrupissent.
472 2230 507 2274 ea
525 2212 683 2293 praecipue
699 2213 759 2274 im·
799 2231 863 2274 cam
888 2222 917 2275 et
935 2212 1058 2274 Paulum
1079 2208 1243 2272 mutilantis
1254 2209 1313 2288 (3),
1333 2209 1397 2272 Ar·

156 2300 322 2356 mutassent
340 2314 392 2357 seu
411 2296 569 2372 delessent,
583 2315 659 2378 quae
678 2296 759 2358 iniis
799 2298 923 2360 tetaoav'a
940 2304 968 2358 et
981 2296 1106 2358 aliorum
1123 2293 1203 2355 uaria
1214 2292 1244 2352 iu
1256 2292 1399 2354 sacristi-

156 2375 193 2438 de
214 2378 343 2440 vanitate
361 2379 531 2456 idolorum,
552 2381 589 2441 de
609 2380 760 2442 miraculis
800 2379 861 2442 bris
880 2379 1083 2442 innovantium
1103 2377 1163 2458 (l).
1187 2375 1322 2456 Denique
1348 2395 1398 2438 or·

156 2471 187 2522 et
203 2460 357 2524 divinitate
374 2461 503 2541 Christi,
529 2464 565 2526 de
586 2465 759 2528 necessitate
801 2464 918 2526 thadoni
935 2483 987 2545 per
1003 2462 1145 2524 librorum
1165 2479 1316 2522 sacrorum
1333 2479 1398 2522 cor·

102 2607 105 2616 ,
156 2543 228 2606 fidei
243 2545 273 2607 in
292 2545 388 2626 ipsum
407 2556 467 2610 etc.
482 2547 591 2629 scripta
608 2548 757 2626 leguntur.
799 2549 968 2628 ruptionem
996 2555 1057 2608 tum
1084 2543 1283 2606 conscientiae
1305 2563 1399 2620 suae,

155 2625 229 2690 Cum
241 2639 339 2692 autem
357 2631 543 2694 haecomnia
559 2633 589 2693 in
610 2632 760 2694 hodiernis
800 2642 860 2694 tum
875 2631 1017 2710 Religioni
1026 2629 1203 2691 christianae
1213 2628 1399 2690 maximeno-

155 2711 300 2775 librorum
325 2713 361 2776 N.
381 2713 415 2777 Τ.
436 2716 654 2796 exemplaribus
672 2717 757 2778 inre·
799 2717 941 2792 coissent3
956 2735 994 2776 au
1008 2715 1087 2776 enim
1107 2714 1164 2774 tale
1182 2720 1399 2774 tentamentum

155 2795 302 2870 niantur,
323 2817 382 2861 non
401 2799 467 2861 sine
487 2801 615 2862 inanima
640 2799 759 2862 vesania
799 2795 1399 2862 intensissimoscatholicaeEcclesiaeho

156 2880 214 2944 dici
236 2889 343 2962 potest,
360 2881 452 2944 libros
463 2881 498 2945 N.
515 2883 550 2945 T.
570 2884 608 2946 ah
627 2883 759 2946 Ethnieis
800 2893 860 2946 stes
877 2882 1032 2948 latuisset?
1049 2899 1148 2942 notrae
1159 2878 1265 2941 crivrde
1282 2879 1397 2956 ludaei,

155 2965 249 3028 luisse
268 2977 436 3047 corruptos.
455 2965 512 3030 Sed
527 2985 653 3047 nequeo
668 2968 759 3032 cart-
799 2965 906 3044 Pagani
916 2977 945 3029 et
956 2966 1101 3028 Haeretici
1113 2963 1300 3052 occasionem
1316 2982 1398 3025 sarm·

154 3050 263 3112 ationis
275 3050 339 3112 hovi
352 3051 447 3131 potuit
463 3052 626 3133 corruptio;
645 3050 717 3112 haec
729 3071 759 3113 c·
800 3051 936 3131 psissent,
949 3069 1056 3112 novum
1070 3046 1170 3110 odium
1187 3081 1203 3094 ·
1215 3058 1244 3108 et
1256 3066 1315 3108 non
1331 3048 1398 3109 sine

64 3183 65 3186 ι
155 3133 217 3195 nim
238 3134 283 3195 vel
303 3134 471 3212 astericis,
493 3136 537 3198 vel
556 3155 573 3196 a
591 3135 693 3211 laicis,
713 3136 758 3198 vel
800 3135 877 3196 iusta
890 3153 979 3195 caasa
997 3131 1398 3194 incatholicosconcitandil

156 3215 195 3278 ab
215 3217 385 3291 haereticis,
404 3219 449 3280 vel
469 3219 506 3282 ah
526 3218 696 3281 orthodoxis
712 3220 757 3281 la·
798 3216 854 3280 Sed
875 3215 1396 3280 tarrrencaelereovuniuosilueruut.

150 3300 335 3384 statuisset.
361 3302 439 3364 Fieri
470 3313 568 3365 autem
595 3313 759 3364 cartonen
839 3297 1397 3380 Nato.hrgumentaparisroborispro

156 3383 255 3465 potuit
273 3384 404 3461 alaicis,
424 3389 495 3467 quia
510 3386 617 3450 Clerici
637 3405 704 3448 cum
717 3388 758 3450 E·
799 3387 881 3448 nollo
914 3385 971 3448 alio
1006 3384 1081 3446 libro
1115 3384 1238 3463 antiquo
1269 3383 1398 3462 proferri

156 3467 278 3549 piscopo
297 3470 496 3547 restitissent3
516 3488 613 3552 neque
639 3470 676 3533 ab
695 3471 759 3532 istis
799 3467 924 3550 ipueunl;
938 3469 1023 3530 cuius
1038 3478 1135 3529 tamen
1152 3466 1354 3545 integritatem
1374 3466 1399 3528 si

156 3551 308 3632 corruptio
328 3554 427 3632 pertici
448 3554 561 3634 potuit,
581 3554 670 3634 quia,
691 3573 757 3615 curn
799 3553 867 3633 quis
879 3552 1044 3614 indubium
1061 3560 1155 3626 vocet,
1169 3552 1267 3612 stolidi
1280 3560 1333 3611 aut
1346 3569 1399 3631 pe-

155 3632 224 3697 libri
244 3635 319 3695 sacri
336 3634 485 3699 aClericis
504 3637 756 3718 preelegerentur,
801 3637 921 3698 tutantis
936 3634 1114 3715 scepticismi
1128 3645 1330 3696 accusaretur:
1346 3653 1400 3695 un·

156 3727 187 3780 et
205 3718 244 3779 ab
262 3718 408 3799 Episcopo
427 3732 664 3802 exponerentur,
685 3722 759 3784 sub·
799 3717 1004 3801 de,inquitCl.
1018 3720 1150 3794 Gratiam,
1163 3719 1327 3779 nonsolum
1344 3718 1399 3779 ini·

157 3802 552 3884 stantialcmcorruptionem
564 3805 619 3886 ipsi
628 3805 760 3868 seniores
799 3823 905 3884 quana,
917 3803 968 3866 sed
983 3803 1020 3865 ab
1036 3804 1116 3863 ornni
1135 3803 1249 3864 ratione
1267 3801 1401 3864 alienum

156 3886 225 3948 laici
244 3905 303 3948 nou
323 3887 387 3949 sine
405 3907 556 3950 narramure
572 3891 758 3964 tolerassent,
800 3897 856 3962 est,
880 3889 972 3950 libros
995 3885 1030 3948 N.
1050 3886 1085 3948 T.
1105 3895 1259 3966 corruptos
1285 3885 1399 3948 dicere.

157 3979 209 4032 aut
227 3968 330 4033 saltem
351 3971 489 4052 Episcopi
512 3973 635 4033 aliarum
657 3973 760 4036 Eccle-
799 3970 1147 4033 Nilrilomiuusincreduli
1161 3969 1309 4050 quaedam
1323 3970 1405 4032 lavata

159 4054 270 4116 siarum
291 4055 334 4116 illi
354 4053 540 4117 restitissent.
570 4055 706 4136 Episcopi
725 4077 758 4119 e·
801 4055 1185 4134 obiiciunt,utargumenta
1200 4063 1406 4116 nostraeuer·

132 4137 220 4203 ίιιίιιι
249 4139 411 4218 integritati
441 4136 610 4222 Scripturae
636 4143 761 4203 solerter
801 4150 880 4203 vent.
1390 4169 1394 4178 ·

191 4265 223 4319 (ll
239 4265 296 4314 litat.
312 4273 367 4317 eccl.
383 4271 420 4317 hb.
439 4270 461 4329 l,
473 4283 524 4332 cup.
541 4271 578 4321 lt.
645 4281 649 4286 ·
682 4275 703 4291 ·“
831 4273 863 4329 (5l
878 4275 904 4318 V.
919 4273 1014 4320 Tertvvlt.
1030 4273 1059 4321 de
1075 4283 1183 4334 praescr,
1197 4283 1219 4319 c.
1231 4272 1271 4323 δῦ.

183 4323 265 4398 Nil.
276 4328 359 4377 ausen
374 4331 402 4378 n.
417 4331 442 4380 n.
458 4333 473 4378 ι.
485 4335 538 4406 ge.
548 4335 598 4388 aa.¹
626 4379 629 4382 ,
831 4335 862 4392 p,
878 4334 901 4379 v.
916 4333 1002 4381 naseu.
1016 4335 1042 4380 n.
1058 4334 1082 4380 n.
1097 4333 1113 4380 v.
1123 4335 1145 4394 a,
1157 4344 1180 4379 c.
1192 4333 1230 4381 aa.
1247 4361 1250 4366 -
1316 4337 1320 4352 2
