2934 4736
208 166 270 230 286
315 161 322 166 ’
605 181 790 228 rusosourns
810 177 972 226 carmanis

168 261 216 324 cui
229 262 317 325 modo
330 260 431 326 ludaei
449 268 519 324 sunt
530 259 653 336 addicti,
666 270 699 322 ut
713 259 767 321 ial—
783 263 788 326 Ι
806 259 940 320 radlitam
958 255 990 318 in
1007 257 1103 320 altero
1118 257 1229 320 mundo
1243 255 1321 322 ultra
1335 257 1418 325 duo·

168 363 231 410 tam
246 347 438 409 reiiciendam
455 365 531 422 esse,
544 346 631 408 lacile
646 343 765 425 probari
808 342 904 404 decim
925 360 1042 404 menses
1059 361 1117 402 non
1136 343 1309 422 puniturum
1325 362 1416 409 esse.

168 438 276 512 potest.
287 429 388 493 ludaei
400 431 478 493 enim
492 439 559 511 post
573 429 765 508 Evangelium
808 425 842 507 h)
859 427 997 492 Messium
1013 425 1147 508 plerique
1162 433 1335 507 exspectant
1356 447 1419 493 ceu

169 515 385 596 promulgatum
411 532 518 577 aooom
546 514 643 576 alteo
667 513 768 575 dotum
809 511 989 573 rationalem
1003 517 1032 571 et
1045 517 1213 572 terrestrem
1225 528 1343 590 regem,
1360 515 1419 594 qui

168 598 381 662 uenerationem
397 604 597 674 contemnem,
614 597 768 674 antiq-uam
807 593 933 656 ludaeos
950 594 980 654 in
999 593 1196 656 Palaestinam
1217 594 1360 672 reducat,
1387 608 1420 661 et

168 699 268 745 oereu
286 683 346 746 Deo
363 685 473 764 factum
490 688 695 760 corrompant,
716 697 767 742 eo·-
807 677 1420 760 exaltet.AliidnplicemdiscernuntMes·

168 783 293 845 rarmqoc
319 768 464 830 hodierna
491 765 607 846 Religio
636 764 768 828 eaterms
806 762 881 824 siam
894 763 939 824 rel
951 762 1159 840 allicio,unnm
1168 760 1319 840 Gentium,
1330 766 1419 828 alte·

167 851 362 915 deselationis
398 850 617 914 characteribus
647 849 768 928 pertitus
807 846 1332 922 rumludaeorum,relsorte,unum
1351 849 1418 912 hu-

167 936 306 999 deatitma
325 944 377 998 eat.
807 931 907 994 milem
920 931 1014 992 tilium
1026 929 1143 1011 loseph,
1156 949 1191 991 ex
1202 931 1365 1011 Ephraim,
1380 953 1418 997 a·

211 1020 241 1082 l.
262 1017 343 1081 an.
357 1017 391 1080 T.
410 1016 611 1093 Revelatione,
624 1015 768 1098 quamlu-
807 1014 1419 1080 liumsublimemetfamiliallaridiszcir·

169 1102 234 1164 daei
253 1111 443 1177 venerantur,
462 1099 582 1162 Messias
600 1119 655 1162 ceu
673 1117 767 1162 norae
807 1117 841 1160 ca
853 1099 940 1160 huius
956 1098 1125 1175 adventum,
1143 1099 1283 1176 neglectis
1295 1109 1326 1162 et
1339 1121 1419 1164 corr-

168 1184 367 1248 Rerelationis
385 1204 510 1266 praeco,
529 1197 682 1266 notaeque
695 1184 767 1264 legis
809 1183 892 1244 tortis
905 1182 1078 1244 clarissimis
1091 1181 1126 1246 V.
1141 1180 1174 1243 T.
1194 1184 1347 1247 vaticiniis
1369 1189 1418 1249 vel

169 1279 272 1334 auctor
301 1271 465 1352 promissus
493 1277 522 1332 et
541 1269 766 1348 praenuntiatus
807 1265 911 1330 inanes
929 1266 1102 1328 traditiones
1114 1276 1291 1348 sequuntur,
1305 1271 1354 1332 vel
1369 1270 1420 1332 irr-

169 1355 226 1416 luit
241 1356 319 1435 (cap.
335 1353 411 1432 Ill),
432 1371 519 1432 quem
540 1351 640 1414 ludaei
663 1353 767 1414 audire
807 1351 1036 1413 determinatum
1059 1369 1123 1412 esse
1145 1361 1266 1413 censent
1289 1361 1420 1434 tempus

169 1447 198 1500 et
210 1439 294 1520 sequi
305 1439 343 1500 ab
356 1438 421 1518 ipso
432 1436 528 1518 Moyse
539 1437 613 1498 iussi
625 1435 764 1516 sunt(l).
807 1434 913 1516 ipsius,
932 1444 961 1496 et
973 1433 1131 1498 anathema
1149 1434 1297 1498 intentant
1310 1439 1420 1501 omni-

169 1521 303 1584 Messiam
319 1530 418 1583 autem
445 1530 511 1583 actu
529 1521 588 1582 iam
615 1520 767 1581 advenisse
808 1519 875 1597 hus,
895 1519 947 1600 qui
965 1519 1037 1579 illud
1056 1527 1229 1600 computare
1250 1520 1361 1585 velint.
1386 1526 1418 1603 c)

169 1615 199 1669 ot
222 1606 336 1667 nullum
363 1606 452 1667 aliurn
483 1610 565 1680 es'se,
587 1604 644 1665 nisi
668 1603 766 1665 Iesum
807 1605 916 1685 chem
935 1603 1092 1666 mosaicam
1114 1604 1275 1665 secundnm
1304 1625 1418 1670 omnes

169 1689 317 1752 Christum
328 1689 522 1766 Nazarenum,
539 1695 714 1766 argumenta
725 1688 770 1748 in·
808 1706 877 1750 suas
895 1687 1096 1750 ordinationes
1122 1695 1189 1749 actu
1208 1688 1363 1766 obligare,
1386 1703 1418 1754 et

170 1773 245 1835 ricta
263 1774 422 1836 ostendunt
436 1773 495 1853 (i).
519 1767 604 1834 Hunc
622 1791 692 1850 ergo
711 1792 767 1833 au·
809 1771 949 1854 usquead
962 1772 1050 1834 tinem
1065 1772 1168 1833 mundi
1181 1773 1418 1852 perduraturum

169 1858 245 1936 dire,
262 1858 413 1939 ipsiusque
440 1857 603 1919 doctrinam
622 1865 652 1918 et
674 1857 767 1934 legem
808 1875 874 1918 esse
901 1856 1020 1918 docent.
1039 1855 1115 1917 Huic
1133 1857 1265 1938 plerique
1295 1859 1420 1922 addunt

170 1943 389 2020 evangelicam,
412 1941 522 2003 relictis
540 1939 767 2002 caeremoniali·
808 1939 946 2021 antiquas
971 1939 1166 2016 traditiones,
1193 1960 1210 2002 a
1232 1939 1269 2003 R.
1294 1941 1420 2008 lehuda
1463 1947 1464 2016 ζ

170 2027 225 2090 bus
237 2025 354 2107 Moysis,
369 2025 454 2106 sequi
464 2033 592 2106 oportet.
604 2023 703 2100 Longe
718 2042 767 2085 er·
808 2021 892 2086 Sacc.
910 2023 936 2085 ll
955 2022 985 2084 in
1004 2023 1319 2103 Mischnacollectas,
1342 2027 1419 2108 qui-

170 2107 769 2190 goareritatealternantludaei,ipsam·
809 2107 864 2169 bns
882 2107 1005 2169 eandem
1026 2127 1093 2168 cum
1122 2108 1187 2187 loge
1217 2109 1331 2190 scripta
1364 2131 1421 2193 per

170 2214 229 2276 qne
244 2195 337 2272 legem
352 2193 510 2254 mosaicam
523 2193 697 2271 gravissime
708 2191 769 2252 rio·
808 2191 924 2272 Moysen
936 2192 1140 2254 auctoritatem
1151 2191 1297 2256 tribuunt.
1311 2194 1348 2276 d)
1360 2199 1420 2260 Co·

171 2280 245 2356 lant,
262 2279 332 2343 dum
349 2276 448 2339 lesum
461 2277 607 2340 Christum
624 2294 678 2338 ceu
691 2274 770 2337 Mes·
797 2278 899 2350 „dicem
916 2295 1056 2358 quoquo,
1075 2295 1127 2338 seu
1155 2277 1320 2340 doctrinam
1346 2301 1418 2342 mo·
1463 2273 1464 2278 ’

171 2363 244 2425 siam
269 2381 329 2424 non
343 2368 518 2439 agnoscunt,
538 2361 654 2441 plenam
672 2357 768 2421 Reve·
807 2361 900 2422 ralem
921 2362 1124 2440 pessumdant;
1142 2379 1210 2421 nam
1222 2361 1253 2422 in
1267 2362 1421 2430 Thaima·

172 2446 291 2509 lationis
307 2447 416 2519 lucem,
431 2444 468 2507 ab
480 2445 544 2526 ipso
558 2446 675 2506 allatam
689 2461 771 2524 sper·
809 2445 846 2506 de
865 2445 958 2506 multo
983 2445 1075 2522 magis
1093 2452 1231 2507 externae
1253 2465 1419 2512 caeremo-

171 2527 259 2606 nunt,
269 2537 298 2591 et
313 2527 470 2590 mosaismo
488 2530 548 2590 iam
564 2528 705 2608 abrogato
718 2527 770 2591 ob·
810 2529 890 2604 niae,
907 2547 994 2609 quam
1014 2529 1148 2590 internae
1164 2529 1287 2592 virtutes
1310 2533 1419 2596 incul-

104 2671 109 2682 .
172 2616 279 2678 stinate
296 2613 462 2675 inhaerent.
724 2625 731 2643 ·
810 2621 926 2688 cantur,
940 2631 973 2674 ac
987 2613 1078 2674 multa
1098 2613 1253 2676 araledicta
1267 2615 1298 2676 in
1312 2614 1419 2679 lesum

213 2699 244 2760 2.
265 2697 379 2776 Religio
399 2696 527 2773 iudaica,
542 2715 618 2778 quae
635 2695 693 2757 iam
713 2713 770 2756 an·
810 2695 971 2773 Christum,
990 2697 1223 2778 religionemque
1249 2706 1279 2759 et
1309 2701 1419 2764 fideles

172 2791 201 2846 te
219 2782 366 2847 Christum
392 2800 445 2862 per
470 2791 566 2843 sectas
593 2780 769 2842 Pharisaeo-
811 2781 904 2860 ipsius
929 2780 1130 2844 continentur.
1148 2815 1189 2828 -
1213 2781 1341 2846 Errores
1358 2805 1420 2847 an-

172 2886 251 2942 num,
266 2865 504 2928 Sadducaeorum
525 2875 554 2927 et
572 2865 769 2928 Essaeaorum
812 2874 869 2925 tem
894 2873 952 2925 tam
972 2863 1114 2941 absurdi,
1134 2865 1186 2926 srni
1213 2865 1350 2929 hominis
1383 2889 1421 2931 ac

173 2951 324 3032 corrumpi
348 2951 458 3032 coepit,
478 2947 680 3028 multomagis
706 2954 771 3028 post
811 2947 928 3028 spiritui
947 2947 1100 3026 religionis
1123 2949 1261 3027 adversi,
1281 2951 1359 3014 satis
1381 2973 1420 3014 o·

173 3036 319 3098 excidium
347 3033 639 3114 hierosolymitanum
657 3031 771 3111 gentis·
811 3032 963 3110 standum,
987 3032 1178 3110 religionem,
1206 3053 1295 3114 quarn
1322 3035 1419 3098 inodo
1463 3067 1464 3070 ¹

174 3139 231 3201 que
250 3118 538 3200 dispersionernper
553 3116 771 3178 Thalmudistas
811 3115 912 3178 ludaei
927 3117 1119 3196 profitentur,
1139 3136 1156 3179 a
1173 3116 1233 3178 Deo
1251 3121 1419 3183 revelatam

174 3212 311 3282 corrupta
329 3202 394 3262 luit.
419 3201 454 3263 Mi
485 3201 578 3272 enim,
598 3200 772 3262 arbitrariae
812 3219 871 3261 non
889 3219 965 3262 esse.

174 3285 205 3349 S.
225 3285 381 3347 Librorum
397 3287 595 3367 expositiones
613 3293 643 3348 et
657 3284 773 3364 spurias
872 3285 902 3344 3.
930 3283 1066 3345 Externis
1095 3283 1184 3346 etiam
1211 3281 1419 3349 Revelatiouis

176 3369 347 3432 traditiones
364 3370 470 3446 secuti,
487 3369 624 3448 religioni
642 3385 714 3430 suae
728 3373 773 3428 sat
813 3366 1033 3430 characteribus
1044 3367 1167 3430 odierna
1178 3368 1354 3431 ludaeorum
1370 3389 1421 3432 re·

175 3471 290 3515 crassos
307 3453 483 3516 addiderunt
507 3473 631 3516 errores.
651 3451 722 3528 liam
742 3447 772 3528 a)
813 3451 883 3530 ligio
902 3452 1020 3531 penitus
1037 3461 1128 3514 caret.
1153 3451 1224 3514 Cnm
1244 3454 1323 3515 enim
1345 3463 1420 3516 ante

176 3536 271 3618 quoad
295 3538 386 3598 Deum
405 3536 523 3614 dicunt,
544 3538 623 3600 hunc
641 3535 773 3618 quotidie
813 3535 962 3598 Christum
982 3536 1086 3616 quovis
1104 3536 1164 3598 lere
1182 3550 1317 3618 temporo
1336 3539 1419 3600 viros

176 3630 236 3683 tres
256 3620 342 3681 horas
362 3621 417 3697 legi
436 3621 635 3683 thalmudinae
654 3621 773 3682 discen·
814 3619 944 3698 insignes
956 3620 1125 3697 habuerint,
1146 3620 1197 3701 qui
1217 3623 1373 3684 miraculis
1388 3633 1421 3684 et

176 3705 230 3768 dae
253 3704 436 3784 impendere,
456 3714 486 3769 et
502 3705 622 3768 totidem
640 3723 707 3766 cum
725 3702 773 3784 pi·
815 3703 978 3785 prophetiis
996 3703 1124 3765 diuinam
1136 3723 1219 3765 suam
1239 3705 1419 3768 missionem

176 3785 774 3870 scoLeriatlranludere,quotidiaobex·
815 3787 1030 3862 ostenderunt,
1058 3796 1124 3870 post
1148 3786 1295 3850 Christum
1318 3808 1421 3870 neque

177 3875 289 3937 cidium
314 3872 534 3954 llicrosolgmae
558 3883 588 3936 et
606 3873 707 3954 templi
729 3871 775 3932 la·
817 3873 908 3932 ullum
924 3871 1113 3945 miraculum,
1133 3874 1332 3952 nequeullam
1349 3893 1421 3954 pro-

177 3957 314 4039 cryruari,
331 3967 454 4019 verituro
469 3956 591 4019 Messias
611 3964 777 4018 monstruo·
817 3956 947 4036 phetinm
968 3955 1122 4018 ostendere
1142 3966 1276 4036 possunt,
1297 3976 1358 4036 quo
1380 3959 1417 4020 fi·

101 4058 103 4062 ·
177 4063 243 4106 sum
260 4041 427 4106 convivium
447 4060 563 4124 parare,
578 4049 715 4104 etrerurn
731 4037 776 4102 ls-
816 4041 868 4101 des
886 4039 1018 4121 ipsorum
1037 4041 1263 4102 confirmaretur
1278 4043 1338 4123 (3).

208 4255 241 4310 (u
254 4256 323 4302 aaut.
338 4255 376 4317 ts,
392 4257 421 4306 rs
433 4261 457 4308 or
471 4258 509 4306 to.
691 4304 694 4310 ,
850 4263 880 4324 ‹a›
896 4264 922 4308 r.
938 4264 1009 4310 utros
1024 4265 1040 4310 t.
1056 4263 1083 4320 rr,
1093 4260 1106 4322 a
1116 4263 1159 4310 ast
1172 4288 1193 4299 ·-
1208 4261 1228 4325 a.
1240 4261 1293 4314 aaa.
1303 4261 1422 4325 nonnas
1463 4249 1464 4252 ’

208 4313 435 4374 (treatment.
577 4343 579 4349 -
819 4323 1042 4386 tirrano-a.
1062 4323 1109 4371 rte.
1189 4329 1192 4338 ·
1463 4333 1464 4350 2
