2918 4734
440 181 514 228 runs
532 183 565 228 n.
585 181 688 228 suerro
702 183 724 228 1.
744 182 838 230 meur
855 183 878 231 r.
1198 167 1265 233 tid

73 255 198 320 herthae
217 257 285 322 loca
301 257 568 325 abitinerantibus
585 281 656 325 era·
697 279 758 344 quo
777 262 905 343 plurima
929 262 1025 328 eidem
1050 263 1135 330 raldo
1157 266 1302 348 probrosa

74 341 164 402 minata
182 343 328 422 fuerunt,
348 364 385 407 eo
402 347 498 408 maior
519 347 657 428 apparuit
697 345 901 422 continentur,
922 348 994 429 quin
1017 358 1166 412 auctorem
1187 369 1301 430 cogno·

72 423 196 488 tactorum
209 435 399 490 narratorum
409 430 576 510 harmonia.
587 428 658 503 Qui·
696 438 794 492 sceret
810 430 906 494 virum
922 449 1054 512 gravem,
1074 435 1156 497 omni
1173 435 1232 498 tide
1249 435 1299 496 di·

55 507 127 568 'libet
139 509 220 571 liber
234 513 390 592 proprium
405 513 462 576 sihi
477 513 657 595 spiritumet
696 532 801 592 gnum.
819 567 821 572 .

68 592 150 653 stilum
164 595 347 674 praesefert,
363 597 414 678 qui
428 616 482 679 pro
498 598 579 661 vario
594 599 657 660 cul·
737 597 772 670 2,
793 597 916 660 Praeter
936 595 1169 662 Pentateuchum
1193 600 1302 682 reliqui

68 684 135 738 turae
161 679 259 756 gradu
285 681 382 742 rarius
410 682 522 744 formas
546 681 654 746 induit.
698 678 768 744 libri
790 683 822 744 V.
847 683 879 745 T.
900 683 1011 764 integri
1027 683 1067 746 od
1084 702 1300 764 norperoene·

67 757 141 840 Tropi
154 773 185 822 et
200 762 413 827 similitudines
425 785 462 828 ex
480 765 539 827 illis
556 766 656 844 regio·
697 774 780 828 runt.
804 764 877 828 Nam
890 766 1118 830 substantialem
1136 767 1300 850 corruptio-

67 845 141 906 nibus
162 846 375 927 desumuntur,
395 849 426 910 in
452 849 561 930 quihus
588 850 656 912 libri
692 866 765 910 nem
786 850 892 912 tactam
921 870 980 913 non
1006 869 1083 925 esse,
1106 852 1179 914 satis
1206 853 1301 916 solide

66 930 213 1011 conscripti
228 933 381 994 dicuntur.
398 932 506 995 Intima
520 934 609 996 etiam
626 952 658 995 o·
698 932 825 1010 probant
838 953 955 996 summa
970 934 1148 996 Iudaeorum
1164 935 1196 998 in
1209 935 1301 998 libros

67 1015 167 1076 mnium
186 1015 334 1078 librorum
355 1017 432 1079 inter
449 1035 482 1080 se
500 1017 656 1096 connexio,
697 1033 767 1078 suos
779 1017 1004 1096 sacrosreligio,
1017 1018 1242 1096 diligentissima
1253 1038 1303 1082 co-

71 1118 121 1178 qua
132 1101 172 1176 it,
186 1108 221 1160 ut
241 1101 422 1181 posteriores
440 1119 558 1182 semper
574 1103 657 1183 prio·
697 1099 821 1162 rundem
839 1101 986 1178 custodia,
1004 1121 1039 1166 ac
1055 1101 1195 1184 frequens
1213 1122 1298 1182 usus,

68 1202 110 1245 res
124 1192 305 1266 supponant,
326 1186 486 1248 eorundem
504 1185 657 1248 authenti·
698 1201 860 1247 consensus
881 1204 1000 1267 quoque
1025 1185 1160 1248 codicum
1176 1186 1302 1250 iudaeo-

67 1269 171 1330 citatem
189 1276 416 1331 commonstrat.
433 1268 586 1332 Accedunt
600 1289 657 1332 no·
697 1286 762 1328 rum
783 1276 813 1330 et
831 1269 1095 1346 samaritanorum,
1123 1279 1212 1351 atque
1234 1290 1302 1332 rer-

66 1359 106 1414 tne
118 1352 299 1416 extrinsecae
315 1350 434 1416 maximi
449 1353 599 1433 ponderis,
614 1355 659 1416 ni·
698 1351 816 1414 sinuum
829 1353 1101 1433 antiquaegraecae
1111 1354 1162 1430 70,
1172 1353 1303 1418 chaldai-

66 1437 162 1498 mirum
178 1437 333 1517 persuasio
356 1435 505 1500 unanimis
520 1445 548 1498 et
563 1438 658 1500 tradi·
698 1452 770 1511 cae,
789 1435 933 1517 syriacae,
959 1436 1101 1518 Aquilae,
1122 1435 1301 1522 Symmachi,

67 1519 100 1580 tio
115 1529 254 1582 constans
272 1520 401 1582 nationis
420 1520 566 1597 iudaicae,
582 1541 658 1602 quae
698 1517 910 1582 Theodotionis
930 1529 1006 1598 etc.;
1027 1521 1148 1584 tandem
1167 1521 1302 1604 interpo-

67 1613 138 1668 certc
157 1604 280 1666 maioris
299 1613 344 1666 est
362 1604 513 1686 ponderis,
529 1624 618 1685 quarn
634 1605 658 1668 si
699 1601 818 1666 lationis
837 1603 1075 1685 impossibilitas,
1091 1624 1168 1686 quae
1186 1606 1217 1667 in
1235 1626 1303 1668 om·

65 1689 155 1766 plures
167 1687 255 1750 etiam
270 1688 376 1768 privati
389 1689 546 1769 scriptores
559 1689 596 1751 de
607 1709 658 1751 an·
699 1685 788 1748 nibus
797 1688 1014 1768 erenrplaribus
1027 1689 1159 1750 omnium
1175 1687 1302 1754 Iudaeo·

65 1771 456 1849 theuticitatetestimonium
467 1773 590 1835 ferrent:
601 1783 659 1836 tra·
699 1787 764 1832 rum
784 1771 814 1832 in
831 1771 919 1833 variis
937 1772 1011 1834 locis
1029 1781 1059 1834 et
1073 1773 1233 1854 provinciis
1246 1775 1301 1838 ha·

64 1855 200 1918 ditionem
220 1856 297 1918 hanc
317 1864 462 1918 sustentat
486 1875 582 1918 canon
601 1857 659 1920 Es·
699 1853 856 1916 hitantium
876 1855 939 1918 deri
955 1856 1117 1933 debuisset,
1134 1858 1304 1938 quiescens

64 1939 128 1999 drae
142 1959 159 2000 a
171 1958 279 2018 magna
293 1958 440 2020 synagoga
454 1943 657 2018 confirmatus,
700 1939 850 2020 corruptio
862 1939 950 2001 facile
960 1941 1076 2002 detecta
1085 1941 1200 2005 suisset.
1213 1941 1303 2006 Prae·

64 2023 151 2084 versio
178 2025 218 2086 tu
241 2022 438 2104 interpretum
460 2024 522 2090 280
544 2025 661 2087 circiter
700 2021 786 2102 cipue
811 2031 910 2086 eutem
933 2025 1012 2086 circa
1032 2023 1208 2106 Prophetias
1224 2023 1302 2088 bles-

64 2107 144 2168 annis
159 2115 229 2168 ente
240 2106 390 2170 Christum
405 2109 558 2186 adornata,
572 2118 600 2171 et
611 2128 661 2172 ce·
700 2105 798 2168 sianas
818 2107 890 2171 haec
904 2107 1143 2189 interpolationis
1160 2109 1302 2190 impossi-

66 2208 119 2251 non
134 2189 376 2253 christianorum.
391 2191 485 2270 Magni
498 2212 585 2274 porro
601 2213 662 2254 mo·
700 2189 799 2253 bilitas
813 2192 966 2278 evidenter
982 2192 1099 2256 ostendi
1114 2200 1222 2273 potest;
1237 2212 1304 2274 pro·

67 2275 152 2335 menti
167 2281 224 2350 est,
241 2275 320 2355 quod
336 2295 488 2356 nunquam
507 2286 611 2340 contro
625 2277 661 2339 li·
700 2274 816 2356 phetias
838 2277 917 2338 enim
936 2285 1002 2358 post
1025 2283 1163 2340 eventum
1187 2279 1298 2340 confin-

67 2356 182 2418 brorum
208 2359 427 2439 praedictorum
447 2361 660 2424 authenticita-
700 2377 768 2437 gere
787 2379 846 2421 non
863 2361 1028 2440 potuissent
1043 2359 1214 2437 Christiani,
1231 2381 1304 2443 quo-

66 2448 119 2501 tem
143 2439 236 2503 dubia
260 2444 387 2504 alicuius
413 2445 553 2526 ponderis
581 2453 660 2507 mota
701 2443 782 2505 niam
801 2444 894 2506 multa
917 2443 1130 2526 Prophetarum
1150 2448 1302 2527 exempla-

66 2524 181 2587 iuerint.
199 2525 273 2587 Rem
293 2526 421 2607 denique
441 2529 559 2591 conficit
572 2529 660 2612 reflo-
701 2526 745 2588 ria
764 2528 795 2588 in
817 2527 956 2590 manibus
971 2528 1147 2592 ludaeorum
1167 2529 1302 2606 aderant,

64 2609 111 2670 alo
124 2609 237 2674 critica.
255 2609 318 2672 Non
336 2619 431 2692 potest
450 2613 528 2674 enirn
546 2631 660 2694 suppo·
702 2620 731 2672 et
743 2619 844 2673 sancte
856 2614 893 2675 ah
905 2612 969 2674 istis
982 2613 1244 2688 conservabantur3
1256 2633 1305 2676 ne·

65 2691 175 2756 siticnis
199 2693 343 2770 assignari
362 2703 490 2776 tempus,
511 2696 581 2778 qnia
605 2717 661 2760 nu·
702 2715 760 2776 que
784 2705 853 2757 ante
878 2704 1027 2772 eventum,
1053 2715 1105 2758 seu
1131 2706 1200 2758 ante
1218 2696 1304 2759 Chri-

66 2783 155 2838 ctores
180 2778 313 2840 virentes
339 2778 439 2840 dolum
467 2790 496 2842 et
524 2781 660 2853 fraudem
702 2790 779 2842 stum
792 2779 1063 2863 dictasprophetias
1075 2781 1241 2858 confingere
1251 2791 1304 2840 aut

67 2858 257 2937 detexissent,
278 2871 307 2922 et
333 2862 436 2923 iisdem
462 2865 586 2926 mortuis
606 2866 660 2926 de·
701 2863 881 2942 voluissent,
914 2873 965 2926 aut
991 2865 1156 2946 potuissent
1187 2862 1302 2940 ludaei,
1374 2937 1377 2946 γ

67 2953 162 3024 ceptor
178 2946 255 3006 hand
274 2946 361 3007 facile
375 2948 463 3009 sidem
482 2948 541 3010 sihi
558 2949 660 3012 conci·-
702 2949 861 3028 praecipue
882 2956 1015 3028 tempore
1042 2948 1113 3024 illo,
1133 2965 1190 3028 quo
1215 2945 1304 3010 salsas

67 3026 183 3106 liasset,
200 3029 304 3093 amieis
322 3038 350 3091 et
364 3032 479 3102 coaevis
505 3041 659 3094 auctorum
702 3032 739 3093 de
757 3030 874 3108 Messio,
890 3031 969 3111 Rege
980 3039 1097 3094 terreno
1114 3037 1143 3090 et
1162 3031 1305 3112 potentis·

68 3111 136 3173 nihil
154 3113 191 3176 de
210 3114 262 3175 tali
285 3133 374 3196 opere
398 3116 658 3194 cognoscentibus3
703 3116 937 3194 simo‚noti0nes
948 3115 1098 3176 mentibus
1112 3115 1174 3176 suis
1186 3112 1248 3176 alte
1256 3115 1306 3176 de-

66 3194 128 3256 libri
153 3198 234 3259 enim
264 3197 367 3279 scripti
393 3199 452 3260 illis
478 3200 661 3282 temporibus
702 3201 774 3262 fixas
792 3199 946 3277 gerebant.
1047 3246 1053 3252 .

68 3279 185 3344 minime
211 3281 382 3362 trequentes
409 3291 517 3360 erent,
536 3293 565 3346 et
594 3285 660 3346 ideo
745 3285 775 3346 3.
796 3285 898 3345 Libros
924 3281 1096 3362 indigitotos
1121 3282 1179 3363 fide
1201 3282 1307 3364 dignos

67 3363 205 3427 maiorem
216 3366 409 3428 attentionem
423 3367 583 3430 excitantes
593 3388 664 3450 sup·
702 3385 770 3443 esse,
792 3366 897 3429 iisdem
912 3367 973 3428 lere
992 3365 1175 3444 argumentis
1195 3367 1304 3446 proba-

66 3449 239 3525 positiouem
259 3469 294 3512 eo
312 3449 507 3512 difficiliorem
524 3452 663 3520 reddide·
704 3460 763 3527 tur,
780 3450 889 3531 quihus
906 3448 1014 3512 veritas
1034 3449 1227 3511 Pentateuchi
1246 3453 1307 3514 eri-

65 3541 141 3595 runt.
156 3533 222 3596 Non
239 3541 335 3616 potest
349 3533 538 3597 determinari
554 3555 663 3616 suppo·
703 3545 750 3598 cla
768 3535 836 3597 luit.
855 3533 926 3596 Nam
947 3535 1024 3601 sacta
1041 3534 1073 3597 in
1092 3533 1152 3595 illis
1169 3536 1307 3596 reserun-

65 3615 179 3678 sitionis
202 3625 328 3691 ottctor;
345 3618 481 3680 ethnicus
500 3620 578 3684 enim
602 3639 662 3682 non
704 3629 753 3682 tur
770 3617 905 3700 publica,
929 3617 964 3679 ad
985 3618 1074 3680 totius
1091 3617 1187 3696 gentis
1211 3619 1307 3680 histo-

65 3704 119 3759 tam
138 3701 218 3764 bene
236 3703 273 3764 de
298 3701 427 3763 mosaica
452 3704 613 3782 religione,
634 3713 663 3766 et
704 3704 778 3766 riam
798 3703 989 3784 pertinentia,
1003 3721 1069 3764 cum
1087 3701 1216 3764 nationis
1235 3703 1308 3764 inte·

64 3779 199 3863 iudaeus,
215 3786 241 3848 si
259 3787 354 3847 solum
370 3786 557 3867 deceptorem
577 3803 663 3866 egere
703 3807 773 3868 grae
791 3795 869 3848 statu
893 3795 922 3848 et
942 3786 1011 3848 latis
1033 3786 1137 3848 intime
1158 3804 1306 3860 connexa,

65 3864 260 3945 decreuisset,
284 3889 343 3932 non
368 3876 427 3946 torn
453 3873 528 3932 male
552 3872 664 3933 desua
705 3892 764 3933 non
784 3889 850 3934 raro
874 3870 925 3932 toti
952 3871 1061 3953 populo
1081 3869 1236 3951 probrosa,
1258 3876 1309 3929 aut

66 3953 184 4017 natione
195 3953 373 4036 scripsisset.
383 3953 514 4016 Tandem
528 3975 588 4017 non
601 3964 664 4036 pot·
705 3955 793 4018 etiarn
813 3953 999 4038 principibus
1028 3953 1154 4016 maxime
1179 3951 1308 4028 dilectis,

66 4043 107 4094 est
131 4038 272 4120 expnlicari
296 4039 418 4114 modus,
442 4058 500 4120 quo
519 4039 664 4120 impostor
705 4040 816 4122 quique
832 4048 864 4100 ut
884 4039 976 4117 gloria
994 4037 1088 4116 gentis
1105 4054 1177 4096 suec
1202 4034 1308 4097 decus·

67 4119 185 4195 quidam
204 4124 256 4184 toti
277 4121 390 4184 nationi
410 4123 589 4203 persuadere
608 4141 664 4203 po·
706 4143 763 4204 que
775 4123 972 4196 habebantur,
985 4139 1087 4200 parum
1099 4119 1219 4179 decora.
1231 4117 1310 4182 Haec

68 4203 183 4284 luisset,
199 4207 277 4268 utin
293 4225 437 4268 canonem
456 4206 598 4268 librorum
615 4225 665 4268 sa·
706 4212 805 4270 autem
828 4213 987 4267 narrantur
1012 4202 1117 4262 aviris
1139 4201 1185 4262 rel
1208 4208 1309 4264 coeta-

69 4299 184 4352 crorum
203 4310 324 4354 suorum
344 4308 419 4372 opus
438 4290 615 4373 susciperet,
634 4290 666 4353 in
706 4291 784 4370 ucis,
803 4290 848 4351 uel
872 4285 1010 4368 tempori,
1031 4300 1089 4364 quo
1112 4297 1166 4344 resv
1179 4285 1313 4368 corttige·¹
