2910 4732
522 349 840 462 PRAEFATIO

216 587 217 594 Ν
342 575 409 655 oo
437 576 718 657 sarmarum
751 574 1020 659 sucosam

94 1245 316 1316 institutiones
338 1247 527 1337 Theolopiae
548 1249 729 1333 Generalis,
753 1270 810 1318 seu
834 1248 1122 1326 Fundamentatis,
1143 1247 1183 1315 ab
1205 1247 1315 1335 infra·

59 1355 161 1442 scripto
182 1363 335 1422 enaratae
359 1354 507 1442 fuerunt,
532 1364 569 1424 ut
587 1357 624 1423 in
642 1356 832 1426 Ditionibus
850 1355 1035 1424 Austriacis
1049 1355 1191 1444 publicis
1217 1356 1315 1423 iusti·

60 1461 224 1530 tutioribus
261 1461 469 1530 inservirent.
503 1461 690 1532 Nonnullae
721 1464 791 1531 ideo
819 1463 997 1543 materiae,
1031 1463 1074 1530 od
1110 1462 1317 1551 thsotopiam

62 1567 232 1636 Generatem
243 1577 432 1658 spectantes,
448 1571 641 1638 omittendae
652 1579 759 1653 erant,
769 1591 851 1660 quae
862 1569 982 1637 ibidem
993 1570 1030 1636 in
1040 1568 1118 1636 aliis
1131 1569 1317 1658 disciplinis

59 1673 225 1763 theolopicis
252 1677 446 1758 traduntur,
467 1684 496 1745 et
521 1678 740 1766 praescriptae
763 1677 929 1745 breuitatis
953 1677 1039 1744 ratio
1062 1684 1133 1744 erat
1157 1677 1314 1759 haberodu,

57 1783 130 1848 uude
146 1784 258 1851 ocriae
289 1784 510 1872 difficultates,
531 1784 571 1852 ab
598 1784 799 1852 aduersariis
824 1791 938 1852 contra
966 1783 1116 1851 ueritates
1144 1783 1317 1852 catholicas

59 1896 157 1969 motae,
177 1889 269 1958 haud
289 1891 392 1960 debito
410 1892 502 1958 modo
520 1892 656 1981 carpendi
674 1900 704 1960 et
724 1892 866 1980 refutari
881 1898 1041 1980 poterant.
1056 1930 1100 1940 -
1114 1889 1197 1960 Cum
1209 1899 1318 1960 autem

57 2016 142 2078 nunc,
171 2006 337 2066 annuente
366 1997 642 2066 Reuerendissr'mo
659 1999 762 2067 Patre
786 1999 939 2067 Ministro
971 1996 1123 2068 Generali
1145 1997 1278 2066 Nicotao
1295 2020 1318 2067 a

58 2101 88 2170 S.
102 2102 226 2188 Ioanne,
248 2105 377 2173 eaedem
397 2101 584 2193 Thectopiae
606 2106 774 2176 Generalis
793 2105 1020 2174 Institutionos
1048 2105 1191 2173 Taurini
1213 2107 1317 2174 denuo

58 2211 130 2297 typis
146 2213 358 2293 mandentur,
370 2233 408 2279 ea
427 2234 509 2302 quae
523 2213 649 2294 desunt,
663 2214 822 2302 supplere,
837 2221 866 2280 et
884 2213 1011 2295 menda,
1025 2233 1106 2302 qnae
1118 2213 1154 2280 in
1168 2214 1317 2302 primam

58 2317 211 2386 editionem
229 2321 449 2408 irrepserunt,
470 2320 628 2408 corripere
646 2321 772 2389 stadici.

92 2423 337 2512 Systeruaticum
356 2447 480 2515 quoque
499 2428 646 2495 ordinem
663 2449 702 2495 erc
717 2435 812 2516 parte
829 2426 1015 2508 immutavi,
1038 2426 1085 2492 ita
1104 2426 1197 2494 utin
1218 2447 1315 2514 prae·

58 2532 127 2597 scuti
142 2535 284 2602 editione
301 2535 338 2601 in
356 2541 452 2622 parto
475 2535 614 2602 secunda
635 2535 672 2601 de
690 2534 906 2602 Reoetationis
930 2533 1103 2600 existentia
1125 2541 1266 2615 tantum,
1286 2542 1317 2602 et

58 2636 198 2726 inparia
227 2642 331 2711 tertia
361 2643 399 2710 de
425 2642 591 2730 principio
621 2641 803 2729 Relipionis
827 2641 1024 2708 christianae
1054 2640 1257 2708 constitutivo
1286 2648 1317 2708 et

59 2748 219 2831 recitative
236 2759 372 2838 apator.
397 2748 567 2819 Caeterum
585 2750 637 2817 nil
655 2749 750 2816 aliud
769 2749 925 2830 desidero,
943 2747 1012 2815 nisi
1029 2754 1066 2816 ut
1082 2769 1144 2836 per
1157 2748 1316 2837 eaipuum

60 2850 178 2923 tutorem
196 2879 306 2926 meum
325 2858 432 2946 picria
449 2856 513 2924 Dei
530 2866 559 2925 et
577 2856 668 2925 salus
687 2856 878 2924 animarum
896 2862 1134 2944 promoveatur.

91 3157 235 3245 Bulsaui,
257 3161 312 3230 die
333 3159 377 3228 18
394 3169 472 3250 sept.
497 3159 597 3229 1860.

622 4065 694 4135 Fu.
715 4061 920 4134 ALBERTUS
952 4059 1080 4130 KNOLL

508 4285 511 4292 ¹
531 4194 738 4264 Cssuaaluus
757 4189 1006 4257 Ex-Dsomlros
1023 4186 1222 4255 assumus.

660 4325 723 4459 ξζ
776 4345 883 4430 305
