2930 4736
413 219 489 267 raus
510 221 553 267 ur.
578 219 681 267 suerro
701 221 733 267 u.
757 219 851 268 creor
872 219 905 268 n.
1174 199 1237 264 l03

38 295 141 380 aiseste
154 295 332 360 catholicum
347 295 455 378 dogma
472 299 509 360 de
524 299 637 381 duplici
722 300 808 379 Reep.
829 297 978 361 Honorius
1001 298 1076 362 baec
1094 297 1196 360 dicens
1219 301 1280 380 noir

38 382 209 465 operatione
225 383 408 460 continetur,
421 401 545 446 curuon
561 402 637 445 cort·
677 385 794 461 negavit
812 383 843 446 in
862 382 979 446 Christo
999 384 1181 444 voluntatem
1201 380 1279 442 divi·

37 464 179 530 tinebitur
196 464 227 528 ivr
247 466 419 528 testimonio
433 465 571 545 Honorii,
586 467 637 548 qui
678 483 747 528 unm
767 476 797 529 et
820 467 1001 544 humanam,
1021 467 1074 528 sed
1093 465 1225 546 loquitur
1243 463 1281 526 de

36 569 98 614 uon
117 549 209 611 solam
229 549 333 611 eadem
358 551 512 631 usurpavit
533 551 636 636 verba,
677 550 792 614 Christo
812 561 843 612 ut
861 551 995 627 boariae,
1009 560 1039 612 et
1053 569 1142 611 uuam
1159 548 1281 611 adstru-

37 635 90 698 sed
115 632 190 696 idem
216 642 370 714 praetcrea
396 634 502 713 dogma
527 635 638 698 clarius
677 634 720 697 xit
737 635 768 695 in
786 635 851 716 ipso
868 635 1048 696 voluntatem
1065 635 1229 696 itomanam
1243 629 1281 692 ad

36 719 136 782 adbuc
152 716 320 798 expressit?
334 749 377 764 -
397 716 558 781 Praeterea
575 718 638 781 ilo·
679 720 879 781 exclusionem
898 735 1014 799 pugnae
1029 719 1108 780 inter
1120 733 1239 790 carnem
1252 723 1283 776 et

35 802 143 866 norius
159 819 297 883 expresse
315 801 489 878 declaravit,
508 821 540 866 se
558 803 639 866 nolle
678 803 830 884 spiritum.
852 802 884 864 ld
903 811 1019 864 constat
1038 821 1074 863 ex
1097 800 1195 863 verlris
1220 798 1281 860 im·

35 885 205 950 ederefidei
221 885 439 964 delinitionern;
454 905 522 948 narn
536 886 567 948 in
580 887 641 969 pri·
680 887 809 950 mediate
826 885 1066 967 insequentibus:
1087 884 1182 966 pergit
1201 882 1281 946 enim

34 991 87 1034 rna
101 970 139 1032 ad
154 967 287 1047 Sergium
304 970 429 1051 epistola
444 970 560 1032 scribit:
577 968 642 1033 ‹tt-
679 970 840 1032 Honorius:
860 969 965 1042 «Quia
980 971 1110 1051 proiecto
1131 989 1148 1030 a
1165 966 1284 1032 Divini-

33 1065 119 1117 trum
137 1062 235 1114 autem
254 1063 375 1134 propter
392 1052 484 1134 dpera
498 1054 640 1117 divinita·
682 1063 741 1116 tate
754 1064 906 1136 assumpta
918 1062 964 1116 est
975 1063 1076 1114 nostra
1089 1061 1207 1127 natura,
1222 1067 1283 1111 non
1363 1097 1375 1122 .

18 1140 75 1218 ,tis
96 1146 129 1199 et
145 1137 337 1200 humanitatis
354 1157 428 1214 una,
448 1157 485 1199 an
503 1139 641 1216 geminae
681 1139 780 1220 culpa,
798 1138 851 1200 illa
868 1139 1013 1220 prolecto,
1030 1156 1107 1219 quae
1124 1146 1194 1198 aute
1211 1153 1283 1216 pec-

34 1220 231 1306 operatioues
253 1220 382 1284 debeant
399 1222 549 1285 derivatae
567 1224 640 1300 dici,
681 1233 779 1285 catum
792 1230 889 1284 creata
901 1227 1189 1303 cst,nonquaepost
1200 1237 1285 1299 prae·

31 1308 82 1370 vel
103 1304 251 1382 intelligi,
271 1306 307 1366 ad
332 1324 387 1368 uos
409 1306 466 1368 ista
492 1307 641 1388 pertinere
681 1308 893 1368 caricationem
913 1305 1052 1367 vitiata...
1073 1323 1141 1366 nam
1162 1305 1207 1364 lex
1224 1303 1284 1363 alia

32 1409 99 1456 non
121 1389 241 1466 debent,
260 1389 465 1470 relinquentes
483 1408 519 1454 ea
540 1409 641 1469 grava·
683 1391 712 1452 in
727 1390 1084 1467 membris,autvoluntas
1096 1388 1283 1450 diversanoa

34 1473 172 1539 maticis.
193 1491 209 1534 ›
229 1472 299 1535 ideo
321 1472 471 1536 Honorius
489 1476 642 1555 quaestio·
682 1475 750 1552 luit,
764 1475 810 1538 vel
830 1473 978 1536 contraria
997 1471 1152 1535 Salvatori.
1170 1491 1186 1532 n
1202 1469 1283 1533 idem

32 1577 109 1624 nem
134 1558 279 1619 maturius
295 1575 354 1619 non
373 1559 568 1637 examinavit,
588 1577 643 1621 nec
683 1567 809 1621 testatur
831 1559 959 1622 looaaes
974 1557 1029 1633 tv,
1049 1556 1085 1620 ii.
1105 1555 1139 1618 P.
1160 1551 1285 1616 Honorii

32 1640 193 1708 Ecclesiae
207 1658 348 1705 romanae
364 1643 552 1704 traditionem
568 1662 643 1706 con·
684 1643 721 1705 ab
745 1642 816 1705 anni
841 1641 967 1709 dimidio
991 1658 1158 1716 successor,
1178 1638 1230 1718 qui
1253 1637 1285 1697 iu

33 1726 147 1803 suluit,
163 1725 215 1787 sed
232 1733 324 1787 totam
341 1727 572 1790 controversiam
588 1726 644 1790 de·
684 1727 739 1808 Ep.
760 1727 797 1788 ad
814 1724 1150 1804 Constantinumimp„
1169 1741 1222 1783 seu
1242 1719 1285 1782 A·

34 1814 156 1876 clinare
177 1809 308 1887 studuit:
329 1810 409 1872 unde
427 1810 517 1872 otium
540 1811 571 1894 ia
594 1829 644 1874 se·
685 1810 801 1892 pologia
817 1827 869 1891 pro
885 1808 1016 1871 Honorio
1031 1809 1147 1870 scribit:
1165 1805 1285 1868 ‹Prae-

34 1896 142 1959 cunda
165 1894 290 1975 epistola
312 1893 447 1974 scripsit:
470 1893 569 1957 (Non
589 1913 645 1956 nos
684 1895 862 1972 dictu'sergo
875 1893 1013 1955 decessor
1028 1911 1112 1954 meus
1127 1887 1286 1951 docensda

34 1985 176 2062 oportet,
192 1995 282 2040 unam
303 1978 348 2038 vel
365 1977 439 2040 duas
455 1980 646 2060 operationes
686 1981 824 2062 ropsterio
843 1977 1058 2039 incarnationis
1075 1974 1183 2039 Gltristi
1202 1973 1286 2034 dice·

33 2064 222 2127 definientes
248 2061 431 2142 praedicare.
459 2081 475 2124 rr
506 2061 646 2134 Quamvis
687 2063 749 2140 bat,
766 2081 825 2124 non
845 2063 937 2124 luisse
952 2062 983 2122 in
1000 2080 1048 2138 eo,
1061 2059 1138 2121 sicut
1156 2059 1186 2119 iu
1201 2055 1287 2119 nobis

33 2167 117 2227 ergo
135 2146 286 2226 Epistulae
303 2145 427 2207 Hortarii
449 2147 486 2208 ad
511 2145 646 2226 Sergium
686 2147 906 2229 peccatoribus,
922 2145 1031 2209 mentis
1049 2153 1079 2206 et
1097 2143 1195 2206 carnis
1212 2159 1288 2203 con·

34 2252 54 2296 a
75 2229 236 2294 nonnullis
253 2239 286 2291 ut
302 2229 488 2308 doproaticae
512 2231 647 2294 babean—
688 2231 792 2293 trarias
812 2231 991 2307 voluntates:
1011 2227 1090 2310 quod
1111 2227 1232 2308 quidam
1251 2223 1288 2286 ad

34 2326 104 2394 tur,
119 2313 232 2376 nullam
250 2322 348 2376 tamen
363 2313 431 2376 iidei
444 2313 647 2378 definitionem
688 2317 839 2397 proprium
859 2331 979 2379 sensum
1004 2321 1220 2385 convertentes,
1239 2310 1288 2371 di·

33 2398 649 2478 exhibent,necsuntdoamattcatecreta
688 2400 819 2470 ,vinitatis
841 2399 906 2460 eius
929 2408 958 2460 et
983 2396 1178 2459 humanitatis
1198 2411 1288 2455 urrani

32 2482 200 2548 Pontificis
217 2500 252 2543 etr
273 2482 413 2544 cathedra
433 2483 593 2564 loquentis.
606 2517 650 2530 -
688 2503 756 2546 eum
781 2485 961 2545 voluntatem
987 2481 1124 2543 docuisse
1146 2475 1290 2558 suspicati

32 2569 70 2631 ln
89 2567 154 2628 hoc
175 2565 239 2646 ipso
256 2575 354 2628 autem
374 2566 525 2637 oberravit
546 2567 649 2629 Hono·
688 2577 779 2644 sunt,
803 2567 881 2648 quod
905 2566 1020 2627 veritati
1047 2563 1226 2626 omnimodis
1245 2571 1290 2623 est

31 2651 203 2730 rius,quia
216 2650 378 2730 apostolica
389 2652 566 2714 auctoritate
578 2670 651 2712 usus
690 2652 886 2714 contrarium.
902 2648 1028 2710 »Etiam
1045 2649 1077 2712 S.
1090 2647 1244 2713 Maximae
1259 2645 1290 2705 iu

31 2753 103 2799 nou
118 2744 167 2796 est
179 2733 217 2794 ad
235 2733 494 2797 idonotheiitarura
512 2736 650 2798 haeresin
690 2735 890 2818 disputatione
906 2751 973 2793 curn
989 2731 1099 2813 Pyrrho
1113 2731 1183 2791 citat
1200 2727 1291 2790 loan-

31 2817 147 2884 statim
161 2816 199 2880 ab
209 2817 295 2880 initio
305 2817 652 2902 comprimendamsm-
690 2839 758 2882 nem
782 2818 927 2881 Achatem
941 2819 1021 2896 ,qui
1040 2816 1096 2876 luit
1119 2812 1250 2875 Honorio
1274 2829 1290 2872 a

30 2902 206 2983 giuseuim
218 2901 653 2982 etCyrussulrdoleliom.Pou·
691 2905 824 2978 secretis,
839 2901 1001 2982 Epistolam
1018 2899 1055 2960 ad
1069 2895 1203 2974 Sergium
1220 2893 1291 2956 scri-

29 2986 117 3050 tisrci
134 2986 297 3048 eonsilium
309 2985 454 3048 dederunt
468 2989 505 3050 dc
520 2987 652 3049 indicen-
692 2990 767 3070 psit,
789 2995 818 3050 et
836 2985 958 3047 Honorii
977 2991 1108 3047 ruentem
1127 2981 1173 3041 bis
1191 2977 1292 3040 verbis
1356 3045 1357 3050 γ

29 3072 75 3134 do
88 3057 654 3150 silentioprofitentibusduasio'Chri·
692 3070 869 3136 declaravit:
891 3089 907 3129 c
930 3066 1024 3130 Unam
1044 3067 1223 3126 voluntatem
1243 3061 1292 3123 di·

27 3164 83 3220 sto
107 3155 317 3236 operationes,
334 3174 371 3216 ne
389 3173 483 3217 novae
498 3155 653 3236 quaestio·
691 3159 790 3218 rimus
815 3155 845 3215 iu
874 3152 1014 3228 Doarino,
1041 3169 1100 3211 non
1130 3145 1293 3216 divinitatis

25 3257 94 3302 nes
112 3239 268 3313 oriantur,
281 3247 310 3299 et
329 3257 384 3318 pax
400 3240 431 3300 iu
450 3248 511 3300 toto
531 3236 653 3307 Oriente
693 3243 757 3302 eins
775 3248 804 3301 et
824 3236 1027 3309 humanitatis,
1048 3235 1099 3295 sed
1118 3232 1293 3295 humanita-

27 3321 257 3406 pertnrbetur.
283 3321 433 3385 Honorius
457 3331 557 3386 autem
583 3324 654 3386 illo·
694 3327 732 3387 tis
756 3323 860 3386 solius.
882 3320 953 3384 Cum
977 3319 1056 3380 eninr
1079 3315 1200 3400 Sergius
1217 3315 1293 3376 scri-

25 3425 107 3468 rum
128 3406 253 3468 vafritie
275 3407 438 3487 deceptus,
458 3417 566 3488 putans
588 3426 654 3469 seso
694 3409 812 3490 psissei,
828 3405 910 3486 quod
926 3404 1047 3485 quidam
1065 3401 1139 3464 duas
1155 3401 1293 3461 volunta-

25 3509 154 3572 pacem
176 3486 377 3552 Orientalibus
396 3492 554 3552 allaturum
574 3511 652 3567 esse,
695 3503 739 3554 tes
765 3492 794 3552 in
824 3490 938 3552 Christo
963 3485 1128 3548 contrarias
1147 3484 1293 3559 dicerent,

24 3572 190 3656 probavit
208 3591 243 3636 ex
260 3574 427 3636 inconsulta
442 3593 477 3636 ac
490 3575 654 3656 improvida
694 3578 834 3651 diximus,
850 3573 997 3637 Christum
1016 3587 1075 3631 non
1094 3569 1168 3630 duas
1187 3569 1295 3628 volun-

24 3657 230 3722 oeconomia
247 3658 403 3720 consilium
424 3655 518 3738 Sergii
543 3667 573 3721 et
589 3659 653 3741 Cyri
696 3672 769 3723 tutes
784 3658 949 3720 contrarias
962 3654 1112 3730 babuisse,
1126 3653 1237 3725 carnis,
1251 3651 1296 3710 iu-

24 3743 70 3805 de
94 3741 269 3805 indicendo
286 3743 418 3818 silentio,
438 3761 513 3823 quos
530 3743 656 3805 credidit
695 3761 797 3827 quant,
812 3751 843 3804 ct
853 3740 986 3822 spiritus,
1000 3739 1141 3800 sicutuas
1152 3736 1296 3798 trahemus

23 3829 169 3889 sincere
188 3844 288 3904 agere,
302 3829 421 3907 quando
436 3827 530 3910 impia
547 3828 656 3890 molie—
697 3839 762 3911 post
780 3836 956 3908 peccatum,
980 3823 1031 3885 sed
1057 3839 1147 3883 unam
1167 3826 1294 3891 tantum,

21 3911 174 3974 bantur.
697 3931 773 3994 quae
794 3910 968 3971 naturaliter
994 3906 1206 3968 humanitatem
1231 3899 1297 3960 cius

76 3994 160 4059 oei.
180 3994 232 4056 td.
249 3991 397 4056 Honorius
412 4011 550 4074 expresse
566 4013 655 4056 uuam
697 3993 842 4074 signabat.
856 4013 870 4054 r
890 3991 965 4064 outa
985 3991 1022 4052 ad
1036 4005 1138 4052 sarram
1154 3982 1297 4066 epistolae

22 4074 655 4160 adstruxitinCltri'stovoluntatem,dum
697 4070 1297 4155 HonoriiadSergiuminterpretationem

22 4163 60 4226 in
87 4163 203 4245 priora
221 4162 352 4242 Epistola
370 4162 507 4243 scripsit:
529 4161 657 4224 «Unam
698 4165 796 4246 aptius
814 4169 843 4223 et
862 4162 1006 4222 illustrius
1025 4157 1082 4216 dici
1102 4151 1223 4235 potest‘i

21 4249 238 4310 voluntatem
253 4249 381 4307 latemur
392 4245 657 4311 ll.N.l.Clrristi:r
741 4247 805 4311 dot.
821 4247 870 4307 ll.
885 4244 915 4306 Si
928 4241 1076 4305 Honorius
1090 4257 1147 4298 nou
1162 4237 1217 4298 luit
1232 4235 1299 4296 bae·

21 4349 111 4411 ergo
136 4330 204 4396 suit
222 4329 425 4394 lionotlrclita.
698 4332 821 4407 reticos,
842 4347 913 4408 ergo
932 4324 1080 4388 aberravit
1098 4321 1235 4404 Synodus
1249 4317 1299 4396 lli,
