2930 4736
426 172 500 217 rans
522 173 566 222 ιιι.
590 171 692 218 socrro
713 171 745 214 ιι.
770 169 863 214 carun
884 168 916 212 ιι.
1182 147 1244 208 :tto

46 241 166 320 legitimo
185 253 216 309 et
229 268 312 330 puro
331 248 495 326 discernas,
512 258 541 312 et
559 249 646 311 fidem
688 246 721 312 8.
740 246 929 327 depraeliatur
947 243 994 325 (ὃ)
1013 242 1070 305 nit:
1093 240 1285 308 «Numerata

44 326 154 391 Petrum
172 331 242 394 sine
260 334 470 397 subtractione
486 336 546 396 ulla
565 352 648 414 prac-
688 330 863 393 Sacerdotes
894 331 939 391 vel
958 329 995 390 ah
1016 329 1079 408 ipsa
1097 327 1176 388 Petri
1201 328 1283 407 sedo,

44 412 127 476 dices.
161 434 179 475 a
213 418 249 480 S.
289 417 453 499 Gregorius
484 420 565 481 lt'ctz.
600 418 646 497 (l)
688 416 762 477 etin
783 411 1112 485 ordineilloPatrum,
1133 412 1212 492 quis,
1236 417 1285 478 cui

43 493 142 576 inquit:
178 518 194 560 c
227 500 324 564 Fides
350 510 481 564 vetustae
508 500 647 583 (Romae)
687 493 1283 579 successitvidete3ipsnestl‘elra,quam

43 590 115 642 recta
132 592 198 645 erat
217 583 285 646 iam
307 586 490 666 antiquitus,
520 595 550 648 et
568 595 647 647 recta
688 603 747 646 non
756 582 1030 662 vincuntsuperhae
1043 579 1204 642 inferorum
1215 603 1285 672 por·

43 672 147 743 perstat
164 687 253 730 nunc
274 669 361 746 item,
376 688 451 731 nexu
472 670 533 750 pio,
550 669 647 750 quod·
689 678 746 730 tae.
771 667 836 728 »ht
852 667 899 746 (l)
912 665 1027 728 scribit:
1047 663 1108 725 ‹In
1126 665 1223 728 verbis
1235 687 1285 730 se-

44 765 153 828 ruoque
168 751 284 814 labens
296 754 340 814 sol
352 753 441 828 videt,
461 753 646 830 devinciens,
689 751 735 828 dis
752 751 931 831 apostolicae
954 759 1011 811 tarn
1031 750 1165 829 antiqua,
1196 759 1284 832 atque

19 827 22 833 ’
43 838 72 890 ut
92 833 227 898 universi
243 838 352 899 mundi
366 837 537 900 Praesidem
550 837 645 914 decet,
689 835 823 911 lundata,
847 843 943 911 certa,
965 842 994 895 et
1011 834 1090 894 clara
1117 844 1161 894 est
1180 836 1285 898 catho-

44 923 129 978 tolam
151 920 227 980 colit
257 940 339 1002 quae
365 921 497 983 numinis
526 940 648 982 concor-
689 919 746 980 lica
765 919 851 994 lidos,
870 927 903 980 ut
919 919 1002 979 nefas
1020 917 1059 978 sit
1076 917 1112 978 dc
1125 918 1175 986 illa
1194 919 1284 980 duhi-

44 999 128 1062 diam.
141 1021 154 1063 ι
169 1004 205 1068 8.
219 1005 403 1068 Ambrosius
416 1005 462 1085 (E)
477 1005 530 1066 ait:
549 1005 648 1068 ‹Cre-
690 1012 762 1065 tare.
787 1003 846 1066 ›S.
864 1003 995 1082 cyrillus
1013 1000 1102 1072 Alea.
1123 1002 1170 1082 (8)
1186 1003 1222 1065 ad
1238 1023 1283 1066 ro·

44 1082 123 1144 datur
141 1088 287 1168 symbolo
316 1088 538 1169 Apostolorum,
569 1090 647 1170 quod
689 1105 810 1147 manum
822 1085 1283 1152 Pontificemrecurrendmnesse

44 1165 171 1231 Ecclesia
192 1191 326 1234 romana
341 1175 549 1234 intemeratum
566 1193 647 1235 sem-
688 1171 772 1246 dicit,
790 1171 859 1251 quia
880 1171 1003 1252 (ipsius
1015 1170 1107 1232 solius
1119 1178 1164 1231 est
1181 1189 1283 1252 repre-

45 1256 248 1332 percustodit‚
260 1264 291 1317 et
305 1267 412 1319 servat.
426 1258 487 1319 »dc
501 1258 548 1337 (3)
559 1276 648 1336 agens
689 1255 830 1332 heudone,
845 1257 1004 1333 corrigere,
1024 1262 1165 1331 statuere,
1182 1255 1282 1336 dispo·
1378 1273 1381 1280 ’

45 1334 76 1395 de
93 1335 127 1399 R.
157 1337 314 1402 Pontihce
342 1341 478 1421 quaeerit:
501 1342 648 1419 (Ergone
689 1357 772 1415 arere,
793 1339 898 1418 ligare,
917 1348 946 1400 el
971 1339 1084 1400 solvere
1108 1338 1172 1400 loco
1191 1339 1281 1416 illins,

45 1419 88 1478 cui
107 1424 233 1502 propria
261 1426 436 1486 auctoritate
457 1444 580 1504 regnum
600 1426 649 1486 da·
689 1423 739 1505 qui
757 1425 853 1505 ipsum
877 1423 1052 1500 aedificavit,
1083 1432 1112 1498 et
1131 1423 1204 1484 nulli
1221 1424 1282 1502 alii,

47 1500 92 1564 hat
115 1505 288 1588 (Christus)
316 1507 405 1570 huius
431 1510 518 1571 fidem
532 1512 648 1571 firmare
689 1509 766 1588 quod
787 1526 872 1568 sarum
893 1516 937 1568 est
955 1508 1067 1588 plene·
1080 1506 1131 1568 sed
1151 1507 1207 1588 ipsi
1230 1510 1282 1570 soh

47 1603 98 1648 noo
117 1599 254 1669 poterat,
276 1611 364 1672 quem
384 1612 450 1655 cum
470 1593 585 1654 Petram
604 1593 649 1655 di·
689 1591 781 1667 dedit,
806 1593 853 1653 cui
870 1609 973 1652 omnes
990 1591 1055 1652 iure
1080 1590 1178 1652 divino
1197 1603 1282 1674 caput

47 1669 337 1744 cit‚lirmarnentum
363 1677 512 1738 Ecclesiae
532 1677 647 1739 indica·
689 1675 849 1750 inclinant,
871 1683 899 1736 et
922 1673 1068 1736 Primetes
1091 1677 1194 1736 mundi
1218 1687 1281 1740 tan·

46 1754 101 1815 vit‘l
129 1776 144 1818 n
170 1760 205 1824 8.
231 1761 433 1840 Hieronymus
456 1762 502 1841 (l)
521 1762 645 1824 scribit:
688 1779 776 1839 quam
795 1759 851 1840 ipsi
870 1759 936 1820 lesu
954 1758 1068 1820 Christo
1092 1758 1245 1822 obediunt.
1268 1780 1282 1822 n
1336 1805 1340 1811 ·

49 1837 169 1918 (Scito,
187 1862 348 1905 romanam
364 1846 464 1920 tidem,
485 1847 647 1925 apostolico
687 1844 719 1905 S.
738 1845 846 1906 Petrus
866 1843 1000 1923 Chtpsol.
1015 1843 1062 1923 (9)
1081 1843 1200 1906 scribit:
1220 1865 1235 1906 c
1252 1845 1283 1907 ln

49 1940 93 1984 ore
107 1925 265 1998 laudatam
290 1929 457 1990 istiusmodi
474 1930 647 2011 praestigias
687 1927 827 1990 omnihus
842 1928 995 1989 hortamur
1017 1936 1056 2002 le,
1078 1935 1110 1988 ut
1132 1927 1189 2001 his,
1210 1949 1283 2024 cpuae

48 2023 100 2068 non
117 2011 269 2090 racipere,
291 2013 379 2074 etiam
404 2013 428 2075 si
447 2013 646 2092 Angelusali·
689 2011 895 2073 aBeatissirno
918 2011 997 2092 Papa
1025 2029 1165 2072 romanae
1184 2012 1281 2075 civita·

49 2095 89 2151 ter
104 2095 280 2171 annuntiet,
300 2115 388 2176 quam
412 2099 503 2160 semel
526 2099 646 2180 praedi·
688 2095 724 2156 tis
739 2097 849 2177 scripta
858 2105 939 2170 sunt,
953 2095 1127 2158 obedienter
1137 2097 1281 2174 attendas,

50 2183 138 2236 catum
159 2187 226 2255 esl3
247 2178 332 2241 Pauli
351 2183 524 2243 auctoritate
545 2182 646 2243 muni-
686 2181 827 2260 quoniam
853 2180 886 2248 Β.
907 2179 1023 2256 Petrus,
1043 2179 1140 2260 quiin
1166 2182 1283 2263 propria

50 2265 101 2318 tam
119 2279 181 2323 non
199 2281 291 2342 posse
307 2265 426 2326 mutari.
449 2285 464 2328 n
485 2265 521 2328 Et
544 2267 590 2346 (5)
609 2266 646 2328 ad
685 2264 755 2325 sede
778 2274 807 2326 et
826 2264 894 2326 vivit
913 2273 941 2325 et
959 2263 1125 2344 praesidet,
1154 2276 1282 2345 praestat

50 2337 76 2402 S.
95 2343 259 2408 Damasum
275 2345 307 2408 P.
330 2349 370 2408 ila
384 2349 526 2430 loquitur:
545 2349 645 2413 c'ldeo
686 2347 1282 2427 quaerentibuslideiveritateot.›S.Ful·

51 2425 117 2486 mihi
132 2430 308 2492 cathedram
324 2431 415 2509 Petri,
429 2443 458 2496 et
470 2435 555 2496 ladem
576 2454 647 2516 apo·
685 2434 803 2510 peullam
815 2433 882 2512 (lO)
896 2451 947 2514 pro
962 2433 1063 2511 regula
1081 2432 1150 2494 fidei
1168 2436 1282 2513 statuit,

51 2510 146 2573 stolico
170 2533 224 2576 ore
245 2515 392 2577 laudatam
414 2519 517 2579 censui
535 2537 645 2580 consu·
688 2535 704 2576 ι
725 2517 803 2597 quod
816 2517 941 2578 duorum
963 2536 1134 2594 magnorum
1152 2518 1282 2581 lumina·

52 2591 173 2658 leudam:
188 2598 263 2660 inde
276 2618 354 2684 nuuc
365 2600 480 2664 anianae
498 2621 580 2665 eneae
595 2622 646 2682 po·
685 2601 776 2674 riute,
791 2600 869 2661 Petri
888 2601 1001 2664 scilicet
1019 2601 1161 2682 Paulique
1174 2602 1280 2680 verhis,

53 2679 159 2742 sautans
189 2682 305 2758 oihum,
336 2685 414 2746 unde
443 2686 513 2747 olim
540 2687 645 2749 Cluisti
687 2693 826 2764 tanquam
851 2685 1075 2764 splendentibus
1097 2686 1187 2746 radiis
1213 2687 1308 2760 itta,

51 2763 222 2827 vestimenta
246 2768 417 2847 suscepi...
445 2769 602 2847 Profligato
629 2792 645 2833 a
686 2777 790 2841 strata,
808 2786 976 2850 corumque
992 2769 1129 2830 decorata
1148 2771 1280 2850 corpori·

51 2843 144 2909 sobole
165 2851 247 2910 mala
271 2853 463 2931 patrimonio,
478 2855 570 2934 ,apud
595 2873 646 2923 vos
687 2851 743 2912 hus
758 2850 903 2929 Romana,
923 2873 999 2933 quae
1019 2853 1122 2913 mundi
1140 2871 1281 2916 cacumen

54 2929 125 2991 solos
150 2932 327 3014 incorrupta
355 2935 474 2998 Petrum
514 2947 647 3000 servatur
686 2944 741 3011 est,
764 2944 842 2997 tenet
862 2944 891 2997 et
919 2937 1004 2999 docet
1022 2936 1165 3011 Ecclesia,
1187 2946 1281 2999 totus-

55 3009 260 3079 hacreditas..
291 3016 349 3080 ilos
368 3022 438 3084 estis
456 3022 505 3083 lux
529 3023 644 3100 mundi,
686 3038 744 3100 que
762 3039 828 3081 cum
849 3039 884 3082 ea
899 3021 1077 3083 christianus
1092 3020 1184 3095 orbis,
1204 3031 1233 3082 et
1246 3021 1282 3082 ad

53 3113 96 3156 ros
113 3103 155 3162 sal
182 3111 335 3164 terrae...
356 3103 416 3181 Ego
442 3107 555 3168 nullum
581 3107 645 3187 pri.
686 3103 829 3166 iustitiam
849 3105 924 3166 nihil
944 3105 1094 3166 haesitans
1113 3104 1224 3181 credit,
1254 3113 1283 3167 et

52 3195 125 3243 rnurn
138 3186 200 3248 nisi
213 3185 361 3248 Christum
375 3207 504 3269 sequeus
518 3189 646 3252 Beatitu·
685 3189 721 3248 ad
745 3190 870 3255 salutem
892 3208 951 3250 noo
968 3189 1082 3251 dubitat
1100 3188 1246 3252 confiteri.
1265 3209 1281 3252 )
1302 3241 1305 3270 :

54 3261 107 3325 dini
125 3275 209 3344 luae,
240 3270 268 3332 id
299 3279 354 3349 est,
385 3269 542 3336 cathedrae
566 3275 645 3336 Petri
688 3273 880 3336 Theodoretos
900 3274 967 3353 (11)
986 3274 1022 3334 de
1045 3272 1186 3334 cathedra
1203 3273 1282 3336 Petri

53 3353 257 3416 communione
275 3356 441 3418 consocior:
461 3377 550 3438 super
563 3359 643 3420 illam
685 3355 774 3418 dicit:
789 3377 804 3418 c
819 3356 914 3419 Hahet
925 3358 974 3419 illa
984 3357 1070 3419 sedes
1083 3357 1214 3419 omnium
1230 3379 1282 3440 per
1298 3361 1305 3410 ’ἶ

54 3427 160 3497 Petram
182 3438 365 3500 aedificatam
386 3439 548 3504 Ecclesiam
570 3443 643 3506 scio.
685 3439 788 3502 orbem
797 3441 994 3503 Ecclesiarum
1006 3442 1145 3502 ducatum
1159 3451 1188 3504 et
1203 3444 1305 3523 prin·

54 3510 221 3602 Quicunque
253 3532 333 3584 extra
362 3524 438 3586 hanc
465 3526 586 3588 domum
610 3547 644 3588 a·
685 3523 813 3604 cipetum
836 3526 937 3588 multis
965 3526 1083 3606 quidem
1109 3526 1146 3587 de
1171 3527 1304 3605 causis,¹

53 3614 133 3674 gnum
164 3605 340 3684 comederit,
370 3610 514 3688 profanus
539 3619 594 3672 est.
614 3610 644 3674 Si
685 3609 1142 3691 atquehocanteomnia‚qnod
1161 3612 1282 3674 ahhae·

56 3684 116 3761 ‘llis
134 3687 168 3749 in
184 3688 260 3751 Arca
276 3689 337 3753 Noli
362 3712 422 3754 non
442 3693 544 3772 tuerit,
564 3697 644 3777 peri·
685 3693 776 3752 retica
788 3693 854 3754 lahe
867 3693 1009 3764 irnmupis
1026 3695 1147 3769 mansit,
1161 3713 1214 3756 nec
1234 3695 1281 3755 ul·

55 3762 250 3850 bitregnante
278 3774 441 3840 diluvio...
473 3780 522 3859 qui
548 3790 643 3841 tecum
685 3775 731 3836 lus
750 3776 819 3838 fidei
850 3769 998 3839 contraria
1024 3779 1156 3841 sentiens
1182 3779 1212 3838 in
1231 3777 1281 3838 illa

55 3865 106 3912 uon
125 3857 255 3934 colligit,
281 3861 412 3940 spargit,
440 3861 497 3924 hoc
517 3873 573 3940 est,
594 3867 645 3944 qui
685 3859 794 3921 sedit.»
807 3861 839 3924 8.
848 3861 1031 3944 Aoituolid)
1041 3862 1154 3925 scribit:
1175 3860 1280 3922 ‹Tan-

57 3929 155 4000 Christi
175 3959 234 4004 non
265 3952 320 4020 est,
347 3945 521 4009 Antichristi
550 3957 605 4009 est.
629 3969 643 4008 a
686 3952 746 4004 lunt
767 3945 839 4006 anilii
859 3947 967 4010 veritas
986 3947 1175 4010 innotescere
1193 3954 1277 4025 pote·
1299 3984 1301 3989 ·

80 4057 109 4118 ll)
122 4061 147 4108 lo
163 4067 236 4112 carun.
251 4065 280 4113 de
296 4069 342 4114 rita
357 4077 410 4115 sua.
725 4068 744 4128 ι)
761 4070 787 4115 ln
800 4070 871 4128 Epist.
887 4071 939 4118 llll.
1013 4073 1045 4126 (8)
1062 4071 1086 4116 ln
1102 4069 1148 4114 le.
1163 4069 1267 4116 thesaur.
1301 4052 1302 4055 ¹

81 4119 108 4174 tlt
123 4120 193 4180 liphl.
208 4125 237 4170 ⁴2
254 4126 282 4172 nd
298 4128 409 4174 strictum
425 4128 447 4173 Ρ.
464 4141 487 4174 n.
503 4129 527 4174 5.
723 4130 745 4178 9]
762 4129 803 4186 Ep.
813 4129 841 4176 ad
855 4129 975 4188 Eulpchot.
987 4131 1048 4176 inter
1059 4131 1111 4174 acta
1122 4130 1192 4173 Cone.
1203 4130 1281 4178 Chalc.

80 4177 100 4232 (5
123 4181 171 4228 Lib.
187 4184 199 4228 l
215 4185 244 4229 de
260 4186 307 4230 hdo
321 4187 351 4232 ad
367 4189 471 4234 (tration.
484 4200 536 4246 cap.
551 4187 573 4233 ὅ.
714 4187 760 4244 {llll
774 4189 816 4234 Lib
838 4189 868 4235 dc
885 4191 974 4236 inemo.
989 4192 1011 4234 ct
1024 4190 1082 4244 grat.
1097 4199 1150 4244 cap.
1169 4187 1202 4234 ll.

14 4281 15 4286 ,
80 4238 365 4292 tllh.2lnltuthrt.o.l·t.
396 4247 644 4309 littlnlipdhuldl.
715 4248 759 4308 (ΙΙ)
774 4249 796 4294 lu
813 4248 877 4306 Epist
899 4249 929 4293 ad
946 4250 1057 4293 ttenatum
1074 4245 1176 4303 Preshpt

79 4291 108 4355 (ῦ)
122 4299 147 4346 ln
163 4302 287 4350 Psalmo-c.
303 4307 393 4364 partem
409 4306 504 4354 tlonatt.
714 4309 759 4366 ll2p
779 4313 802 4355 {o
817 4310 889 4368 Epist.
904 4307 935 4354 ad
949 4307 1013 4352 Rom:
1028 4306 1173 4354 conducam.
1260 4300 1262 4306 ’
1359 4357 1363 4364 ,
1414 4323 1419 4330 ·
