2910 4732
588 249 683 298 caron
706 251 740 296 n.
1207 231 1248 297 to

54 335 132 404 setur,
146 327 177 390 in
192 349 255 410 qua
270 331 410 393 ueritates
420 329 478 392 iam
490 351 507 392 a
520 328 582 392 lleo
594 351 645 412 pa·
684 329 764 392 libus
783 329 939 407 habemus,
960 330 1125 393 elionnare·
1136 349 1197 392 non
1215 347 1286 412 pos-

53 413 162 475 telactae
186 416 401 496 explicandae,
428 426 458 476 et
474 416 644 496 probandae
683 415 789 492 simus,
815 415 844 475 id
872 416 949 495 quod
976 416 1158 476 luculentum
1182 423 1229 476 est
1256 413 1287 474 itt

51 505 119 573 sunt3
138 501 336 578 nequeenim
353 499 493 560 veritates
507 518 645 580 suprara·
684 498 842 578 mysteriis,
852 518 928 579 quae
943 497 1039 579 quoad
1055 517 1162 561 nexum
1182 497 1289 560 intrin-

51 578 182 657 tionales,
204 601 261 644 seu
286 584 424 662 mysteria
442 602 495 664 per
512 584 643 663 analpsio
684 601 784 643 secum
805 582 929 644 rationis
946 589 1064 662 captum
1083 591 1237 662 superant.
1254 580 1288 642 lu

51 663 134 740 detegi
149 675 179 726 et
196 666 392 728 determinari
409 677 531 747 possunt
548 668 607 747 (t).
685 666 730 728 his
746 685 816 745 ergo
837 665 956 728 nonnisi
977 665 1078 727 stricte
1097 666 1215 728 divinae
1236 684 1288 728 re·

83 747 110 809 2.
122 747 193 812 Cum
208 752 242 811 in
257 750 417 830 Theologia
427 752 564 812 veritates
578 770 644 832 per·
682 750 823 812 velationi
842 750 1038 812 insistendum
1055 757 1110 821 est,
1128 749 1289 830 optimum·

50 839 212 910 tractentur,
244 854 370 915 quarum
403 844 483 896 recta
515 836 643 912 cognitio
684 854 742 914 que
776 843 936 910 censetur,
968 833 1145 910 theologiae
1176 834 1288 894 tirones

49 917 145 977 summi
167 919 316 980 momenti
339 925 401 993 est,
422 920 487 980 ideo
508 920 644 1000 praepti-
683 927 787 979 contra
803 917 955 999 oppositos
974 936 1102 993 errores,
1125 917 1286 997 salsosque,

50 999 141 1060 misin
169 1003 200 1062 id
231 1001 406 1079 intendere,
427 1003 644 1084 maximamque
684 1004 734 1081 qui
762 1001 923 1062 immisceri
946 1009 1084 1082 possent,
1113 1010 1286 1080 conceptus,

49 1082 179 1146 adhibere
195 1087 381 1161 diligentiam
398 1096 525 1168 oportet,
546 1095 580 1148 ut
598 1089 643 1150 el·
684 1087 884 1165 praemunire.
905 1086 946 1147 Ex
964 1086 1028 1166 ipsa
1052 1103 1140 1167 porro
1166 1083 1288 1165 opposi-

51 1166 205 1230 tormentur
236 1171 373 1231 notiones
403 1172 573 1248 genuinae,
603 1181 643 1245 et,
685 1181 781 1230 torum
801 1169 969 1247 cognitione
987 1188 1049 1230 rem
1066 1170 1159 1250 ipsam
1178 1168 1289 1248 saepis·

51 1261 180 1328 quantum
202 1253 269 1316 heri
291 1263 397 1334 potest,
418 1255 515 1316 clarae
540 1275 573 1316 ac
597 1256 645 1316 di·
685 1255 779 1315 simae
797 1254 953 1314 clariorem
971 1253 1048 1330 lieri,
1067 1252 1190 1314 cuilibet
1203 1270 1288 1315 com·

49 1334 175 1398 stinctae.
191 1337 367 1418 Propositas
380 1357 449 1417 ergo
466 1339 646 1417 theologicas
686 1348 801 1418 pertum
820 1347 864 1398 est
882 1337 941 1416 (ἓ).

49 1419 175 1482 raritates
191 1422 418 1502 riteerplicare,
434 1441 592 1503 veramque
607 1424 646 1484 il·
728 1423 758 1483 3.
769 1420 915 1482 Veritates
926 1420 1100 1500 Religionis,
1114 1428 1147 1482 ut
1158 1437 1225 1482 cum
1238 1419 1289 1480 hr-

50 1501 131 1562 larum
144 1507 302 1566 notionem
317 1507 529 1582 determinare,
545 1525 647 1568 neces·
686 1524 733 1566 rna
744 1505 1289 1586 persuasionesuscipiantur,tenean-

49 1603 75 1645 se
91 1596 143 1648 est.
161 1590 330 1671 Explicatio
347 1600 444 1650 antem
462 1593 505 1651 nel
521 1599 565 1651 est
578 1609 646 1653 ater·
687 1599 746 1665 tur,
766 1608 800 1650 ac
824 1597 927 1650 contra
944 1589 1030 1651 aliter
1047 1589 1209 1650 sentientes
1233 1588 1288 1650 de-

49 1669 130 1745 letis,
152 1693 232 1754 quae
255 1675 408 1747 terminos,
428 1675 479 1756 qui
498 1674 646 1736 adhihen-
687 1674 857 1749 tendantur,
877 1673 992 1735 idoneis
1016 1673 1199 1750 argumentis
1216 1691 1288 1754 pro·

50 1763 100 1828 tur,
120 1767 200 1818 recte
218 1758 455 1838 interpretatur,
474 1760 519 1819 rel
546 1760 646 1836 realis,
687 1756 803 1818 bandae
822 1766 901 1818 sunt.
921 1756 999 1818 llaec
1015 1767 1114 1818 autem
1133 1774 1289 1834 argumen-

50 1855 116 1916 quae
133 1841 216 1921 ipsas
231 1861 292 1915 res,
308 1861 363 1922 per
377 1842 520 1903 terminos
537 1842 646 1919 indigi-

50 1927 135 2001 tatas,
153 1925 214 1986 rite
238 1925 578 2006 explanat—Termini
603 1929 647 1990 bi·

51 2003 119 2083 ilici,
138 2027 190 2070 seu
218 2029 253 2070 ett
278 2011 341 2090 ipsa
369 2007 399 2071 S.
424 2008 575 2090 Scriptura
593 2011 647 2073 de-

54 2093 162 2167 promti,
183 2094 291 2172 exponi
308 2093 418 2155 debent
436 2095 515 2155 iuxta
527 2113 649 2172 genera·

54 2171 332 2238 lisbermenenticae
345 2199 369 2238 s.
388 2180 517 2255 regulae,
528 2179 647 2260 aliaque

53 2266 122 2318 recta
151 2261 408 2338 interpretationis
433 2262 565 2323 eiusdem
592 2264 645 2324 ad·

54 2341 194 2404 minirula.
221 2344 353 2406 Termini
372 2346 574 2424 ecclesiastici,
594 2366 645 2409 seu

53 2421 134 2501 ipsius
148 2427 302 2490 Ecclesiae
319 2449 385 2505 usu,
406 2431 472 2491 ditet
490 2432 648 2510 professio-

54 2507 150 2586 nibus,
184 2513 416 2574 conciliorum're
444 2515 648 2577 sanctionibus

54 2591 159 2655 civitate
178 2597 301 2672 donati,
321 2615 375 2658 suo
395 2598 424 2657 in
446 2617 534 2659 sensu
554 2619 646 2680 expo·

54 2677 133 2738 nendi
145 2680 270 2740 reuiuut
282 2701 315 2742 ex
327 2681 419 2762 ipsius
431 2681 581 2744 Ecclesiae
596 2703 648 2746 an·

55 2760 180 2839 natibus,
206 2765 341 2845 actisque
360 2767 550 2844 synodorum.
571 2766 646 2829 Ter-

55 2841 116 2903 nini
135 2849 260 2912 technict'
277 2868 311 2909 en
328 2848 536 2930 Philosophiae
554 2871 645 2930 penu,

56 2929 648 3008 autaDoctoribusscholasticisinTheo·

56 3007 147 3086 logiam
167 3015 290 3087 invecti,
311 3017 451 3097 explicari
471 3018 580 3080 debent
596 3019 646 3080 iu·
673 3050 676 3054 ·

56 3103 94 3154 tta
110 3098 257 3180 principia
274 3098 494 3181 Philosophiae,
515 3121 646 3166 murem·

58 3194 103 3250 que
135 3178 277 3262 loquendi
313 3183 581 3267 Philosophorum,
618 3198 646 3251 et

57 3255 263 3344 Theologorum
280 3267 442 3346 illiusaevi,
460 3289 518 3351 quo
534 3272 576 3332 illi
589 3272 648 3352 pri-

57 3361 124 3408 mum
143 3349 175 3410 in
204 3350 394 3431 'theologiam
413 3353 513 3416 invehi
537 3375 644 3436 coepe·

58 3433 247 3496 runt-ttes
266 3445 379 3513 autem,
395 3458 446 3499 seu
467 3438 548 3519 ipsae
565 3441 646 3501 veri·

58 3520 120 3576 tates
136 3537 190 3598 per
204 3519 347 3581 terminos
365 3521 537 3600 indigitatae
554 3543 647 3604 etpu-

58 3608 166 3678 ttuntur,
189 3603 435 3685 illustranturque
463 3607 647 3669 delinitioni-

59 3676 114 3757 bus,
132 3685 392 3766 descriptionibus,
413 3699 442 3751 et
461 3691 649 3771 paraphrasi-

60 3761 114 3842 btts,
129 3777 188 3830 tum
210 3773 371 3852 exetttpli5‚
393 3782 422 3835 et
441 3775 647 3836 similitudini-

59 3844 113 3938 bus,
128 3863 270 3934 quantum
289 3856 331 3917 rei
351 3859 577 3937 pertractandae
597 3860 649 3921 ob-

60 3943 166 4013 tectum,
182 3947 212 4000 et
226 3939 314 4016 ratio,
331 3950 361 4002 ct
375 3961 490 4004 summa
505 3945 644 4006 admittit.

58 4016 256 4084 -l'atendunt
269 4043 341 4086 sane
356 4033 411 4101 est,
422 4028 500 4107 qnod
517 4027 548 4088 in
566 4028 649 4088 theo-

688 1850 716 1901 ta
730 1859 794 1902 esse
812 1841 922 1902 dehent
939 1842 970 1919 a)
984 1849 1074 1916 mlo,
1089 1859 1166 1920 quae
1182 1859 1241 1901 non
1254 1859 1289 1901 ex

687 1925 819 1986 lontibus
837 1923 938 1986 dubiis
961 1933 1113 2006 petuntur,
1137 1941 1289 2004 novasque

688 2010 888 2088 quaestiones,
908 2019 937 2070 et
955 2010 1021 2070 lites
1039 2008 1167 2070 excitare
1177 2008 1285 2083 valent,

688 2092 720 2171 h)
736 2094 912 2173 perspicuo,
933 2103 966 2154 ut
985 2094 1029 2154 vis
1055 2091 1199 2172 probandi
1217 2109 1288 2153 eru·

686 2176 861 2238 diendorum
885 2177 993 2238 animis
1021 2177 1099 2236 clare
1124 2185 1286 2257 appareat,

687 2260 767 2340 quod
785 2270 854 2342 apto
879 2269 1085 2340 argumentum
1104 2260 1289 2340 proponendi

688 2344 774 2406 modo
799 2345 965 2426 promoueri
994 2352 1107 2425 potest,
1127 2343 1157 2423 c)
1180 2344 1287 2421 solido,

686 2447 763 2508 quae
790 2449 853 2490 rem
872 2449 905 2490 ex
925 2429 1039 2507 integro
1065 2428 1215 2503 evincunt,
1235 2429 1288 2490 tir-

688 2531 825 2592 mamque
855 2514 1078 2593 persuasionem
1108 2512 1286 2592 producunt.

686 2595 877 2658 Difficultates
894 2615 974 2674 tero,
993 2616 1026 2658 ac
1037 2596 1138 2672 dubia,
1159 2615 1236 2677 quae
1250 2596 1288 2658 ab

687 2680 862 2743 adversariis
882 2681 918 2742 ad
940 2680 1108 2742 enervanda
1126 2680 1215 2742 etiam
1235 2681 1288 2741 tir·

688 2764 819 2826 missitna
844 2774 1016 2842 argumenta
1034 2763 1160 2845 proponi
1179 2764 1286 2839 solent,

686 2858 754 2928 apte
768 2851 882 2911 solvere
901 2857 1027 2930 oportet.
1047 2847 1130 2909 Licet
1147 2865 1235 2928 porro
1249 2866 1288 2907 u·

686 2933 785 2993 uicum
806 2942 1026 3012 argumentum,
1044 2931 1125 2992 omni
1141 2931 1289 3011 exceptio·

687 3035 724 3076 ne
742 3016 850 3095 maius,
875 3018 910 3080 ad
930 3017 1083 3078 veritatem
1102 3013 1288 3095 probandam

686 3099 822 3178 sufficiat,
838 3100 1140 3162 communitertamen
1154 3097 1232 3160 baud
1242 3097 1292 3161 su?

687 3203 901 3264 pervacaneum
920 3183 1101 3245 censendum
1120 3192 1177 3258 est,
1203 3183 1291 3264 plura

686 3280 860 3346 argumenta
898 3267 1065 3330 adduxisse.
1099 3265 1163 3328 Non
1207 3267 1288 3329 enim

686 3353 841 3432 quodlibet
860 3360 1066 3430 argumentum
1087 3370 1140 3432 pro
1162 3351 1289 3413 cuiusli-

687 3436 737 3498 bet
751 3445 837 3518 eaptu
853 3454 947 3516 aeque
959 3435 1214 3498 accommodatum
1231 3442 1286 3511 est3

687 3539 828 3601 persaepe
842 3539 961 3602 quoque
975 3539 1067 3582 unum
1080 3527 1289 3597 argumentum

687 3606 811 3666 alterum
837 3605 990 3679 dilucidat,
1017 3613 1106 3684 atque
1125 3611 1287 3679 sustentat,

687 3697 716 3748 ot
727 3689 886 3765 generatim
904 3689 1223 3776 plures‚¹dirersaeque
1239 3687 1294 3753 ad·.

689 3772 793 3834 ductae
819 3774 948 3834 rationes
974 3781 1036 3834 tum
1064 3771 1260 3833 eruditionem
1279 3785 1294 3846 ,ἰ

689 3865 748 3916 ιιιιιι
759 3857 980 3938 persuasionem
995 3873 1167 3935 promovere
1179 3854 1293 3938 solent„

728 3941 758 4001 tl.
780 3939 809 4002 Si
826 3941 926 4002 omniu
941 3939 977 4000 ad
996 3941 1083 4000 finem
1101 3936 1290 3999 hominissu-

688 4043 835 4105 prernnm,
852 4025 993 4086 nimirum
1009 4023 1044 4083 ad
1062 4023 1155 4102 ipsius
1171 4020 1291 4081 morali·

61 4094 147 4192 logicis
166 4105 278 4186 ubique
303 4107 387 4170 ideas
414 4113 527 4186 claras,
555 4113 647 4172 multo
688 4117 791 4184 tatem,
807 4117 835 4169 et
847 4107 1016 4170 felicitatem
1033 4106 1153 4166 tendere
1167 4103 1288 4179 debent,

60 4197 143 4248 tntuus
172 4190 326 4252 distinctas
357 4194 459 4255 saltem
487 4213 521 4255 eo
546 4196 645 4272 modo,
687 4193 717 4253 id
732 4193 891 4274 praecipue
902 4191 938 4252 de
952 4189 1049 4251 studio
1064 4187 1226 4265 theologico
1241 4188 1290 4248 di-

61 4279 132 4342 prout
151 4272 180 4333 in
202 4276 302 4336 multis
324 4278 496 4340 raritatibus
513 4280 647 4341 rationa-
719 4325 750 4380 (2)
766 4324 799 4370 c,
814 4324 847 4371 c,
862 4324 932 4372 intest
946 4319 1046 4368 mod·
1059 4318 1128 4366 [Μ.
1145 4321 1171 4365 Τ.
1186 4319 1204 4367 1·
1219 4319 1245 4365 t‘.
1258 4311 1294 4366 stt

80 4372 106 4430 ill
119 4377 149 4424 cl.
167 4379 183 4426 l.
198 4381 299 4428 Perrone
313 4382 363 4429 Vol.
381 4385 402 4429 a.
420 4383 442 4430 Ρ.
458 4385 480 4431 5.
497 4385 520 4432 S.
536 4385 559 4433 2.
575 4397 595 4432 c.
611 4385 634 4433 2.
688 4386 762 4445 Caput
776 4385 812 4430 lll.
