2962 4736
488 185 958 236 consummandorum.
1239 171 1302 232 bun

95 265 213 342 valeat,
233 282 269 331 ex
299 259 378 332 tom
407 263 466 330 hdo
490 265 698 346 recipiendum
739 273 795 328 ret.
805 263 835 330 Si
848 285 920 345 ergo
930 259 962 330 in
975 267 1161 335 naturalibus
1176 263 1257 334 band
1269 281 1346 343 nau·

93 362 164 430 est3
197 369 266 416 nam
289 369 390 416 rerum
413 350 563 414 eiusmodi
595 367 700 416 causas
740 350 906 416 curationi
934 351 1032 432 quoad
1064 369 1172 424 nerum
1196 347 1345 420 intrinse-

94 435 279 518 pertinacius
305 453 472 517 quaerere,
490 434 622 497 rationes
639 433 701 498 eai-
738 453 808 500 cum
821 435 1059 516 imperitasset,
1076 437 1178 514 negari
1196 447 1345 504 mnenon

93 538 179 599 gere,
195 517 317 582 modum
344 517 490 582 sciscitari
509 517 602 581 animi
620 525 700 582 certe
740 528 850 600 potest,
869 519 947 581 circa
972 520 1230 600 supernaturalia,
1266 533 1346 596 quae

94 603 188 666 nimis
205 601 328 668 audacis
345 611 434 666 estet
450 603 612 667 temerarii.
632 622 648 665 r
665 602 697 666 S.
741 621 758 664 a
776 602 838 671 Deo
851 602 939 666 nohis
953 604 1136 682 revelantur,
1162 623 1222 668 non
1240 599 1346 668 omniu

93 687 273 754 Ambrosias
299 686 347 768 (1)
366 687 534 752 exclamat:
562 707 579 750 r
606 685 700 750 Aufer
740 705 757 748 a
781 696 880 752 mente
893 687 1029 762 immane
1047 688 1345 770 perrectecompre-

94 778 285 850 argumenta,
302 770 355 835 ubi
374 770 447 834 tides
466 771 630 852 quaeritnr;
655 778 700 832 ta-
741 770 831 837 hendi
844 789 941 852 posse.
958 770 1098 838 -Ratio
1114 771 1244 840 hortinis
1262 765 1345 828 limi·

93 863 163 918 ceat
180 855 348 933 dialectica;
378 854 576 935 piscatoribus
602 853 700 918 credi·
741 864 811 932 tata,
832 855 1001 918 intellectus
1018 855 1071 920 Dei
1091 856 1228 922 intinitus
1242 847 1344 920 esi-lu

95 947 159 1016 tur,
177 958 237 1001 non
250 938 427 1004 dialecticis.
439 938 699 1020 r-S.Ananti-
739 939 866 1019 sphaera
882 939 1007 1002 rationis
1028 939 1131 1005 linitae
1160 950 1345 1002 nonantuat

94 1041 154 1086 aue
171 1023 192 1088 l.
214 1023 252 1085 de
267 1023 333 1090 util.
348 1021 565 1096 credendi,ubi
581 1041 699 1104 exprc·
740 1022 880 1085 veritates
909 1023 1057 1086 contineri
1088 1032 1236 1105 possunt,
1269 1033 1345 1098 quaa

94 1107 177 1172 lasso
200 1107 343 1186 ostendit,
364 1107 396 1170 in
410 1106 467 1185 iis,
482 1124 561 1188 qvae
577 1106 701 1172 Revela·
741 1107 910 1170 intellectus
924 1106 1059 1172 intinitus
1075 1109 1230 1189 perspicit,
1244 1110 1276 1169 ei
1293 1118 1346 1166 ra·

95 1192 209 1256 tionem
225 1196 373 1274 spectent,
392 1190 563 1255 auctoritati
581 1191 702 1256 creden·
740 1191 840 1254 velare
856 1199 964 1270 potest.
983 1189 1046 1256 imo
1066 1193 1169 1257 talium
1184 1191 1346 1257 vertutum

97 1275 187 1352 dum,
207 1285 237 1341 et
255 1295 314 1338 non
334 1275 582 1356 inquisitionibus
606 1275 702 1357 philo·
742 1276 955 1338 revelationem
973 1295 1036 1340 oon
1052 1277 1148 1350 solnm
1171 1269 1345 1357 possibilem

97 1358 229 1440 sophicis
252 1358 470 1437 indulgendum
484 1428 486 1437 ¹
500 1377 578 1435 esse,
607 1359 698 1424 dicit:
742 1359 770 1439 (i
791 1360 857 1439 54),
884 1359 936 1424 sed
958 1361 1049 1424 etiam
1070 1359 1265 1427 necessaium
1288 1353 1347 1416 bv·

99 1463 116 1506 a
134 1442 302 1518 Credimus,
315 1452 345 1506 et
359 1443 424 1507 sine
443 1442 504 1506 ulla
515 1443 702 1506 dubitatione
743 1443 874 1506 minibus
885 1461 950 1506 esse
968 1444 997 1524 (5
1014 1445 1081 1523 59),
1101 1451 1274 1522 argumenta
1293 1455 1346 1505 ra·

99 1525 263 1602 eredimus
278 1525 447 1606 quodecim
462 1545 520 1592 non
535 1546 702 1608 possoron·
745 1527 868 1590 tionalia
891 1526 1030 1609 probant.
1052 1527 1176 1592 ldaxirne
1201 1528 1268 1598 ideo
1288 1521 1346 1589 ab·

99 1611 232 1674 litemur.
244 1609 350 1674 uidem
360 1610 407 1692 (ἓ)
415 1609 615 1686 Manichacus,
629 1631 703 1692 quc·
744 1613 867 1674 surdum
880 1620 937 1689 est,
951 1613 1136 1693 posticulam
1156 1611 1245 1680 aileu
1259 1604 1347 1676 nant·

97 1713 167 1756 rum
187 1695 308 1756 clintum
326 1703 405 1771 erat,
420 1694 701 1773 nihilcredendum,
743 1697 886 1772 guissimo
917 1696 1130 1760 revelationem
1158 1697 1270 1762 iterum
1293 1714 1345 1761 ra·

100 1777 161 1840 nisi
186 1777 266 1859 quod
298 1777 433 1855 scimus,
458 1777 500 1842 ita
527 1781 701 1861 alloquitur:
743 1781 855 1843 tionem
874 1779 960 1860 quasi
984 1779 1016 1842 ia
1036 1780 1176 1852 thronum
1196 1781 1343 1857 exaltare,

99 1859 193 1934 ‹Qot
208 1862 238 1923 in
254 1861 413 1942 Evangelio
429 1863 508 1943 qnod
526 1865 627 1938 vultis,
639 1882 705 1928 cre·
744 1884 778 1928 ac
793 1865 850 1946 ipsi
869 1863 917 1926 ius
929 1864 1111 1941 adscribere,
1130 1863 1245 1941 omnia,
1268 1882 1346 1944 quae

98 1945 182 2022 ditis,
199 1945 280 2028 quod
298 1965 359 2009 noo
374 1947 473 2023 voltis,
491 1966 551 2010 non
569 1948 702 2026 creditis,
743 1951 872 2011 revelata
886 1955 968 2025 suat,
984 1948 1155 2026 indagandi,
1174 1947 1345 2016 diiudican-

101 2029 189 2092 robie
211 2030 323 2112 potius,
353 2049 443 2110 qnam
463 2031 622 2112 Evangelio
640 2051 706 2094 cre-
744 2033 786 2110 di,
803 2031 1090 2113 comprehendendi,
1106 2041 1166 2094 ete
1184 2031 1247 2094 svis
1265 2033 1347 2113 prin·

100 2113 188 2182 ditis,
207 2133 223 2176 v
241 2114 274 2179 S.
297 2114 430 2194 nprntoe
451 2115 540 2180 allec.
559 2117 608 2197 (3)
627 2117 705 2178 scri·
744 2117 831 2200 cipiis
847 2116 1014 2180 evolvendi.
1042 2115 1140 2194 Ratio,
1164 2114 1346 2180 infirmitatis

100 2197 159 2260 bit:
176 2194 340 2278 (Oportet,
356 2217 433 2280 quae
446 2218 536 2280 supra
548 2220 603 2264 nos
621 2209 704 2278 sunt,
744 2221 816 2264 suae
838 2201 981 2277 conscia,
1004 2219 1058 2282 per
1084 2219 1175 2282 quam
1205 2200 1346 2266 facillime

99 2281 163 2344 lide
181 2281 328 2357 venerari,
349 2301 409 2346 non
433 2286 549 2348 ratione
568 2285 705 2368 inquire·
745 2286 858 2366 ubique
876 2285 907 2348 in
923 2303 1040 2348 errores
1061 2284 1254 2367 pertrahitur,
1268 2284 1346 2351 intra

99 2383 150 2428 re.
169 2363 352 2428 imbecillior
369 2366 449 2430 enim
472 2387 556 2436 mens
573 2369 705 2434 hominis
744 2369 854 2432 limites
865 2388 935 2431 suos
953 2377 1128 2446 manere,et
1141 2369 1232 2432 otiam
1252 2369 1282 2430 in
1295 2367 1345 2446 iis,

99 2456 161 2527 est,
189 2467 280 2530 quam
311 2456 345 2512 ut
372 2449 569 2530 intelligentia
597 2472 704 2535 capere
745 2453 1087 2536 quaecomprehendere
1105 2453 1220 2534 nequit,
1240 2461 1347 2518 auctr·

98 2533 155 2597 itta
174 2533 397 2614 possita-S.
419 2537 582 2618 Greporine
594 2540 638 2605 Μ.
657 2537 705 2619 (4)
745 2536 827 2600 ritati
848 2537 980 2613 divinae,
1001 2537 1170 2618 quaefalli,
1196 2545 1226 2599 et
1243 2537 1347 2604 tattere

13 2665 16 2677 .
98 2616 223 2698 inquit:
248 2616 368 2698 aldire,
395 2637 473 2699 quae
500 2639 536 2684 ex
561 2623 620 2686 fide
637 2641 705 2684 cre·
745 2640 806 2686 non
826 2627 942 2701 potest,
966 2622 1086 2702 penitus
1107 2641 1139 2684 se
1169 2621 1346 2692 submittere

101 2699 203 2764 denda
221 2709 311 2778 sant,
341 2707 556 2783 perscrutanda
584 2725 638 2788 per
653 2724 706 2772 ra·
745 2705 848 2768 debet.
868 2704 992 2782 Egregie
1010 2705 1041 2770 in
1059 2724 1123 2776 rem
1138 2705 1261 2770 disserit
1277 2703 1347 2774 eot-

102 2784 218 2847 tionem
234 2803 294 2848 non
319 2795 405 2866 sunt3
431 2789 539 2870 quiesi
559 2791 633 2854 haec
648 2809 706 2854 no·
745 2790 853 2852 nonar
870 2789 929 2868 (5);
948 2807 964 2848 r
984 2787 1139 2852 Rationem
1159 2789 1229 2850 dicti
1251 2806 1368 2871 quaa-r

104 2867 176 2934 stris
193 2868 288 2931 oculis
313 2871 390 2934 ratio
411 2874 602 2956 expanderet,
629 2873 707 2938 mira
746 2871 810 2934 risi
834 2891 894 2934 non
924 2872 1027 2935 reddo.
1046 2872 1168 2938 Interim
1187 2871 1265 2934 Deus
1291 2873 1348 2934 boc

102 2971 165 3016 non
184 2961 295 3014 essent.
318 2973 335 3016 r
748 2957 831 3020 dixit.
844 2955 886 3017 De
906 2955 962 3020 hoc
978 2957 1096 3021 locutus
1114 2965 1159 3020 est
1176 2955 1262 3019 mihi.
1275 2953 1347 3018 Ver·

114 3077 117 3082 ι
151 3036 181 3098 3.
198 3034 403 3102 Infirmitatem
419 3041 545 3106 rationis
558 3041 709 3106 hnmanae
749 3042 819 3104 bum
837 3040 919 3102 illius
935 3059 1054 3104 summa
1070 3040 1144 3103 ratio
1163 3048 1218 3102 est.
1234 3038 1347 3104 Remo-

102 3118 164 3202 ipsi
182 3119 379 3186 modestiores
405 3135 435 3190 et
458 3126 617 3193 solidiores
633 3125 708 3189 Pm-
748 3144 802 3190 veo
818 3133 1005 3200 argumenta,
1018 3142 1156 3189 removeo
1175 3107 1349 3203 disparatio!

102 3203 224 3285 losophi
252 3219 447 3288 agnoverunt,
467 3211 610 3292 illamque
632 3228 710 3274 con·
749 3228 830 3272 nem.
850 3205 921 3270 Sola
937 3208 1010 3272 mihi
1023 3209 1060 3272 ad
1074 3207 1349 3274 credulitatemaul-

98 3287 191 3352 'tiuua
219 3291 404 3370 experientia
427 3294 545 3376 prohat.
569 3294 602 3359 ln
618 3303 709 3358 natu·
750 3293 811 3366 neit
821 3311 947 3374 persona
957 3291 1095 3356 dicentis.
1114 3291 1177 3356 Non
1191 3292 1261 3354 licet
1274 3291 1349 3357 mihi

103 3372 220 3436 ralibos
252 3392 373 3457 qnoque
403 3380 497 3442 multa
520 3389 600 3456 sont,
632 3397 711 3460 quac
750 3377 787 3442 de
805 3378 862 3440 fide
876 3375 947 3439 dicti
962 3376 1124 3454 ambigere,
1138 3396 1197 3440 non
1210 3375 1280 3441 licet
1293 3377 1350 3443 de·

96 3456 238 3539 'perfecte
256 3460 511 3541 comprehendere
526 3472 553 3525 et
564 3464 711 3546 explicare
752 3462 890 3526 liberare.
911 3459 988 3534 Quid
1006 3461 1078 3524 mibi
1098 3480 1254 3542 quaerere,
1270 3480 1350 3543 quo·

104 3557 169 3604 non
186 3541 330 3605 valemus.
360 3543 497 3622 Scimus,
520 3546 652 3612 animam
674 3567 711 3612 a·
751 3545 839 3611 modo
857 3564 958 3608 verum
981 3545 1032 3622 sit,
1056 3546 1135 3626 quod
1157 3545 1237 3609 Deus
1261 3546 1348 3618 dixit,

96 3627 177 3704 'gere
190 3623 222 3686 in
238 3644 368 3708 eorpus,
399 3639 429 3696 et
455 3649 566 3712 corpus
583 3632 616 3694 in
646 3632 712 3696 ani·
751 3649 818 3693 cum
837 3629 974 3692 dubitare
987 3648 1047 3698 non
1057 3630 1198 3706 debeam,
1210 3631 1284 3711 quin
1298 3645 1351 3694 va·

105 3725 203 3783 raam,
219 3714 480 3790 quomodoautem
498 3716 529 3778 id
546 3717 609 3791 liat,
623 3735 711 3780 nemo
751 3733 816 3778 rum
836 3714 887 3790 sit,
904 3713 985 3794 quod
1004 3713 1084 3776 Dens
1099 3715 1221 3776 omitt»

65 3809 68 3847 2
104 3789 356 3875 Philosophorum
388 3800 523 3881 perfecte
556 3801 727 3884 exposuit:{
792 3795 1351 3864 Notat.Sicutllevelatiolormolieet

66 3897 76 3943 ·.
105 3874 145 3972 ad
158 3877 238 3951 varia
251 3878 458 3959 phoenomena
471 3884 650 3950 declaranda
664 3903 727 3949 ra.⁴
750 3881 916 3950 materiatis
926 3880 1134 3961 distinguitur,
1144 3881 1213 3944 itaa
1224 3879 1353 3948 Theolo-

101 3959 727 4050 juraetyponesosetamtsotenv,quarum,
749 3965 796 4045 qis
808 3963 967 4028 Catholicis
976 3965 1113 4044 dogmata
1129 3963 1301 4028 dividantur
1317 3968 1351 4032 in

100 4031 286 4129 'plerumque
304 4051 387 4113 nulla
400 4050 633 4118 'difficultatibus
658 4049 728 4117 oa-l
752 4047 1200 4133 ea,quaecornprehendi,etin
1212 4068 1261 4128 ea,
1273 4068 1353 4132 qnae

140 4203 172 4264 (Ι)
187 4205 214 4254 L.
229 4205 240 4254 i
259 4205 289 4254 de
301 4207 350 4256 an.

128 4265 463 4330 'mh'wc'fflu'irffi
676 4319 678 4328 ,
725 4275 728 4304 ³
776 4270 1059 4334 ,tti-d'ltloral.e.tt.

128 4323 371 4409 :(⁸'·¹‘L²2⁶'iu¹¹i¹⁰‘
399 4351 434 4428 *ᾗ
501 4384 596 4407 a
630 4329 679 4396 ,³¹-
714 4315 739 4396 'tn
774 4273 1147 4404 ,illa-lidegubernqu„
1188 4366 1199 4383 ,,
1223 4327 1257 4404 *le-
1294 4365 1303 4378 ,.
