2934 4736
402 171 476 218 rans
494 171 526 217 ιι.
548 171 649 219 securo
666 171 699 218 ιι.
718 172 812 220 ιιιιι
829 172 872 219 ιν.
1182 151 1245 214 275

68 246 157 326 pandet
185 246 332 330 bonitate,
356 271 408 314 scu
439 253 644 334 perfectione,
685 253 780 332 mopis
812 245 994 318 ree'oneile'oti
1014 252 1088 317 selei
1115 251 1230 324 erimus
1255 249 1291 312 in

67 331 108 392 sed
129 331 267 412 absoluta,
284 336 326 398 ite
340 345 372 398 ιιι
386 355 483 418 neque
502 336 559 398 alia
575 354 646 418 per·
686 337 748 398 vitu
767 337 871 416 ipsius.
891 335 967 399 Hinc
986 338 1075 400 etiam
1106 335 1233 397 Ioannes
1246 341 1292 396 te-

68 414 152 476 leclior
169 416 204 478 sit
220 418 252 479 in
272 419 352 484 illius
369 420 468 501 locum
490 437 646 494 successu·
687 428 801 496 statur,
826 420 962 484 hominos
990 421 1027 484 ed
1055 419 1191 481 intimem
1222 435 1291 480 curn

68 515 103 573 ra,
118 517 204 580 neque
229 501 294 584 ipse
319 504 350 565 in
373 523 404 566 se
422 512 573 586 spectata,
593 522 646 565 seu
687 503 748 565 Deo
767 502 908 566 unionem
934 505 1033 566 uenire
1063 521 1117 584 per
1141 501 1229 563 fidem
1259 502 1292 563 in

69 581 187 645 obiectire
200 586 239 648 sit
257 587 448 668 perficienda.
464 586 540 650 Vere
559 587 649 665 igitur
687 587 817 656 Verbum
837 589 1034 663 incarnatum,
1054 604 1107 648 seu
1128 585 1290 662 Christum,

67 663 158 744 Religio
166 669 325 734 christiano
335 672 433 734 omnis
448 670 648 734 Revelationis
688 673 739 751 pot
753 673 832 736 dedit
849 672 891 734 eis
904 681 1073 752 potestatem
1081 671 1159 751 tilios
1170 669 1292 749 Dei'pie·

67 767 135 830 aper,
147 759 174 814 et
184 757 434 836 complementum
452 764 497 818 est
508 756 646 834 dicenda,
687 757 729 818 ri.
749 755 881 818 Christus
906 757 970 838 ipse
992 756 1080 837 paulo
1110 762 1178 815 aute
1206 770 1292 813 suem

66 832 97 894 ita
114 843 143 895 ut
158 837 185 898 ιιι
203 837 320 902 Christo
338 849 367 902 et
379 839 528 922 apostolis
547 840 649 903 clausa
688 840 857 921 passionem
880 849 910 902 et
937 849 1060 902 mortem
1088 838 1128 899 de
1153 834 1292 898 fidelibus

66 917 106 995 sit,
119 920 204 998 linita,
221 932 250 984 et
269 924 304 985 ad
325 943 471 986 summum
492 924 650 1005 perlectio—
688 923 750 986 suis
766 925 814 1005 (5)
836 925 918 986 dixit:
938 926 999 988 Pro
1016 924 1058 986 eis
1075 939 1126 1002 epo
1143 921 1293 1000 sanctifico

67 1020 122 1062 nem
133 1004 264 1084 adducto,
279 1008 359 1089 quod
370 1009 474 1070 solidis
492 1026 650 1086 argumeu-
688 1009 851 1088 meipsum,
870 1017 904 1072 ut
920 1009 982 1071 siut
999 1007 1100 1086 etipse·
1120 1003 1294 1084 eorrettficort

67 1084 99 1145 fis
113 1089 251 1166 imbibu-
688 1093 722 1155 iu
739 1094 864 1155 ueritate
877 1127 891 1139 -
907 1100 941 1154 ut
965 1109 1066 1154 omues
1090 1107 1186 1153 uuum
1212 1087 1291 1164 siut,

58 1175 61 1186 '
103 1171 125 1230 l.
141 1169 321 1252 Religionem
345 1175 536 1237 christianam
558 1175 648 1238 abso·
688 1178 764 1240 sieut
783 1185 816 1238 tu
834 1177 974 1238 Peterin
997 1193 1054 1251 me,
1082 1183 1109 1237 et
1132 1190 1183 1252 epo
1201 1173 1236 1234 iu
1253 1181 1292 1254 ιι,

66 1250 115 1314 lule
127 1259 281 1334 perfectam
298 1278 374 1336 esse,
399 1259 456 1320 iam
477 1260 546 1321 inde
562 1259 648 1321 colli·
688 1269 721 1323 ut
740 1269 767 1323 et
782 1261 839 1339 ipsi
853 1262 886 1322 ιιι
905 1261 989 1322 nobis
1005 1277 1100 1322 uuum
1115 1258 1186 1319 rint.
1201 1257 1295 1318 -Et

66 1336 136 1414 gilon,
155 1343 294 1422 quoniam
313 1345 376 1424 lpse
388 1343 475 1404 nobis
489 1361 586 1423 neque
597 1361 650 1424 per
688 1361 739 1424 epo
757 1344 938 1419 cleritatem,
968 1361 1057 1423 quom
1085 1341 1190 1406 dedisti
1205 1340 1292 1416 milo,

66 1421 172 1486 visiones
186 1434 316 1504 tantum,
332 1437 365 1488 ut
382 1426 573 1504 Patriorolris,
593 1445 648 1489 ne·
688 1428 756 1494 dedi
776 1429 835 1500 eie,
855 1435 888 1490 ut
904 1428 965 1490 siret
979 1445 1087 1502 unum,
1106 1427 1181 1489 sicut
1197 1433 1224 1488 et
1243 1439 1296 1486 uos

67 1521 111 1584 que
126 1516 156 1569 ut
172 1512 284 1591 populo
303 1511 419 1574 iudaioo
438 1530 491 1592 per
507 1511 585 1572 viros
599 1511 647 1572 in·
688 1529 785 1574 uuum
802 1529 925 1588 sumum
947 1529 998 1592 epo
1017 1513 1051 1574 iu
1075 1511 1136 1585 eis,
1160 1518 1187 1573 et
1211 1517 1244 1572 tu
1262 1509 1296 1570 iu

66 1590 182 1671 spiratos,
200 1593 319 1676 Moysen
338 1605 369 1658 et
383 1596 546 1676 Prophetes
571 1603 649 1657 esta
688 1613 745 1672 me,
770 1603 804 1658 ut
827 1596 887 1657 sim
908 1595 1105 1658 consummati
1123 1596 1156 1657 iu
1184 1611 1292 1656 riuum.

65 1669 198 1753 deodata,
217 1680 269 1740 sed
284 1679 446 1760 peripsum
463 1678 648 1756 unigenitum
688 1680 761 1743 (luen
780 1697 848 1758 ergo
860 1676 973 1758 Religio
989 1678 1151 1741 christiana
1163 1679 1230 1739 talis
1243 1677 1293 1753 sit,

65 1753 106 1819 tei
121 1758 222 1822 Filium
240 1763 342 1826 allata.
362 1764 433 1825 Nam
453 1763 478 1824 si
496 1763 576 1826 inter
595 1782 648 1824 va·
689 1773 721 1826 ut
747 1783 802 1824 nos
821 1763 857 1824 ad
877 1761 1121 1843 perfectissimam
1144 1780 1211 1823 cum
1233 1761 1294 1822 Deo

65 1840 112 1902 rias
128 1844 246 1922 iormas,
269 1847 377 1927 quibus
399 1847 480 1909 Deus
496 1866 528 1908 se
550 1847 648 1909 homi·
688 1846 960 1910 reconciliationem
978 1856 1008 1908 et
1025 1847 1167 1909 unionem
1181 1845 1294 1927 perdu-

65 1925 136 1988 nibus
156 1930 346 1992 manilestare
364 1938 472 2013 potest,
493 1933 575 1994 nulla
593 1931 649 1992 da·
689 1929 1296 2013 oet,uullaaliaPerleotiorRerelatioex-

66 2014 103 2067 tur
115 2013 236 2074 nobilior
251 2023 281 2076 et
296 2015 466 2097 perfectior,
481 2033 570 2097 quern
586 2017 649 2079 tor·
690 2015 835 2097 pectendo
852 2025 918 2092 cst3
946 2023 1005 2076 tam
1026 2015 1193 2095 praeclaros
1213 2013 1294 2074 enirn

65 2093 160 2156 mallei
178 2099 322 2174 bominis,
337 2097 452 2177 Religio
463 2119 582 2181 quoque
600 2092 650 2160 tali
690 2101 812 2167 ellectus
823 2100 874 2162 illa
886 2099 1035 2181 producit,
1048 2105 1229 2178 utrespectu
1246 2097 1297 2157 he-

67 2177 162 2242 ratione
182 2181 326 2252 diuinitus
347 2183 434 2244 nobis
452 2201 593 2246 concessa
615 2201 650 2244 o·
691 2186 753 2246 bito
764 2185 869 2246 salutis
883 2193 1003 2245 nostrae
1015 2181 1242 2262 consequendae
1253 2179 1298 2242 ιιι-

66 2261 159 2324 muium
177 2264 365 2329 nobilissima
383 2277 412 2329 et
435 2267 652 2350 perfectissima
691 2269 733 2330 hil
752 2267 880 2347 amplius
899 2268 1068 2329 desiderare
1083 2266 1183 2328 liceat.

67 2342 105 2419 til,
122 2366 237 2410 necesse
253 2359 309 2411 est.
539 2397 541 2402 .
735 2353 765 2414 3.
786 2351 919 2432 Apostoli
949 2353 1021 2414 satis
1049 2352 1127 2413 clere
1151 2347 1299 2428 Religioni

99 2427 124 2490 ι.
143 2429 283 2495 Summus
305 2433 403 2496 omnis
421 2431 583 2514 Religionis
602 2452 653 2496 rc·
693 2436 872 2498 christianae
891 2434 1055 2497 absolutam
1085 2435 1299 2516 perlectionem

66 2511 160 2577 relatae
176 2536 286 2598 scopus
304 2527 349 2580 est
374 2519 506 2598 perlecta
524 2519 654 2580 hominis
694 2520 871 2596 attribuunt,
898 2529 927 2580 et
942 2520 973 2582 in
992 2519 1043 2581 ille
1060 2520 1156 2582 ononis
1174 2519 1300 2580 Revela·

69 2597 188 2687 etpiulio,
204 2603 295 2683 plena
314 2621 380 2663 eum
400 2601 461 2664 Deo
476 2603 654 2664 reconcilia·
693 2603 784 2667 tionis
801 2603 1052 2684 complementum
1066 2612 1240 2682 agnoscunt.
1255 2601 1298 2663 lo.

71 2683 113 2754 lm,
127 2693 152 2745 et
168 2685 276 2747 intima
294 2705 361 2748 cum
381 2687 484 2748 eodem
504 2687 575 2748 unio
589 2705 655 2747 mo·
695 2705 761 2770 cap.
776 2689 807 2763 l,
827 2706 895 2748 cum
915 2707 941 2749 r.
959 2688 1145 2749 didicisset:
1164 2689 1205 2750 Et
1226 2687 1300 2748 Ver'-

70 2763 138 2856 ralis.
153 2768 189 2829 ht
202 2770 283 2831 buno
295 2769 439 2850 triplicem
454 2774 541 2834 finem
560 2769 658 2832 inRe·
695 2775 764 2837 bum
784 2789 854 2834 curo
871 2771 984 2849 foetum
997 2781 1049 2846 est,
1067 2780 1096 2833 ct
1113 2769 1252 2832 babilon-it
1266 2767 1301 2830 iu

69 2843 160 2924 legione
174 2853 337 2917 christiane
352 2854 565 2935 perlectissime
578 2871 657 2917 esse·
695 2857 792 2919 uobis:
810 2863 837 2917 ιι
850 2855 980 2917 uidimus
997 2855 1124 2934 pierium
1139 2854 1215 2928 eius,
1234 2851 1301 2932 ple·

73 2932 185 3008 quimur.
202 2936 416 3000 ldessiasenim
429 2947 655 3014 venturuserat‚
696 2941 775 3003 riom
797 2939 882 3019 quusi
899 2940 1049 3018 urripeniti
1069 2957 1088 3000 o
1112 2939 1215 3012 Putre,
1236 2936 1302 3015 pie·

70 3021 95 3074 td
109 3031 322 3084 consummetur
336 3023 563 3101 praevaricatio,
579 3030 605 3083 et
618 3023 657 3101 fi·
697 3042 772 3086 num
795 3023 911 3105 protiue
927 3031 954 3084 et
968 3023 1123 3095 .oeritotis;
1141 3039 1209 3081 inor
1227 3019 1302 3080 sub-

69 3113 123 3190 tum
137 3106 260 3184 uoupiut
274 3114 446 3185 peecatum,
471 3115 498 3170 et
524 3107 657 3168 deleatur
698 3108 795 3186 iungit
813 3127 840 3168 u.
863 3107 902 3168 ld
918 3114 984 3168 etc:
1005 3108 1044 3170 Ει
1063 3107 1097 3167 de
1115 3104 1303 3185 plenitudine

68 3184 204 3264 thimotes,
225 3197 253 3252 et
266 3191 432 3252 mutetur
449 3191 566 3253 iustitio
577 3207 655 3252 sun·
699 3193 826 3254 eiii-suos
836 3208 936 3252 omnes
948 3191 1120 3269 occepimus,
1132 3197 1158 3250 et
1171 3188 1303 3269 prolium
1320 3257 1324 3268 ,

66 3265 170 3343 piteruo
189 3273 251 3354 (l).
278 3272 410 3336 Christus
435 3274 499 3355 ipse
524 3273 571 3354 (R)
596 3273 655 3346 ait,
695 3293 752 3355 pro
768 3275 882 3355 pratia:
897 3274 968 3353 prtia
983 3275 1100 3352 temper
1111 3275 1234 3352 Moysen
1249 3275 1303 3335 de-

70 3355 227 3441 sanguinem
254 3376 340 3419 suurn
362 3359 572 3421 eliundendum
593 3377 657 3420 esse
700 3368 731 3423 te
756 3359 927 3438 esu-pretio
948 3367 975 3420 et
996 3358 1105 3421 ueritus
1125 3375 1181 3437 por
1207 3359 1303 3420 lucrm

69 3448 96 3494 m
128 3441 329 3504 remissionem
352 3451 549 3522 peccatorum.
578 3441 658 3503 Pau·
702 3443 853 3507 Christum
872 3442 952 3521 secto
975 3449 1026 3504 est.
1054 3440 1146 3504 Sicuti
1165 3460 1234 3520 ergo
1258 3441 1304 3504 tris

70 3514 108 3578 lus
122 3521 166 3602 (3)
187 3525 302 3606 inquit:
318 3527 454 3589 Cbmstus
471 3526 557 3588 etmel
575 3527 659 3588 obla·
700 3527 798 3588 uerbis
816 3525 929 3588 Christo
958 3526 1111 3606 plenitudo
1134 3528 1246 3602 gratiae
1274 3533 1304 3587 et

71 3606 108 3662 ιιι
129 3616 167 3670 eet
191 3611 230 3672 nd
259 3611 421 3678 multorum
453 3611 660 3673 eadburt'eudu
700 3610 831 3672 veritatis
849 3609 1038 3685 adscribitur,
1058 3611 1099 3671 ita
1119 3609 1230 3690 puriter
1247 3608 1302 3669 ad·

67 3698 179 3762 perroto.
200 3693 239 3754 Et
259 3694 305 3774 (d)
324 3693 442 3755 scribit:
466 3693 661 3757 Reconciiiuti
700 3703 872 3770 sereretur,
898 3695 1113 3774 plenitudinem
1144 3693 1256 3770 gratiae
1274 3699 1305 3752 et

70 3785 158 3836 tumus
177 3776 238 3839 Deo
259 3795 314 3857 per
339 3786 463 3840 mortem
486 3778 560 3840 Filii
581 3777 659 3840 cium
701 3777 831 3838 veritatis
846 3796 898 3857 per
911 3777 1059 3839 Christum
1073 3777 1305 3848 nobiseommu·

72 3869 100 3912 tx
124 3857 176 3920 boc
201 3860 266 3940 ipso
289 3871 386 3922 autem
417 3861 506 3922 inlert
529 3860 657 3941 Aposto·
701 3861 827 3922 nicetam
848 3861 950 3922 luisse.
967 3861 1027 3924 Hac
1046 3861 1082 3923 de
1100 3878 1189 3922 cause
1214 3857 1303 3918 etiarn

71 3932 118 4014 lus,
131 3959 183 4004 nos
199 3944 234 4004 ad
252 3944 391 4006 moralem
405 3963 472 4006 cum
492 3944 552 4006 Deo
570 3944 659 4005 unio·
702 3952 830 4024 tempus,
851 3962 908 4025 quo
927 3945 1060 4007 Christus
1078 3943 1178 4016 venit,
1202 3941 1304 4020 pleni-

72 4034 140 4098 nem,
159 4035 186 4088 et
205 4029 240 4089 ad
266 4030 390 4090 salutern
414 4037 565 4090 aeternnm
590 4046 661 4107 per·
700 4029 1060 4107 tudolemporisuoeotur,
1075 4045 1134 4088 non
1150 4025 1306 4104 quodpost

72 4106 159 4170 terrine
186 4131 287 4192 posse3
314 4113 393 4175 unde
421 4112 538 4174 subdit:
565 4113 661 4179 notro
702 4113 831 4194 primum
857 4110 965 4174 Christi
994 4113 1150 4174 adventurn
1170 4118 1306 4190 tempora

96 4235 122 4293 (ll
137 4239 192 4287 uon.
205 4243 227 4288 tl.
734 4241 766 4300 (ι)
782 4242 847 4287 Rom.
862 4242 884 4298 5,
900 4241 936 4286 tlt.

77 4295 126 4384 Ι(2)
139 4299 217 4346 hletth.
231 4301 268 4361 26,
282 4299 320 4348 28.
400 4300 430 4362 (ὅ)
445 4299 514 4347 flebr.
529 4301 551 4362 9,
566 4299 603 4348 28,
736 4303 769 4361 lb)
783 4303 816 4347 lo.
833 4301 868 4359 ll,
883 4300 912 4345 ld
927 4300 971 4345 etc.
