2930 4736
161 211 224 276 436
558 216 743 264 rotomum:
763 214 926 264 amnas

166 307 233 374 Odi.
249 303 330 368 2111
346 304 412 366 loeo
430 301 521 365 citato
537 300 584 381 (1)
599 297 724 362 lacobus
764 299 904 360 ominibus
923 296 1102 379 purgaverit,
1118 305 1205 378 prout
1223 293 1366 358 etiamen

123 392 222 474 primo
249 390 314 452 loco
340 389 470 469 ponitur,
491 393 521 448 ot
544 383 650 448 Petrus
673 401 723 444 se·
764 399 812 459 so,
831 381 912 464 quod
931 383 979 463 (Ἰ)
997 382 1147 444 Ecclesiae
1160 387 1296 462 pastores
1309 397 1366 442 ceu

123 474 241 550 euodo;
258 491 329 552 ergo
347 471 457 534 Paulus
473 469 593 532 Petrum
615 465 723 528 laccho
764 467 893 545 collegas
912 483 983 530 suos
1007 467 1154 529 allocutus
1176 464 1234 540 sil,
1253 463 1296 526 nil
1313 481 1367 526 so·

124 558 310 630 interiorem,
327 564 378 616 aut
394 556 498 618 saltem
518 552 582 634 ipso
601 569 660 614 non
675 569 724 612 su·
764 551 877 631 quitur,
896 549 954 612 nisi
976 551 1055 632 qood
1075 548 1180 612 Petrus
1202 547 1367 630 primatum

124 641 271 726 puriorem
289 639 440 702 iudicavit.
764 634 846 696 iuste
862 633 1075 716 praescriptam
1098 632 1275 694 humilitatis
1293 649 1362 694 nor·

164 726 250 806 ham.
267 723 298 804 ι)
316 723 426 786 Paulus
444 739 504 783 non
523 717 659 782 ordinem
674 717 724 779 di·
766 735 843 780 mom
860 718 996 796 gesserit.

123 809 244 888 gnitatis
266 825 300 870 ac
329 805 509 870 eminentiae
536 801 653 877 tenuit,
672 801 724 864 sed

125 893 259 955 ordinem
279 889 475 970 cognitionis,
495 895 642 968 quatenus
664 886 724 948 sci·
1000 855 1030 928 5
1055 863 1130 912 ³⁸⁸·

123 976 213 1053 licet,
231 993 299 1038 eum
316 975 475 1056 Apostolus
491 969 724 1051 Hierosolymam
858 960 884 1006 Β·
900 958 1274 1020 marcomannorum

125 1060 224 1142 potiit,
243 1059 357 1122 inuenit
375 1056 508 1120 omnium
528 1054 657 1136 primum
675 1052 725 1116 la·
806 1049 943 1135 Semper,
963 1053 1095 1134 ubique,
1113 1060 1144 1115 et
1164 1051 1203 1114 ab
1226 1051 1369 1115 omnihus

125 1143 328 1224 cohum,quia
340 1141 445 1204 Petrus
460 1139 568 1202 absens
585 1147 660 1216 erat,
675 1137 727 1200 ad·
765 1136 912 1198 creditum
931 1157 1007 1215 esse,
1026 1136 1145 1200 Petrum
1164 1154 1182 1198 a
1198 1135 1318 1200 Christo
1337 1155 1369 1198 a·

125 1243 222 1308 eoque
241 1225 366 1289 lacobus
390 1225 472 1306 prius
497 1222 634 1300 cognorit
655 1241 726 1300 gra·
766 1221 974 1284 minentiorem
997 1222 1076 1284 inter
1096 1221 1255 1302 Apostolos
1278 1228 1368 1301 pote-

125 1310 198 1373 tiom
217 1311 291 1386 liei,
311 1328 388 1392 quse
403 1308 471 1371 data
488 1313 553 1370 erat
568 1304 672 1368 Paulo.
693 1306 725 1385 h)
765 1312 885 1380 statem,
898 1323 952 1367 seu
971 1305 1131 1386 primatum
1150 1304 1317 1386 accepisse,
1332 1323 1369 1366 ex

92 1381 104 1414 ⁴
126 1392 264 1458 Ostendit
279 1392 460 1456 llamochius
477 1392 508 1453 in
527 1389 658 1471 antiquis
672 1409 726 1452 co·
766 1388 901 1450 onammi
913 1387 965 1452 SS.
979 1389 1099 1452 Patruru
1112 1407 1261 1451 consensu
1273 1388 1368 1450 ahua-

127 1478 263 1554 dicihus,
283 1477 392 1558 quibus
409 1476 456 1538 usi
474 1483 543 1538 sum
560 1473 724 1555 Clrrp’sost„
765 1473 803 1535 de
824 1480 951 1536 constat.
969 1472 1058 1536 Varia
1080 1473 1139 1535 iam
1165 1472 1300 1554 ipsorum
1320 1481 1367 1534 le·

126 1562 287 1636 Ambros,
312 1559 490 1638 Augustin,
516 1557 638 1621 Hieron.
665 1565 723 1620 ele.
767 1557 907 1620 stimonia
920 1558 958 1619 ad
972 1555 1175 1620 eonlirmanda
1190 1564 1367 1634 argumenta

125 1645 247 1709 Petrum
257 1645 353 1727 primo
366 1644 429 1706 loco
439 1643 520 1724 poni.
533 1641 612 1704 idem
623 1643 659 1703 da
671 1660 724 1703 re·
767 1640 877 1705 biblica
894 1639 1008 1704 inserta
1020 1641 1154 1716 luerunt,
1171 1638 1230 1701 alia
1245 1640 1296 1701 hic
1310 1639 1368 1701 loci

21 1755 26 1772 ·
126 1728 260 1792 teriitala
274 1728 379 1790 asserit
392 1725 560 1803 Sabathier,
574 1725 650 1788 etde
663 1742 727 1787 vor·
767 1725 960 1807 proponenda
976 1732 1056 1788 sunl.
1076 1725 1108 1791 S.
1127 1723 1301 1804 Cyprianus
1319 1724 1367 1804 (8)

127 1813 212 1876 sione
226 1811 422 1875 Alexandrina
435 1808 646 1890 liugaGrotius
663 1809 723 1890 (2).
766 1810 818 1874 ait:
840 1829 857 1872 s
876 1808 1025 1872 Primatus
1042 1808 1128 1872 Petro
1146 1810 1245 1884 datur,
1262 1816 1297 1870 ιιι
1314 1807 1368 1870 Ec·
1386 1854 1402 1888 λ

171 1897 237 1962 ott.
259 1897 289 1959 3.
309 1895 419 1958 Paulos
438 1893 615 1957 Antiochiae
639 1893 725 1957 Petro
766 1894 857 1956 closis
883 1913 944 1958 una
972 1900 1170 1968 monstretur,
1193 1912 1208 1953 s
1234 1892 1367 1954 elidem

128 1983 162 2044 irs
181 1981 288 2062 sociem
305 1980 431 2055 restitit,
453 1980 524 2058 guia
542 1978 727 2058 reprehensi·
767 1977 873 2059 repetit
889 1977 949 2058 (11).
973 1977 1172 2042 Tertullianus
1188 1975 1257 2057 (10)
1276 1975 1365 2037 dicit:

130 2066 276 2129 illiserat
295 2064 355 2145 (3).
375 2063 453 2142 Ergo
472 2061 582 2124 Paulus
599 2062 728 2124 auctori·
769 2082 784 2124 s
805 2061 836 2124 Si
854 2062 950 2124 adhuc
968 2063 1102 2124 clausurn
1125 2069 1212 2142 putas
1234 2060 1366 2136 coelum,

129 2156 219 2231 taterp
233 2149 376 2230 primatus
387 2147 417 2208 in
430 2145 584 2208 Petronoo
596 2145 724 2223 agnovit.
767 2155 918 2208 memento
936 2146 1033 2208 clauos
1051 2145 1116 2207 ains
1132 2143 1293 2206 Dominum
1313 2142 1369 2206 Pe·

170 2233 255 2311 Resp.
273 2233 304 2310 a)
319 2230 543 2293 intereruditos
558 2229 644 2290 molti
658 2246 729 2290 con·
768 2239 823 2309 tro,
842 2239 871 2292 et
891 2248 945 2311 per
962 2248 1030 2292 oum
1050 2221 1202 2290 Ecclesiae
1223 2228 1367 2308 reliquis·

130 2314 620 2396 tendunt,Cephamrcprehousum
630 2311 730 2375 aPau·
767 2331 811 2376 se.
826 2311 1202 2395 »ouurrutttltoqums
1216 2311 1253 2374 de
1266 2311 1367 2389 Petro,

129 2400 158 2461 lo
178 2399 269 2460 alium
285 2399 377 2460 luisse
395 2418 413 2460 a
430 2397 528 2459 Petro.
549 2394 606 2460 Sed
622 2415 681 2459 aon
697 2416 730 2459 o·
768 2397 897 2479 quaerit,
915 2398 1017 2471 (Quis
1034 2406 1112 2460 esset
1131 2397 1220 2458 altior
1237 2397 1368 2477 Aposto·
1388 2409 1403 2457 ι’

130 2502 185 2564 pus
203 2491 259 2560 est,
278 2491 311 2545 ut
329 2483 357 2543 id
377 2490 589 2563 propugnatur.
606 2479 679 2542 Nam
694 2480 727 2561 h)
769 2482 864 2544 lorum
882 2483 946 2561 illo,
966 2481 1018 2565 qui
1035 2487 1080 2544 est
1097 2492 1127 2542 et
1141 2480 1252 2542 dicitur
1268 2489 1370 2541 uertex

130 2567 203 2630 haec
231 2566 423 2648 reprehensio
447 2563 526 2626 Petri
551 2565 625 2626 nihil
647 2563 729 2626 aliud
768 2566 925 2628 eorumls
941 2566 1025 2630 -S.
1044 2564 1182 2628 Hilarius
1201 2565 1280 2628 Piri.
1300 2563 1368 2644 (12)

129 2651 249 2735 probel,
272 2669 361 2733 quam
381 2649 461 2731 quod
479 2647 637 2711 inferiores
654 2648 730 2711 suh·
769 2649 878 2731 inquit:
900 2668 917 2711 s
933 2649 1038 2714 Petrus
1056 2649 1169 2730 primus
1187 2648 1327 2725 credidit,
1341 2656 1371 2708 et
1389 2679 1401 2699 κ

130 2735 200 2797 inde
227 2734 341 2816 possint
367 2751 435 2796 eum
463 2742 565 2795 sancta
594 2732 729 2794 libertate
768 2732 957 2814 Apostolatus
974 2742 1018 2796 est
1036 2731 1369 2812 Princepss-Is'use-

130 2819 299 2901 superiores
321 2817 508 2896 redarguere,
529 2817 616 2878 modo
634 2816 664 2878 id
682 2834 729 2878 res
769 2817 925 2882 diustlasr.
939 2818 1008 2899 (13)
1016 2815 1371 2878 nominatPetrumsior·

131 2904 279 2985 postulet,
300 2912 330 2965 ct
347 2902 448 2964 dehita
472 2900 637 2964 reverentia
655 2919 729 2962 con·
771 2901 917 2964 tissimum
933 2911 963 2964 et
979 2901 1138 2964 marimum
1154 2900 1234 2962 inter
1246 2900 1370 2981 Aposto-

131 2997 275 3050 servetur.
305 2987 336 3051 S.
365 2985 534 3067 Cyprianus
561 2984 627 3046 ideo
650 2983 729 3045 Petri
770 2986 835 3063 los,
855 2993 885 3048 at
908 2984 1024 3048 uirtutis
1054 2983 1159 3046 merito
1185 2985 1371 3064 reliquorum

102 3121 107 3140 ,
131 3070 329 3134 humilitatem
355 3071 472 3146 laudat,
492 3068 571 3149 quod
598 3087 615 3128 a
635 3066 730 3129 Paulo
771 3069 905 3132 omniurn
924 3070 1089 3151 principem
1107 3088 1143 3130 oc
1160 3077 1332 3149 patronum.
1355 3088 1370 3129 ι

101 3153 108 3197 ÷
131 3155 332 3237 reprehensus
349 3173 409 3216 non
429 3153 548 3229 dixerit,
564 3171 597 3213 se
616 3153 730 3232 prima·
770 3153 802 3217 S.
822 3153 954 3234 cyrillus
965 3155 1049 3218 Hiar.
1065 3154 1133 3233 (11)
1146 3163 1300 3234 nuncupat
1316 3151 1371 3214 Pe·

104 3247 106 3252 '
131 3247 194 3299 tum
211 3247 323 3312 tenere,
339 3246 370 3299 et
388 3237 445 3300 sibi
464 3236 562 3318 potius
578 3234 732 3316 obtempe·
772 3247 849 3298 trum
874 3257 889 3299 r
910 3237 1117 3319 Apostolorum
1143 3255 1318 3313 surumum,
1344 3244 1374 3298 et

101 3319 104 3342 ²
131 3340 199 3384 rare
217 3341 235 3382 a
253 3322 378 3384 novellis
404 3329 434 3383 et
459 3321 584 3401 posteris
608 3330 731 3401 oporte·
771 3319 953 3403 Principem,
973 3340 1009 3384 ac
1026 3321 1108 3400 regni
1127 3319 1268 3382 coelestis
1287 3321 1373 3383 claui·

131 3423 164 3466 re
179 3404 240 3484 (t).
256 3405 293 3466 Et
307 3403 337 3467 S.
354 3405 537 3484 Augustinus
551 3405 597 3485 (5)
612 3403 728 3466 scribit:
770 3424 886 3482 gerum.
910 3424 926 3467 s
953 3405 987 3468 S.
1014 3405 1146 3469 Basilius
1164 3405 1233 3485 (15)
1253 3405 1370 3486 inquit:

135 3508 150 3550 r
172 3487 294 3563 Petrus,
313 3489 394 3570 quad
414 3509 430 3549 a
447 3487 539 3550 Paulo
557 3486 647 3551 tiebat
669 3487 731 3550 uti·
773 3509 789 3550 ι
809 3488 918 3551 Beatus
936 3487 1042 3552 Petrus
1059 3488 1200 3551 omnihus
1217 3489 1371 3570 discipulis

132 3573 201 3644 liter
228 3573 364 3635 libertate
391 3571 525 3634 caritatis
553 3581 673 3634 sanctae
698 3591 733 3634 ac
773 3573 923 3653 praelatus
940 3573 1014 3649 luit,
1033 3572 1081 3634 cui
1102 3573 1158 3634 soli
1178 3572 1293 3634 rnaiora
1308 3574 1371 3634 data

133 3655 298 3736 benignae,
318 3657 428 3738 pietate
448 3655 623 3718 humilitatis
644 3674 732 3718 acce·
772 3666 941 3738 suntquam
955 3657 1022 3718 aliis
1035 3656 1281 3736 testimonia,qui
1295 3675 1375 3739 prae·

133 3742 188 3886 pit.
205 3761 221 3802 s
237 3777 279 3788 —
297 3740 407 3802 Eodem
429 3740 516 3800 ruodo
535 3759 570 3802 ex
588 3760 636 3816 ao,
653 3740 731 3820 quod
773 3741 887 3802 dicatus
905 3749 950 3803 est
970 3741 1086 3816 heatus,
1106 3741 1153 3802 cui
1172 3742 1271 3802 claves
1292 3741 1373 3820 regui

157 3836 239 3887 etrus
265 3825 313 3905 (6)
343 3832 499 3884 accusatus
527 3843 544 3885 a
572 3824 732 3900 iratribus,
774 3824 924 3887 coelorum
945 3825 1131 3886 concreditae
1151 3834 1234 3886 sunt.
1254 3845 1270 3886 s
1287 3859 1329 3872 -
1343 3826 1374 3888 S.

134 3910 214 3990 qrrod
237 3910 389 3987 ingressus
406 3907 445 3968 sit
463 3907 500 3968 ad
518 3906 638 3985 Gentes,
659 3927 734 3969 cau·
776 3910 1025 3991 Gregoriusll'oz.
1038 3906 1377 3992 (lli)Petrumappellot

134 4010 197 4054 sam
216 4012 300 4056 suum
323 3990 508 4069 defenderit,
527 4001 558 4052 et
579 4010 612 4054 se
633 4011 734 4054 coram
1177 4059 1192 4090 s

140 4083 195 4172 'ut
212 4121 260 4167 aar.
276 4121 298 4180 a,
310 4121 333 4166 a.
476 4115 508 4171 tar
520 4117 546 4164 ιιι
563 4117 586 4162 ιι.
601 4117 618 4161 ι.
804 4057 851 4177 llll
865 4059 891 4163 i'd
903 4059 989 4165 ‘iiiiii
1001 4060 1089 4166 ξω
1100 4059 1166 4106 nom.
1178 4089 1199 4106 ”’
1252 4101 1255 4110 ’

166 4177 198 4230 u)
210 4181 260 4224 «ιιι.
274 4182 296 4238 a,
314 4179 350 4222 ιι,
476 4175 507 4226 ιι,
520 4176 561 4234 trp.
572 4176 601 4222 aa
615 4177 735 4233 eurotam.
805 4177 850 4231 (ιιι
867 4178 924 4224 ιιιιι.
940 4179 998 4224 ecel.
1014 4180 1030 4225 ι.
1045 4177 1067 4237 2,
1082 4190 1105 4224 c.
1120 4179 1155 4224 ιι.

167 4236 198 4286 (ὅ)
212 4236 252 4294 Ερ,
266 4239 294 4281 82
305 4238 334 4282 od
347 4237 442 4283 Hieron.
474 4234 504 4296 (ιι)
521 4237 569 4280 lcl.
587 4233 619 4280 tt.
818 4237 853 4296 ιι)
865 4238 958 4284 tzaueh.
970 4239 993 4295 2,
1008 4239 1022 4282 7
1038 4240 1061 4282 ιιι
1076 4237 1109 4283 ts.

191 4294 334 4354 illaleh,
354 4295 372 4339 ι.
473 4297 504 4352 (ιι
521 4295 554 4353 Ep
578 4295 611 4338 Ιι.
819 4297 1187 4350 llll’rooemdsiodicllei..

176 4348 198 4409 ol
212 4351 236 4395 Ι..
250 4352 280 4398 ds
296 4365 337 4400 uu.
349 4354 409 4400 Eccl.
469 4355 514 4416 (ιι)
530 4355 556 4402 lo
571 4355 653 4418 scarp.
666 4365 687 4402 s.
699 4355 744 4402 ld.
819 4353 853 4412 ιι)
866 4358 942 4404 caron
954 4357 984 4404 ds
996 4358 1073 4416 seipso
1084 4358 1109 4404 et
1121 4355 1171 4404 adr.
1184 4355 1262 4416 opus
