2910 4732
451 241 616 288 rnaouoort
637 237 800 285 orneacus
1186 219 1227 282 ts

38 318 625 404 roeprohat,Ethnicos,ludaeos,ldahu·
708 315 1269 381 Rhiaiorisautemetutilitatisetne·

37 408 167 483 melanos,
187 416 218 469 et
236 408 340 470 omnis
357 410 475 486 generis
490 406 626 468 inlideles
667 401 814 465 cessitatis
827 411 872 464 est
889 399 1048 480 Theologia
1060 401 1269 483 generalispro

36 491 138 552 relutat.
157 490 263 553 Tertia
284 511 365 573 pars,
381 511 459 572 quae
475 491 627 554 ueritatem
670 487 822 568 unotogo.
849 483 959 547 Omnes
987 485 1065 547 enim
1092 486 1269 567 disciplinae

35 576 161 638 Ecclesiae
178 576 344 640 catholicoe
360 575 503 652 defendit,
523 584 628 636 contra
667 571 852 650 theologicae
870 568 914 631 illi
931 587 985 630 ceu
1009 569 1202 632 fundamento
1217 569 1267 631 in-

36 677 121 720 omnes
138 659 335 735 haereticos,
358 679 411 722 seu
430 661 548 742 spuriae
567 658 626 721 Ec·
668 655 825 730 cumbunt,
838 673 897 734 quo
911 653 1029 716 sublato
1042 671 1101 713 non
1117 653 1213 715 solum
1227 655 1268 715 ti·

36 743 126 806 clasiae
143 745 280 807 asseclas
299 743 448 824 dirigitur.
669 739 785 815 iubant,
805 738 858 800 sed
872 746 902 798 el
912 744 1065 799 corruunt.
1078 734 1189 808 Quodsi
1203 737 1268 799 sin·

668 825 754 902 gulae
767 840 907 900 maguum
919 821 948 882 in
960 838 992 882 se
1007 820 1134 902 pretium
1146 820 1268 897 hahent,

271 914 304 985 ς.
325 921 379 969 st.
669 907 771 988 quanti
788 904 1270 988 prelii,quantiquemomentidi-

669 990 795 1054 seudum
811 990 867 1050 erit
884 989 1000 1051 illarum
1024 988 1268 1050 fundumentum!

49 1117 54 1131 .
593 1113 595 1120 ι
682 1077 742 1136 ’3.
766 1073 890 1135 Maxime
909 1081 1009 1134 autem
1028 1071 1123 1134 solida
1138 1069 1271 1134 Theolo-

73 1149 229 1248 l.·Summi
238 1171 303 1235 pro
317 1155 418 1234 puetis
431 1151 549 1222 homine
563 1175 629 1217 mo·
669 1159 736 1239 giae
754 1159 902 1236 generalis
922 1157 1113 1237 pertractatio
1128 1175 1270 1218 necessa-

40 1243 115 1330 rnerm
134 1247 178 1298 est
196 1247 232 1300 ut
249 1257 354 1300 veram
375 1239 561 1319 Religionem
586 1240 631 1302 di·
669 1244 714 1304 ria
736 1243 769 1304 stt
786 1261 824 1304 ee
841 1242 922 1304 tristi
944 1241 1110 1304 conditione
1134 1242 1272 1321 temporis

39 1328 130 1412 rtnrtus
152 1323 320 1386 revelatam
343 1334 513 1403 cognoseat,
530 1325 631 1387 licole·
668 1326 778 1403 nostri,
799 1345 858 1406 quo
878 1325 999 1406 plurimi
1018 1323 1166 1403 Religioni
1184 1343 1271 1386 reve-

39 1421 155 1496 sramque
171 1407 265 1484 sciat,
283 1427 361 1487 quae
373 1409 454 1469 illius
465 1409 630 1472 doctrinam
671 1413 759 1487 latae,
781 1420 810 1472 et
827 1409 1133 1472 EcclesiaeaChristo
1148 1409 1272 1470 institu-

40 1495 163 1582 tutegcam
177 1499 207 1552 et
219 1490 398 1554 inviolatam
418 1501 511 1568 tenet,
525 1501 555 1554 et
568 1503 632 1556 tra·
671 1505 719 1557 tae
734 1495 925 1556 adversantes
936 1494 1275 1555 errorescircumlerun·

41 1571 83 1632 dtt.
101 1572 276 1669 Hannonim
292 1577 457 1638 uonsolum
471 1577 630 1654 credendo,
672 1589 731 1655 tur,
751 1577 885 1640 subdolis
905 1577 1139 1658 sophismatibus
1158 1596 1272 1658 propu-

41 1656 184 1719 sedetiam
206 1659 399 1722 obsecrando
428 1663 517 1722 finem
544 1681 630 1723 suum
671 1672 817 1742 guantur,
837 1669 867 1724 et
884 1660 939 1722 suh
964 1662 1045 1722 larva
1062 1661 1273 1742 Philosophiae

42 1743 180 1822 consequi,
191 1763 247 1805 seu
259 1743 387 1806 salutem
397 1745 514 1826 operari
523 1754 631 1826 potest.
672 1747 881 1822 venditantur,
905 1745 947 1806 ita
969 1755 1003 1806 ut
1027 1746 1140 1807 indocti
1169 1754 1199 1806 et
1223 1745 1274 1806 in-

40 1819 69 1916 Ut
86 1836 179 1922 aulem
199 1829 287 1890 iuxta
304 1825 467 1906 Religionis
485 1829 633 1893 revelatae
672 1831 752 1894 cauti
770 1829 850 1892 sacili
867 1828 954 1890 modo
972 1829 1170 1910 decipiantur.
1182 1827 1275 1890 Valde

42 1905 184 1973 dictamina
201 1931 309 1976 moras
327 1912 542 1991 instituantur,
558 1914 634 1976 soli·
673 1915 741 1977 ideo
763 1914 966 1976 necessarium
986 1921 1049 1988 est,
1068 1924 1102 1974 ut
1123 1914 1154 1973 in
1173 1911 1275 1974 Theo-
1331 1952 1334 1962 -

43 1990 76 2085 dat¹
87 1996 231 2074 cognitio,
257 2005 289 2058 et
316 1998 402 2059 firma
424 1998 578 2078 persuasio
597 1998 634 2060 de
673 1999 751 2078 logia
766 1999 896 2076 generali
920 2016 980 2058 uon
1006 1998 1102 2059 solum
1122 1998 1207 2058 lirma
1221 2014 1275 2076 pro

44 2074 111 2138 dhus
125 2080 250 2142 veritate
266 2081 442 2160 requiritur.
452 2117 489 2130 -
499 2080 571 2153 Quis
583 2083 636 2161 igi·
674 2082 838 2160 Religionis
852 2081 1012 2158 revelatae,
1033 2090 1062 2142 el
1081 2080 1246 2154 Ecclesiae,
1259 2099 1277 2140 a

47 2167 84 2222 tur
101 2181 157 2225 non
178 2165 274 2242 videt,
294 2163 486 2243 Theologiam
507 2185 634 2245 genera·
676 2165 791 2230 Christo
803 2166 1156 2243 institutae‚argrrrueuta
1171 2181 1278 2243 propo·

45 2239 90 2304 lem
111 2265 162 2327 pro
177 2251 289 2328 quovis
307 2249 432 2312 hancine
446 2250 556 2312 summi
568 2269 634 2312 mo·
676 2259 797 2325 riantur,
816 2249 870 2310 sed
885 2259 914 2309 et
930 2265 1047 2310 errores
1065 2248 1194 2329 oppositi
1210 2247 1279 2309 soli·

46 2333 227 2397 uentiesse‘l
448 2367 458 2378 π
499 2362 516 2368 ··
547 2345 567 2360 ··
617 2409 620 2424 .
676 2328 713 2398 d'e
734 2335 919 2397 refellantur.

101 1030 242 1090 theologiae
260 1035 382 1092 generalis
398 1038 550 1084 momentum.

439 2583 457 2626 ‘a
515 2589 780 2634 ’,εει-επ

286 2831 653 2953 haectenus
711 2834 1039 2953 arvernate

534 3079 704 3162 PARS
750 3079 781 3160 I.

110 3303 501 3370 sitsuutsuttrtouls
524 3309 575 3369 BR
596 3307 829 3386 RELIGIONE,
852 3307 903 3366 ET
927 3300 1216 3366 uuvstrtrtouu'
1259 3337 1267 3344 ·

253 3517 372 3582 Sentio
394 3517 436 3582 lo
483 3528 488 3533 ’
680 3507 845 3591 Religionis
861 3507 988 3570 subiecto
1005 3505 1211 3568 disserendum
1231 3525 1283 3569 ve·

90 3655 268 3710 mmmm
330 3667 336 3676 ¹
682 3594 747 3669 nit,
776 3600 810 3652 ut
838 3592 944 3654 exinde
972 3589 1148 3668 Religionis,
1167 3589 1201 3670 4)
1221 3599 1284 3652 tum

62 3741 65 3750 .
269 3665 365 3711 ΠΜ
382 3667 420 3712 ΒΕ
438 3661 596 3713 mmmm
679 3677 875 3757 possibilitas,
895 3685 957 3738 tum
977 3676 1133 3737 necessitas
1150 3683 1282 3735 eruatur.

169 3835 175 3854 ,
288 3791 318 3864 3,
337 3798 390 3845 μ,
653 3791 721 3807 ·-
741 3759 832 3822 Porro
853 3778 937 3822 verae
955 3758 1118 3836 Religionis
1135 3757 1168 3838 5)
1188 3766 1284 3820 resins

654 3887 657 3894 =
683 3845 813 3924 Spiritus
831 3842 1048 3916 ostendendus,
1075 3842 1108 3921 6)
1123 3850 1285 3920 praestan-

93 3989 104 3996 ,
684 3923 1292 4008 mmmmmmmmfflffl)

88 4013 643 4099 Uthaectheoriasystematice,etsoli-
683 4013 895 4075 scniucrsclitos
913 4009 1081 4072 exhibenda
1099 4020 1156 4083 est,
1172 4025 1206 4067 er
1226 4013 1293 4088 qua

62 4097 643 4184 deproponatur,t)praeprimisgenuiua
683 4096 817 4174 Regnum
844 4095 976 4156 divinum
1001 4092 1112 4154 ruorale
1142 4092 1291 4168 exsurgit:

62 4184 203 4266 Religionis
221 4190 301 4250 scotto
319 4186 493 4260 evolvenda,
510 4192 544 4246 et
562 4183 642 4247 dc‘oc‘-
725 4179 896 4244 Note.Huec
908 4173 1286 4249 admiscent-cadmeas&

63 4268 96 4326 cio
115 4271 287 4332 declaranda
306 4280 363 4348 est,
383 4269 416 4350 2)
436 4270 504 4331 dein
523 4267 559 4330 de
583 4268 644 4329 Deo
683 4262 884 4335 Panthoides,
896 4261 946 4340 qui
960 4259 1003 4318 uti
1020 4274 1120 4316 vorum
1131 4253 1226 4316 Deuca
1244 4256 1291 4316 ita.

63 4349 205 4436 Religionis
218 4366 348 4434 anctore,
371 4364 401 4418 et
420 4355 452 4436 hg
472 4355 508 4416 de
526 4351 645 4416 homirce
686 4356 715 4411 et
727 4364 826 4410 reram
841 4342 1024 4420 Religionem
1039 4347 1164 4414 negant,
1181 4345 1286 4436 contra

221 3909 283 3955 ordo
297 3903 471 3960 dicandorum),
