2962 4736
216 165 282 232 ooo
617 181 988 232 ιιιιοωιιιιιιιιιιιιιιιι

175 261 364 345 temporibus
379 261 458 328 iuter
472 261 675 330 Protestnntes
689 263 787 346 parri·
825 273 962 348 possunt.
980 261 1124 338 Quamvis
1138 263 1241 348 itaque
1260 261 1345 326 baud
1365 261 1437 326 diiii·

176 348 358 428 penduntur:
378 347 436 428 ipsi
457 349 537 412 enirn
556 347 694 412 Pastores
716 349 784 412 ani·
823 349 921 412 culter
940 350 1151 426 concedamus,
1172 349 1291 430 niiqnos
1310 367 1348 410 er
1370 347 1437 410 Pro-

175 449 293 494 tuarum
309 449 399 512 saepe
410 431 448 495 ab
459 451 563 496 eorum
576 433 712 496 doctrina
729 433 785 496 sab
825 432 1136 496 testantibnsrirtutes
1150 433 1296 516 quasdam
1310 433 1436 494 morales

175 515 262 578 ranis
274 515 475 598 praetextibus
485 517 641 596 recedunt,
649 516 786 598 quamvis
824 518 929 580 saltem
941 519 1072 581 exterius
1088 516 1267 593 consectari3
1285 515 1319 578 id
1338 526 1437 578 tamen

175 598 216 662 ad
227 600 352 662 eandem
363 598 393 662 in
405 601 534 682 publicis
545 601 786 664 institutionibus
826 619 886 666 non
909 619 1016 684 pravae
1045 619 1150 664 eorum
1176 601 1357 678 doctrinae,
1387 601 1437 662 sed

176 683 401 766 proponendum
417 684 586 749 iuramento
607 703 641 748 se
660 685 787 748 obstrin-
826 686 1026 749 communiter
1035 694 1132 751 rectae
1147 683 1321 748 educationi
1333 703 1439 766 paren-

174 787 247 850 pera
263 767 406 832 debeant.
417 803 459 818 -··
474 769 603 834 Comitia
620 769 784 847 generatio,
827 770 1069 853 tam,bonaequo
1079 770 1171 832 indoli
1183 768 1317 831 uaturali
1330 769 1438 830 adseri·
1468 833 1469 856 χ

175 853 339 918 latentibus
355 853 430 934 ipsis
442 853 631 932 aduersariis,
648 853 785 917 iaiiibilia
826 852 957 916 bendum
983 863 1040 918 est.
1074 853 1217 918 Homines
1246 853 1353 934 itaque
1380 851 1437 914 dici
1468 869 1469 938 ι

174 946 258 1015 aunt,
276 935 388 1019 quibus
407 938 534 1020 proinde
557 939 650 1002 ceteri
674 955 730 1000 nec
752 955 785 1000 oe
826 947 951 1019 possunt
968 938 1098 1016 bonesti,
1121 957 1181 1002 non
1207 944 1310 1000 nutem
1330 937 1436 1011 sancti,

175 1021 326 1086 subiicere
346 1031 496 1101 tenentur,
516 1039 572 1086 aec
601 1029 665 1085 tuto
693 1021 785 1086 tidem
825 1022 878 1104 qui
897 1041 1016 1086 carnem
1036 1041 1119 1085 suam
1132 1039 1200 1084 curn
1218 1021 1302 1084 uitiis
1322 1030 1353 1082 et
1372 1040 1439 1083 con·

175 1113 312 1190 possunt.
825 1105 1016 1189 cupiscentiis
1033 1105 1439 1182 crucifixerunt,etconsiiin

220 1190 286 1254 ott.
303 1189 335 1252 2.
350 1187 496 1254 Sanctitas
507 1209 567 1252 nou
580 1189 665 1254 deest
680 1189 783 1268 sectis,
824 1189 933 1254 Christi
951 1191 1121 1270 evangelica
1138 1189 1267 1271 nmplcxi
1283 1199 1359 1251 sunt
1379 1191 1437 1269 (i).

176 1293 255 1357 quae
267 1291 372 1337 omnes
386 1291 421 1337 eo
439 1275 579 1351 leuduni,
598 1283 633 1338 ut
647 1274 784 1338 nomines
823 1273 984 1338 caritatem
1004 1275 1127 1357 quidam
1159 1275 1339 1356 frequenter
1366 1273 1438 1336 Pro-

176 1377 196 1424 a
216 1357 297 1422 vitiis
318 1358 483 1436 retrabant,
502 1368 533 1422 et
554 1360 592 1421 ad
619 1358 782 1436 virtutem,
824 1367 968 1422 testantes
980 1360 1011 1423 in
1024 1357 1211 1435 orebabent,
1224 1358 1440 1421 commendant

102 1467 107 1474 ·
176 1460 230 1506 seu
244 1442 431 1505 sanctitatem
446 1441 619 1506 informent.
644 1439 784 1514 Quamvis
825 1450 856 1506 et
879 1461 934 1526 pro
961 1461 1016 1506 suo
1046 1443 1204 1506 commodo
1230 1461 1249 1504 a
1277 1441 1439 1506 Catholicis

177 1545 247 1590 vero
265 1543 356 1608 opera
375 1526 454 1589 bona
473 1545 532 1590 non
545 1527 737 1610 requirantur
748 1527 783 1588 ad
824 1527 958 1606 exigunt3
975 1527 1041 1608 sed,
1060 1526 1287 1608 etexperientia
1301 1535 1437 1602 testatur,

177 1610 332 1675 lornalera
349 1609 604 1690 iustilieationcm,
617 1628 677 1674 non
689 1611 787 1673 erciu-
826 1627 893 1674 enm
912 1630 1002 1694 opere
1027 1630 1088 1675 non
1107 1617 1257 1688 exercent,
1276 1618 1308 1672 et
1331 1609 1439 1674 Catbo·
1469 1659 1470 1662 ,

177 1695 290 1758 duntur
308 1704 408 1758 tamen
430 1703 463 1758 ιιι
486 1695 557 1758 tidei
583 1704 614 1758 et
640 1695 786 1758 iustificat·
826 1697 900 1759 iicos
915 1695 1006 1758 variis
1024 1695 1122 1759 modis
1141 1693 1323 1758 calumniari
1336 1704 1441 1775 otper-

178 1778 786 1856 tioniaiructus,etiadices.Certeetiam
826 1779 912 1862 sequi
937 1799 997 1842 non
1028 1778 1202 1842 formidant.
1230 1813 1274 1826 —
1296 1777 1440 1860 Martyres

178 1863 258 1928 inter
275 1862 477 1926 Protestantes
495 1863 583 1927 uuiti
599 1863 721 1941 dantur,
734 1864 787 1948 qui
828 1884 888 1928 nun
907 1883 1004 1946 poena
1023 1865 1110 1941 iacit,
1141 1864 1192 1926 sed
1218 1881 1337 1942 causa;
1369 1863 1439 1924 alias

178 1949 346 2030 praeclaras
363 1947 498 2024 virtutes,
516 1955 546 2020 el
561 1947 721 2032 praecipue
741 1968 789 2011 ca·
827 1949 979 2032 quaelibet
996 1959 1077 2011 secta
1091 1966 1175 2011 veros
1191 1945 1336 2028 idnrtpres
1352 1947 1441 2009 habe·

178 2032 296 2094 ritatem
327 2049 398 2110 erga
434 2031 602 2113 proximum
635 2041 785 2096 exercent.
826 2043 883 2097 ret.
903 2031 975 2096 (ium
994 2049 1062 2112 ergo
1084 2031 1285 2095 Protcstantcs
1307 2032 1354 2093 illi
1374 2051 1436 2092 ma·

179 2115 313 2197 [lectique
343 2113 545 2179 Protestantes
572 2133 643 2178 suos
675 2117 788 2188 babent
827 2119 885 2182 lana
911 2135 1031 2180 oausam
1054 2117 1262 2193 defenderint,
1291 2113 1435 2202 Martyres

178 2198 335 2280 Martyres,
359 2200 411 2281 qui
438 2200 469 2262 in
497 2199 599 2261 odium
623 2199 786 2278 Religionis
826 2201 926 2264 roonri
954 2210 1130 2284 nequeunt,
1161 2201 1340 2282 praesertim
1372 2217 1437 2260 cum

179 2283 407 2364 protestanticao
419 2283 565 2346 interlecti
581 2283 785 2348 lueruntiion
826 2288 1003 2369 pierumque
1022 2305 1083 2348 non
1102 2293 1161 2347 tom
1181 2283 1219 2347 ob
1246 2285 1439 2366 religionem,

180 2367 261 2429 deest
279 2385 348 2445 ergo
370 2367 414 2430 eis
436 2374 506 2430 nota
522 2369 698 2432 sanctitatis.
826 2387 915 2452 qnam
928 2369 967 2432 ob
980 2370 1039 2432 alia
1049 2369 1223 2451 grauissima
1234 2369 1368 2432 crimina
1383 2369 1442 2431 iue-
1470 2401 1471 2410 ι

220 2451 306 2532 neap.
322 2450 403 2514 inter
414 2451 552 2532 antiquos
564 2453 786 2532 sectasreligio-
824 2457 886 2518 rint
903 2453 1065 2517 interlecti.

181 2553 238 2612 nas,
254 2554 329 2617 quas
345 2534 548 2600 Protestantoe
562 2535 620 2617 ipsi
642 2546 675 2599 ut
696 2538 785 2601 lnlsns
868 2535 1441 2604 Obid.NotaCntbniicitatisnondecst

181 2629 208 2684 et
227 2619 334 2700 impias
350 2628 537 2696 execrantur,
553 2621 635 2683 nuile
652 2641 784 2704 unquam
825 2621 1226 2698 Ecclesiisi’rotestantinrn,
1239 2621 1293 2702 qui
1309 2639 1381 2684 uere
1394 2640 1442 2702 per

181 2704 286 2781 ertitil,
301 2723 379 2784 quae
396 2704 454 2766 sibi
474 2713 655 2786 apparenter
679 2708 784 2768 saitem
827 2715 920 2769 tntum
940 2714 1091 2769 terrarum
1111 2706 1214 2768 orbern
1234 2705 1341 2768 diliusi
1361 2715 1439 2767 suut.

181 2806 240 2851 non
263 2787 462 2870 proposuerit,
484 2788 620 2852 homines
638 2789 676 2852 nd
695 2791 787 2852 virtu·
826 2789 948 2855 Constat
960 2790 1054 2868 enim,
1067 2790 1189 2868 lingios,
1203 2809 1334 2870 quorum
1350 2791 1442 2852 maior

182 2879 238 2938 lem
253 2878 285 2934 et
301 2875 488 2937 sanctitatem
505 2873 681 2953 informare,
697 2885 786 2956 atqno
827 2893 897 2957 pars
916 2873 1317 2957 protestanticaedoclrinae
1338 2875 1443 2936 adbae-

181 2955 294 3019 avitiis
317 2955 477 3021 abducere.
506 2955 563 3019 Ubi
588 2971 711 3036 antem,
742 2959 787 3020 uti
825 2969 881 3038 ret,
900 2960 931 3022 in
947 2959 1087 3023 nomnibus
1098 2957 1200 3020 mundi
1213 2959 1354 3039 partibus
1364 2960 1441 3019 inve·

181 3039 258 3122 opud
276 3039 477 3104 Protcstnntes
496 3042 539 3118 ιιι,
560 3041 656 3104 adicis
679 3043 788 3106 sancti-
827 3045 898 3119 niri,
917 3052 951 3106 et
971 3043 1130 3126 imperinm
1149 3060 1237 3104 suum
1256 3042 1375 3126 ubique
1398 3042 1441 3104 di·

181 3123 248 3186 tatis
261 3141 321 3186 non
333 3124 391 3188 rite
405 3125 627 3202 describuntur,
644 3135 673 3188 ct
687 3127 787 3188 media
828 3130 932 3191 latare.

181 3199 418 3272 sanctitatisnon
438 3208 627 3286 exhibentur,
643 3229 790 3272 verasan·
850 3213 955 3294 ¹liesp.
990 3209 1036 3274 nd
1059 3209 1300 3275 Catholicitatem
1331 3207 1441 3272 consti·

181 3291 266 3354 ctitas
284 3291 409 3355 inveniri
430 3293 544 3374 nequit.
558 3294 594 3356 tto
615 3302 692 3371 esto,
709 3293 787 3377 qood
829 3295 969 3358 tuendam
985 3295 1069 3357 iuxta
1085 3295 1167 3358 dicta
1192 3293 1363 3376 requiritur
1384 3291 1441 3355 dil·

181 3375 259 3437 bona
273 3395 365 3456 opera
380 3377 471 3458 (quae
488 3375 638 3440 Lutbsrus
652 3378 789 3461 impossi·
829 3379 907 3442 lusio
920 3387 990 3441 ‘tum
1009 3379 1188 3456 successiva,
1207 3385 1273 3441 tum
1300 3377 1436 3451 actualis,

182 3458 253 3522 bilia
273 3459 444 3540 declaravit)
466 3461 496 3523 in
523 3479 626 3524 eorum
654 3462 789 3525 doctrina
829 3481 897 3526 cnm
917 3463 1075 3526 identitate
1096 3462 1252 3525 doctrinae
1266 3471 1296 3524 et
1309 3479 1441 3524 commu·

182 3560 240 3605 nou
256 3544 373 3624 penitus
392 3545 597 3622 excludantur,
619 3546 727 3610 desunt
745 3555 790 3608 ta·
830 3547 940 3612 nlorris.
959 3547 1136 3609 iiuiiatenus
1157 3565 1226 3625 ergo
1244 3545 1305 3607 dici
1325 3551 1440 3628 potest,

183 3645 248 3690 men
282 3627 313 3688 in
340 3629 446 3690 eedem
473 3629 651 3693 sufficientia
680 3631 790 3696 motiva
830 3651 935 3694 omncs
948 3631 1161 3707 protestantes,
1173 3630 1224 3712 qui
1240 3629 1443 3710 intersequo·

183 3719 211 3773 et
225 3710 431 3788 incitamenta,
452 3731 528 3793 quae
541 3714 576 3775 ad
590 3716 788 3798 superandam
830 3735 888 3798 que
900 3716 929 3777 in
941 3716 1033 3778 rnriis
1046 3713 1236 3794 dogmatibus
1250 3713 1442 3786 dissentiunt,

183 3796 341 3859 humanam
351 3795 497 3875 ignaviam
509 3799 712 3880 requiruntur.
725 3799 789 3861 lion
831 3817 922 3862 unam
948 3799 1112 3863 Ecclesiam
1142 3798 1353 3876 constituere,
1379 3815 1443 3859 cum

183 3881 574 3962 negamusquidemetinm
593 3885 673 3946 inter
689 3883 791 3946 Prote·
831 3884 931 3966 potius
951 3885 983 3946 in
1014 3885 1110 3947 vanas
1133 3890 1230 3946 sectas
1258 3883 1349 3946 scissi
1377 3883 1442 3945 sint.

183 3965 444 4046 stantesquosdam
455 3965 595 4028 virtutum
609 3976 692 4029 actus
705 3967 787 4049 poni:
831 3967 988 4040 Quaelibet
997 3975 1185 4030 auternsecta
1194 3967 1445 4048 seorsimsumpta

183 4047 328 4112 autetiam
346 4047 473 4112 Romani
483 4048 615 4113 Gentiles
635 4053 727 4114 molta
741 4052 791 4114 de·
831 4053 969 4132 angustis
983 4051 1130 4114 limitibus
1148 4050 1381 4133 circumscripta
1394 4061 1444 4114 est,

183 4130 436 4196 wuntcirtotnrn
447 4134 789 4216 moraliumspecimina,
831 4135 874 4198 ita
895 4137 922 4200 si
946 4135 1078 4218 excipias
1102 4145 1215 4218 partem
1243 4133 1443 4210 Germaniae,

184 4221 348 4277 utueteres
366 4216 500 4279 historici
516 4226 676 4295 testantur,
693 4237 790 4301 nequo
831 4219 971 4300 Danianr,
994 4229 1025 4283 at
1052 4218 1210 4302 Soeciam,
1234 4219 1286 4281 rix
1316 4219 1444 4286 iuvenies

184 4306 285 4372 umen
301 4301 565 4382 proptcreonancti
578 4319 654 4383 esse,
666 4313 721 4366 aut
731 4305 806 4367 dioi'
858 4327 895 4389 p)
911 4327 993 4376 min,
1006 4323 1049 4387 oo,
1064 4325 1105 4374 at.
1148 4316 1194 4358 rr*
1327 4311 1367 4394 ᾗ·
1399 4355 1413 4366 ,,
