2910 4732
448 168 523 214 rans
543 169 564 216 r.
589 166 690 214 sncrto
711 167 744 215 n.
767 165 861 214 carm
883 167 926 215 tn.
1230 151 1271 215 65

72 246 219 332 placuerit
236 246 325 310 alicui
348 245 596 327 Philosophorum
609 246 670 338 i¹)·
711 245 751 308 do
767 253 994 328 pertractarent,
1013 252 1043 308 et
1060 241 1311 310 contrahdversa-

73 331 671 413 -ltaqusPhilosophilumgraecisturu
712 329 775 406 rios
789 329 992 409 ostenderent.
1023 325 1215 410 Philosophia
1244 327 1311 394 lieo

72 416 187 478 romani
209 416 305 477 malta
328 414 448 496 quitiam
478 413 595 494 egregi-a
616 413 672 478 do·
712 433 771 476 ceu·
790 404 969 496 Pbeologiae
998 409 1108 476 iarnula
1139 413 1310 476 considera·
1339 477 1340 482 ,

72 509 213 575 socruum¹
229 499 332 560 nullus
351 509 447 560 tamen
464 499 533 576 luit,
552 497 604 580 qui
624 497 671 560 in·
713 497 812 574 batur,
837 506 867 578 et
887 491 970 558 haec'
984 491 1026 559 illi
1050 497 1136 575 longe
1160 499 1331 578 praeiere,

71 592 185 661 tegrutu
197 599 286 644 serae
299 582 586 662 roligionisspstcma
600 599 671 662 pro·
713 580 811 644 babor.
831 576 864 642 hl
881 575 1004 662 configit
1019 579 1178 676 praecipue
1196 582 1227 643 in
1245 601 1310 644 me-

70 669 170 740 terret,
182 667 356 729 santonenses
366 666 542 742 defectibus,
558 665 671 740 dubiis,
713 665 761 727 dio
789 684 879 741 aevo,
899 684 958 746 quo
991 661 1182 726 scientiarum
1212 665 1330 732 slutlla⁴

72 749 672 830 stercoribuslaborarunt.lpsiergosui·
713 749 773 812 iere
797 749 895 812 solum
919 768 938 810 a
963 742 1046 811 Cle're
1069 756 1132 809 tum
1150 747 1308 824 sae'culari,

72 833 393 912 heiemomltettglonls
404 833 610 896 nolitiamnen
621 833 673 896 ba·
714 841 774 895 tunt
791 831 953 914 praecipue
965 830 1097 911 regulari
1113 830 1224 911 suscipi
1235 835 1307 893 coti·

72 917 351 993 buerant,etarulto
361 918 458 980 minus
469 919 578 998 populo
591 918 670 981 illam
712 936 853 992 suencre,
872 915 1013 997 quoniam
1042 909 1140 977 Laicis
1168 915 1215 978 rel
1241 915 1331 994 i'ugo'

74 1003 184 1064 tradere
198 1011 385 1083 potuerunt·
398 1002 670 1083 propterdeiectunr
712 999 862 1062 servitulis
881 997 1041 1080 oppressis,
1057 999 1102 1061 nel
1118 995 1188 1062 belli
1201 997 1308 1061 tumul·

75 1087 208 1162 amictis,
226 1086 297 1166 quia
312 1087 393 1148 inter
408 1105 439 1148 sa
454 1085 672 1148 consentientes
711 1083 792 1145 tibus
806 1083 957 1165 impeditis
976 1091 1037 1146 lunt
1055 1091 1184 1164 tempus,
1201 1093 1262 1145 lum
1276 1083 1308 1146 li
1333 1087 1339 1092 '

74 1171 273 1244 noniuerutal;
284 1169 561 1250 propterdelectum
572 1177 672 1234 aucto·
712 1166 831 1230 brorum
843 1176 1013 1250 apparatus,
1023 1176 1086 1230 tum
1100 1165 1234 1230 voluntas
1247 1175 1308 1230 stu·

73 1253 671 1334 titatia,quiaseabomnierroreimmu-
711 1251 769 1314 ulls
793 1251 913 1314 vacandi
933 1247 1036 1313 deluit.
1057 1247 1182 1313 Reddita
1209 1256 1307 1313 autern
1332 1298 1336 1322 ,

73 1338 287 1401 nesostundet·c
301 1346 331 1399 el
341 1336 442 1418 populi
453 1355 605 1400 assensum
615 1337 671 1398 ab·
712 1335 824 1397 maiore
842 1336 906 1396 orbi
925 1335 1045 1416 quiete,
1066 1345 1096 1396 et
1114 1335 1233 1398 inuenta
1250 1333 1306 1416 Ty-

71 1421 673 1504 solutumonigercnonpotuerunt,clpro-
711 1419 891 1500 pograpbiae
909 1428 988 1496 arte,
1008 1421 1097 1481 eliam
1120 1417 1217 1481 Laicis
1233 1437 1308 1480 con·

71 1513 133 1584 pter
150 1505 301 1566 &iectura
320 1504 492 1582 ecbatanis,
511 1503 582 1586 quia
599 1524 670 1585 pro·
711 1522 826 1566 cessum
847 1512 911 1580 est,
935 1512 968 1564 ut
993 1503 1183 1566 scientiarum
1203 1503 1308 1566 studiis

70 1589 131 1668 pria
143 1589 322 1650 auctoritate
335 1589 379 1652 uel
391 1587 536 1670 praemia,
545 1589 590 1651 nel
603 1607 674 1670 poe·
711 1583 896 1651 incutnhanl.
913 1583 976 1648 Mox
996 1596 1094 1648 autent
1114 1587 1214 1732 oiim
1229 1587 1308 1650 inva-

71 1691 120 1732 uas
130 1682 361 1753 praeceptoris
371 1671 672 1735 suorumobservato·
711 1670 822 1732 lescero
850 1669 971 1752 coepit,
991 1667 1129 1751 Philosop
1153 1671 1211 1732 iam
1244 1672 1308 1733 sine

70 1755 165 1832 ribus,
182 1756 231 1817 val
244 1755 512 1834 transgressoribus
525 1773 673 1838 propone·
710 1753 871 1832 'Pbeologia
886 1755 1136 1836 pertractandam,
1151 1762 1180 1817 et
1198 1755 1306 1817 verita·

71 1858 101 1900 re
123 1859 185 1901 nun
203 1840 361 1902 vmuerunt
374 1839 435 1920 (P).
450 1873 492 1886 -··
504 1839 563 1920 ipsi
581 1841 672 1902 etiarn
711 1847 755 1900 tes
775 1837 937 1922 Religionis
957 1839 1022 1900 sine
1040 1847 1175 1920 respectu
1199 1837 1306 1901 ad'Re·

71 1921 246 2003 Philosophi
282 1923 397 2003 antiqui
431 1923 670 1986 insufficientiam
710 1917 1305 2000 volationemtlivinaminvestigandascs·

71 2023 155 2068 suam
174 2006 212 2068 ad
230 2006 404 2084 religionem
422 2007 478 2068 rite
499 2027 671 2088 proponcn·
710 2025 753 2068 se.
774 2006 826 2068 Ast
851 2006 880 2067 in
901 2006 1058 2067 temerario
1079 2006 1134 2068 isto
1149 2006 1305 2068 conamine

74 2089 138 2150 dam
157 2089 230 2152 sassi
248 2098 329 2152 sunt.
350 2088 486 2153 Socrates
508 2091 544 2153 de
562 2109 594 2152 se
612 2092 670 2154 ho·
709 2091 818 2152 iactum
838 2099 902 2166 est,
924 2097 956 2151 ul
984 2086 1154 2170 Philosophi
1181 2087 1304 2152 Revela-

73 2173 277 2236 norihcentius
289 2193 348 2236 nen
361 2174 525 2251 iudicabat,
534 2175 590 2237 nisi
601 2177 670 2256 quia
710 2173 799 2236 lionis
817 2175 911 2236 lacem
930 2172 1112 2249 deserentes,
1133 2193 1166 2234 ac
1181 2173 1236 2236 soli
1256 2195 1304 2236 ra-

73 2256 136 2318 aliis
150 2257 272 2332 melius,
286 2277 318 2319 se
334 2258 408 2320 nihil
422 2258 670 2337 scirecognoscc-
710 2257 799 2320 lionis
814 2277 886 2321 suae
903 2257 1009 2318 lumini
1029 2257 1152 2320 fidentes
1171 2276 1229 2319 non
1246 2259 1304 2320 iam

72 2338 127 2401 bat.
143 2339 232 2402 Plato
248 2341 279 2403 in
305 2341 485 2422 Epinomitio
506 2343 558 2418 ait,
576 2343 671 2406 nurni-
708 2339 870 2422 Religionis
884 2339 1026 2404 naturalis
1042 2341 1179 2403 veritates
1197 2339 1304 2404 clarius

72 2441 135 2484 nem
152 2443 241 2504 posse
260 2425 432 2487 bominibus
452 2435 509 2488 lant
525 2435 670 2507 exoptan-
708 2425 894 2501 invenirent,
915 2435 965 2487 aut
984 2424 1089 2487 melius
1109 2425 1303 2503 illustrarent,

71 2506 134 2568 dam
153 2509 298 2589 pietatem
317 2509 438 2586 docere,
451 2510 507 2571 nisi
523 2509 600 2572 Deus
614 2509 669 2592 ipsi
708 2509 758 2571 secl
779 2510 877 2591 potius
899 2508 965 2570 illas
987 2509 1188 2586 obfuscarent,
1206 2511 1303 2572 othni-

72 2589 201 2667 illuceat,
221 2591 382 2673 ipsumque
394 2593 514 2672 dirigal3
527 2595 612 2675 et(3)
624 2612 671 2656 ar·
708 2612 809 2654 corum
835 2591 1082 2673 Philosophorum
1111 2612 1227 2655 emores
1249 2595 1303 2656 sub

71 2672 147 2736 denti
166 2675 270 2738 anitno
293 2686 427 2757 exoptat,
452 2684 481 2740 et
503 2686 578 2753 orat,
603 2686 669 2740 ule
708 2677 766 2738 alia
786 2678 882 2739 iorma
901 2677 930 2738 in
951 2678 1047 2756 lucem
1067 2678 1248 2758 proferrent,
1276 2693 1304 2738 et

71 2759 150 2819 coelo
166 2759 310 2820 divinitas
328 2759 457 2841 aliquem
477 2761 586 2838 mittat,
609 2781 670 2843 quo
708 2761 863 2842 antiquum
888 2761 1151 2836 materialismam,
1174 2758 1302 2840 sceptici·

74 2840 200 2904 hominis
217 2843 377 2920 caligines,
398 2852 428 2906 et
446 2845 586 2908 tenebrae
604 2846 668 2908 dis-
706 2863 822 2919 antem,
839 2842 1056 2924 pontheismnm
1078 2855 1107 2905 et
1131 2843 1303 2914 nthcismum

75 2925 671 3009 apertur.-Legtstatorosquoquove·
707 2939 927 3007 regenerarent.
961 2925 1228 3003 Materialismnm,
1255 2931 1319 3010 cui¹

75 3009 224 3072 ’ustissiuti
252 3012 314 3072 iere
337 3031 442 3073 ornnes
461 3015 665 3075 necessitatem
707 3032 808 3074 ansam
831 3011 966 3094 praebuit
996 3013 1109 3074 theoria
1135 3009 1177 3073 lo.
1199 3009 1304 3088 Lolli,

76 3093 381 3156 auctoritatis‘divinae
393 3101 586 3172 agnoverunt:
601 3097 667 3160 ideo
707 3097 758 3176 qui
773 3115 876 3158 ornnes
891 3097 972 3157 ideas
988 3115 1003 3156 n
1019 3095 1155 3156 sensibus
1170 3097 1302 3176 repetiit,

76 3172 159 3239 hirtos
174 3197 192 3238 a
210 3176 452 3258 inumbretergus
465 3180 503 3241 ab
518 3180 664 3259 Apolline,
706 3180 737 3240 in
757 3189 816 3242 lota
833 3199 887 3242 sun
905 3179 1082 3241 enormitate
1100 3180 1214 3242 excoxit
1238 3179 1301 3242 hu·

74 3256 668 3346 Zaleucusallinervn,llumaaNympha
706 3272 771 3325 otor
788 3264 871 3344 impii
888 3263 974 3324 libri:
993 3259 1028 3325 dc
1044 3269 1196 3342 sgstcnrnte
1213 3273 1301 3328 tratac-

75 3340 174 3419 Egeria
192 3363 224 3407 se
245 3345 405 3426 inspiratos
420 3345 592 3409 lectitabant
605 3349 665 3429 (l).
705 3365 768 3422 rac,
788 3366 876 3427 quern
893 3346 1027 3408 nonnulli
1041 3347 1133 3408 seculi
1147 3355 1226 3424 sunt,
1239 3349 1302 3430 spi-

55 3433 58 3443 ’
74 3426 147 3506 —b)
162 3427 235 3490 Post
248 3431 464 3510 promulgatum
476 3430 665 3509 Evangelium
706 3432 909 3508 ritualitotenn,
925 3439 953 3491 et
967 3427 1218 3494 irttmcrtnlitalcnt
1235 3432 1302 3493 ani·

75 3507 98 3570 in
113 3512 356 3591 primissaeculis
371 3514 542 3590 Gltristinni,
554 3515 667 3578 doctri*
706 3524 939 3600 mnenegnntes,
964 3513 1211 3594 Pyrrhonicornm
1232 3515 1300 3578 Sce-

76 3612 107 3654 na
124 3597 327 3673 excellentes,
346 3597 555 3679 Philosophiae
581 3600 666 3661 insu-
702 3599 871 3678 plicismunt
889 3605 1068 3659 renovarunt
1081 3599 1155 3660 Duo.
1177 3599 1302 3662 licentias

76 3675 186 3754 darunt,
207 3699 267 3741 non
291 3692 323 3742 ut
340 3682 477 3744 veritates
492 3681 665 3761 Religionis,
706 3701 740 3742 ac
757 3683 892 3761 Rapitur.
914 3681 1096 3744 Partlheismi
1122 3692 1302 3744 restaurator

75 3759 125 3852 iam
151 3765 226 3826 satis
244 3766 405 3845 patefactas
428 3784 481 3846 por
503 3765 665 3844 Christum,
704 3767 779 3828 Bere.
799 3768 930 3847 Spinoan
947 3766 1057 3843 luit3'et
1069 3774 1135 3846 post
1147 3765 1302 3826 irrisiones

75 3847 247 3923 invenirent,
266 3857 317 3910 aut
328 3850 535 3926 tliiutlicarent,
553 3851 604 3912 sed
619 3871 666 3912 sn·
704 3849 845 3929 satpricns
861 3850 996 3914 Voltnirii
1007 3859 1035 3912 et
1049 3849 1242 3912 haessonum?
1253 3867 1300 3908 nn-

76 3925 128 3990 lum
145 3942 179 3992 ut
197 3931 264 3994 illas
277 3932 469 4011 illustrarent,
481 3934 581 3996 debito
598 3953 665 3997 tuo·
705 3933 869 3996 villationes
882 3934 1000 4016 plurimi
1015 3934 1043 3993 in
1058 3933 1235 3994 horrendum
1252 3930 1300 3990 in-

99 4051 126 4108 u,
142 4053 166 4100 ,ὴ
180 4051 202 4102 2,
216 4053 289 4100 dm
427 4078 430 4089 ,
705 4019 904 4093 crctlulitaliS,
929 4017 1127 4095 irreligionis,
1147 4015 1191 4075 val
1210 4013 1300 4075 etiarm

102 4112 131 4184 lgr
147 4113 245 4160 t‘errono
261 4118 278 4162 t.
294 4113 310 4159 t.
326 4125 346 4160 a
361 4114 387 4160 tt.
402 4128 469 4178 prop.
484 4105 511 4166 lt.
704 4101 841 4170 ntlteisrni
869 4101 1040 4162 barathrum
1067 4097 1195 4178 prolapsi
1218 4108 1299 4160 suut.

102 4171 130 4227 (ὓ)
145 4172 201 4218 ⁰⁵³¹·
216 4185 260 4218 ¹²⁰¹
277 4173 349 4218 Μ’·
427 4209 434 4224 ·
703 4183 752 4248 Sic
771 4185 834 4262 illi,
858 4185 931 4264 qui,
950 4179 1138 4245 Revelntione
1165 4191 1303 4244 conlem-

101 4229 130 4272 tlt
142 4230 166 4277 l'.
180 4232 304 4290 Slollberg.
319 4231 401 4279 Geselt.
415 4234 438 4280 tl.
458 4231 483 4280 tl.
499 4232 515 4280 l.
532 4231 584 4282 Cha
599 4233 625 4280 ΙΙ.
640 4232 667 4280 Β,
689 4249 691 4284 l
998 4267 1003 4277 .

81 4278 149 4334 tuen
571 4347 573 4354 Ι
607 4301 609 4305 ·
705 4277 749 4349 ta,
775 4287 806 4330 se
835 4270 926 4358 solunt
952 4275 1094 4328 rationem
1119 4263 1225 4328 ducem
1250 4285 1304 4354 se·¹

1201 4475 1216 4521 h
