2934 4736
430 159 503 205 nans
521 159 553 204 u.
574 158 674 204 suerro
692 159 724 207 u.
744 159 837 204 carun
855 158 897 205 tv.
1181 140 1242 204 279

60 237 639 315 bt:Proomnidosmorteosestdltristes,
680 237 923 304 Hierorclticeea
938 235 1052 301 Christo
1064 243 1206 300 statutum
1223 253 1282 298 non

59 333 87 386 nt
99 323 144 403 pri
157 325 269 400 rident,
294 324 354 388 inm
374 341 435 386 oon
451 323 510 387 cidi
527 322 640 398 oioom,
681 323 776 384 solum
792 321 920 384 revereri
933 321 1114 402 etrecipore,
1130 319 1282 384 sedetiam

60 409 140 484 cedei,
158 408 208 488 pai
222 427 281 488 pro
299 409 368 488 ipsas
381 415 516 470 mortecto
527 414 568 468 est
581 405 639 486 (l).
682 403 713 466 in
729 403 866 466 sensibus
885 413 914 468 et
928 404 1043 467 actibus
1056 405 1117 468 suis
1133 403 1217 486 sequi
1227 403 1283 466 ob-

59 489 85 552 si
107 500 197 554 autem
218 491 300 555 Deus
321 509 425 554 omnes
447 489 583 552 homines
605 507 642 551 o·
682 487 821 574 ligantur.
849 487 897 552 Sic
918 489 1021 568 religio
1040 488 1201 552 christiana
1229 489 1284 549 de·

59 574 154 638 mnium
174 576 309 638 locorum
329 584 359 638 et
382 583 549 656 temporum
579 574 642 634 vult
683 573 790 650 stinata
809 581 864 650 est,
881 581 915 635 ut
926 573 977 636 liat
992 571 1095 650 religio
1107 573 1285 636 aniversalis

57 658 136 721 salvos
158 659 233 738 fieri,
256 659 327 724 etsi
350 658 483 724 Christus
505 657 537 720 in
561 655 642 719 bunc
684 655 799 734 mundi,
829 656 952 738 ipsaque
970 656 1123 718 coustituit
1140 649 1213 717 illud
1238 673 1284 718 re-

57 742 131 804 tinen
147 762 199 827 pro
220 744 361 806 omnibus
379 751 512 805 mortuus
530 747 587 817 est,
606 760 642 801 o·
681 758 775 821 geom
795 741 930 804 divitium
957 739 1135 818 morale,‚in
1158 758 1217 822 qno
1238 739 1283 800 via
1341 795 1347 807 ,

57 826 142 888 mnino
159 847 283 892 necesse
302 837 357 904 est,
376 834 410 890 ut
430 823 544 904 Religio
562 823 642 886 cbri-
682 823 786 888 salutis
805 833 896 905 patet.

56 909 136 972 stiaua
146 930 265 994 semper
283 912 314 974 iu
329 931 383 974 sua
393 910 561 988 integritate
572 925 642 989 per·
723 909 801 972 Noto
817 910 846 970 l.
866 905 1006 970 Nonnulli
1022 914 1231 989 argumentum
1249 907 1284 970 ub

56 993 136 1070 sistat,
148 1004 175 1057 et
190 1016 346 1080 nunquam
360 995 489 1070 deficiat,
509 993 578 1074 quia
589 1011 644 1074 per
682 992 866 1072 experientia
877 992 1003 1054 maxime
1015 992 1168 1054 extollunt.
1179 989 1285 1053 Putant

56 1074 306 1159 bancReligionem
319 1076 643 1166 tantumhominessal-
683 1075 775 1153 enim,
796 1075 946 1140 hominem
962 1076 996 1138 ad
1015 1077 1129 1136 lirmam
1148 1075 1185 1138 de
1203 1073 1285 1138 Reli-

57 1159 80 1219 vi
99 1163 153 1224 lieri
174 1174 314 1245 possunt3
341 1181 434 1244 neque
459 1161 539 1224 enim
560 1161 644 1224 aliod
682 1159 783 1239 gione,
796 1160 936 1222 divinitus
949 1160 1105 1242 patefacta,
1118 1159 1285 1240 persuasio·

56 1245 641 1323 nomenestmtbcoelodotomloominibos,
683 1263 750 1308 nem
771 1245 853 1306 nullo
871 1245 930 1306 alio
949 1244 1056 1326 aptiori
1075 1244 1161 1306 modo
1180 1262 1286 1324 perve·
1389 1299 1393 1310 .

59 1326 86 1387 ie
101 1346 151 1410 pcto
164 1340 298 1415 oporteat
314 1351 367 1396 mos
380 1332 474 1396 soldos
495 1330 563 1414 fieri
581 1329 640 1412 (2).
684 1328 748 1390 nire
777 1345 875 1409 posse,
899 1347 988 1410 quam
1015 1327 1040 1390 si
1059 1327 1139 1388 illius
1156 1326 1287 1390 salubria

684 1411 863 1474 documenta
881 1419 1019 1474 accurate
1032 1412 1178 1488 observet,
1191 1422 1220 1474 et
1234 1430 1287 1508 per

282 1515 312 1587 ς,
335 1521 408 1570 152,
684 1496 761 1558 hane
773 1495 988 1567 observantiam
1002 1495 1287 1576 semeliorem,per·

684 1578 1288 1662 tectiorem,magisquebeatumlierisen·
1315 1584 1324 1600 ⁴

225 1630 352 1678 ⁶⁰³⁰¹⁰⁸¹⁰
369 1629 458 1688 “pm
684 1664 748 1726 tiat.
769 1661 831 1726 Hoc
848 1665 957 1745 posito,
989 1664 1084 1740 aiunt,
1104 1663 1172 1726 aliis
1196 1681 1287 1741 argu·

89 1739 126 1803 Ex
141 1741 287 1809 hactenus
305 1746 390 1810 dictis
402 1743 583 1816 soleclarins
595 1765 645 1828 ap·
684 1748 793 1810 mentis
810 1767 869 1809 non
889 1747 1001 1826 indiget
1015 1747 1049 1808 ad
1062 1747 1215 1810 veritatem
1230 1744 1288 1810 Re·

58 1835 137 1901 paret,
156 1828 354 1910 inReligione
366 1829 527 1892 christiana
541 1830 644 1892 obara-
682 1832 838 1896 velationis
855 1832 950 1894 sactae
969 1831 1163 1913 probandam.
1182 1829 1286 1893 -Sed

59 1914 136 1972 cteres
152 1911 270 1977 divinae
298 1915 487 1978 revelationis
504 1923 566 1976 turn
593 1915 643 1975 in·
684 1913 1285 1998 animadvertendumest,quodassiduum

58 1995 153 2071 toruos,
181 2005 246 2059 tum
273 2009 409 2061 externos
435 1998 585 2076 inveniri,
609 2017 644 2060 ex
683 1999 846 2080 Religionis
864 1999 1049 2077 exercitium,
1076 2000 1144 2062 licet
1162 2017 1287 2080 persua·

59 2089 105 2170 tto
125 2083 363 2173 concludendum
382 2090 438 2160 est,
459 2083 552 2162 ipsam
575 2099 644 2144 vere
684 2085 799 2148 sionem
818 2086 854 2148 de
872 2085 938 2148 eius
954 2084 1077 2147 veritate
1092 2083 1216 2145 mirifice
1234 2084 1287 2144 fir·

59 2155 179 2226 dvvmvtus
188 2168 348 2230 revelatam
356 2185 432 2230 esse.
444 2165 477 2229 ld
487 2183 644 2246 argumen-
684 2178 757 2247 met,
772 2170 867 2232 solum
887 2177 985 2232 tamen
1004 2187 1063 2230 non
1082 2168 1219 2243 sufficiat,
1234 2167 1286 2230 sed

60 2246 83 2300 ta
96 2249 147 2306 tam
160 2249 253 2328 clara,
273 2259 301 2314 et
317 2259 377 2314 tam
393 2251 487 2314 solida
505 2249 643 2331 probant,
685 2253 744 2316 alia
770 2262 944 2332 argumenta
972 2260 1130 2334 supponat.
1156 2249 1286 2314 —Nam

61 2331 86 2383 ul
104 2327 155 2423 nisi
172 2335 239 2415 quis
267 2335 458 2416 praeiudiciis
479 2342 595 2415 captus,
616 2342 645 2395 et
685 2355 752 2399 cum
781 2336 934 2416 religionis
959 2339 1106 2399 revelatae
1131 2345 1288 2417 praecepta

60 2416 228 2484 passionibus
248 2421 425 2481 obcaecatus
440 2419 490 2495 sit,
511 2419 571 2481 illis
588 2418 645 2480 rite
684 2421 827 2502 suiipsius
839 2430 989 2502 strenuam
1002 2420 1227 2498 abnegationem
1236 2439 1286 2481 re·

61 2500 193 2588 perpensis
206 2503 244 2566 de
254 2502 590 2584 religioniscbristianae
600 2502 645 2564 di·
685 2505 817 2588 quirent,
838 2504 907 2567 huic
926 2504 1063 2566 homines
1079 2523 1133 2585 pro
1152 2513 1222 2565 nota
1236 2523 1288 2565 na·

60 2587 160 2645 nudate
175 2586 314 2650 dubitare
332 2606 391 2650 non
412 2587 515 2669 possit.
534 2584 645 2658 Quodsi
685 2599 768 2652 turae
783 2608 854 2651 suae
872 2587 1043 2653 infirmitate
1068 2599 1097 2650 et
1118 2587 1287 2668 corruptio-

62 2655 93 2718 de
108 2661 153 2758 hac
166 2679 294 2747 constat,
307 2672 372 2734 lluit
384 2671 491 2733 exinde
509 2671 642 2733 omnium
685 2692 723 2735 ne
749 2693 781 2736 se
806 2692 866 2734 non
885 2672 1061 2748 subiicient,
1085 2670 1142 2732 nisi
1167 2670 1288 2732 aliunde

61 2735 193 2838 i{trunam
213 2755 402 2818 strictissima
417 2755 568 2834 obligatio,
583 2754 644 2816 Re·
684 2756 744 2818 iam
760 2756 796 2818 de
808 2757 931 2818 veritate
942 2753 1118 2834 Religionis,
1133 2761 1162 2816 et
1177 2754 1213 2816 de
1225 2773 1288 2814 mo·

62 2820 180 2914 illimem
198 2840 391 2901 christianam
410 2839 603 2921 suscipiendi,
616 2846 645 2900 et
685 2841 812 2902 tivorum
830 2838 867 2902 ab
887 2839 941 2900 hac
959 2839 1176 2921 propositorum
1196 2837 1288 2898 reali·

62 2917 126 3000 litia
141 2923 327 2985 sanctissima
349 2923 444 3005 ipsius
468 2923 645 2985 documenta
685 2932 744 2987 tate
755 2922 826 2986 certi
836 2923 1070 3004 existant,atque
1081 2921 1147 2983 ideo
1156 2920 1191 2982 ad
1202 2939 1289 3001 prae-

61 3001 132 3058 utam
145 3001 331 3070 instituendi.
348 3007 420 3070 Cum
437 3007 516 3068 enim
529 3004 644 3086 Religio
685 3010 774 3070 latam
795 3007 1006 3090 experientiam
1029 3005 1094 3067 sine
1113 3004 1179 3066 aliis
1197 3023 1288 3084 argu-

63 3082 180 3150 omnibus
208 3091 383 3153 bominibus
401 3090 567 3154 necessaria
592 3089 642 3172 (ἕ.
686 3092 795 3166 mentis
816 3111 876 3154 non
902 3091 1081 3173 pertingent.
1107 3087 1286 3166 Praeterea,

62 3155 116 3242 ii),
133 3175 274 3236 naturalis
292 3184 390 3238 autem
411 3173 593 3238 insufficiens
608 3177 646 3237 sit
686 3177 821 3259 quamvis
836 3175 971 3238 homines
990 3182 1146 3255 praecepta
1159 3170 1288 3250 Religio·

63 3240 95 3320 ii·
117 3249 152 3314 55
169 3257 256 3340 ete),
281 3257 349 3321 ideo
368 3277 487 3335 omnes,
506 3265 540 3320 ut
556 3259 644 3321 linem
686 3262 733 3324 nis
752 3268 888 3322 accurate
900 3257 1068 3334 observent,
1082 3265 1111 3318 et
1126 3256 1211 3318 sicse
1223 3275 1290 3338 per·

64 3341 132 3428 suum
143 3351 350 3425 assequantur,
362 3342 536 3421 religionem
552 3352 648 3404 extra·
686 3345 824 3408 lectiores
842 3351 873 3405 et
890 3343 1037 3404 feliciores
1060 3340 1124 3404 steri
1144 3340 1288 3418 sentiant,
1334 3378 1338 3386 ·

64 3413 193 3488 ordinario
208 3427 297 3489 modo
310 3426 398 3488 alteo
410 3427 567 3488 revelatam
584 3445 648 3488 am·
685 3428 814 3492 uoniam
831 3427 899 3494 ideo
915 3426 951 3490 ad
967 3425 1220 3506 supernaturalem
1235 3425 1290 3488 Ilei

64 3494 345 3574 plantasmatum
358 3509 415 3572 bac
432 3510 547 3573 ratione
559 3509 646 3574 (ibri-
685 3512 896 3576 revelationem
928 3509 1106 3573 concludere
1141 3518 1297 3591 possuntt⁴

63 3586 112 3646 ⁸¹⁰⁸
135 3588 289 3673 Apostolos
317 3593 355 3658 ad
380 3594 529 3657 docendas
547 3611 647 3658 menes
686 3597 757 3678 quia
775 3595 863 3660 etiam
889 3595 964 3657 ratio
992 3592 1123 3675 practico
1148 3593 1290 3656 salutaria

65 3673 143 3764 deliro
153 3677 231 3740 misit
244 3678 304 3761 (3),
318 3678 418 3741 addita
434 3679 565 3759 generali
577 3697 644 3741 sen·
686 3683 865 3743 documenta
886 3677 1021 3760 praebet,
1040 3696 1167 3760 quorum
1184 3677 1290 3740 obser-

65 3749 148 3850 leutva:
167 3761 224 3838 Qui
237 3761 409 3841 crediderit,
428 3771 455 3826 et
481 3764 647 3846 baptizetur
685 3765 764 3827 vatio
784 3771 923 3826 accurata
941 3762 1093 3824 bominem
1112 3761 1205 3840 magis
1220 3778 1290 3842 per-

66 3828 149 3925 imi,
167 3848 266 3910 coloes
283 3848 355 3922 erit;
368 3847 498 3928 quiere
509 3865 569 3910 non
586 3865 647 3912 ore-
686 3849 809 3925 sectum,
830 3847 984 3929 magisque
998 3846 1192 3928 tranquillum
1206 3853 1236 3906 et
1248 3844 1291 3906 le-

67 3910 162 4006 torar,
187 3933 432 3996 condemnabitur
450 3931 509 4014 (d).
538 3929 659 4018 Omnes¹
686 3935 773 3996 licem
793 3931 900 3996 reddit.
931 3931 974 3994 Ad
1001 3928 1191 3993 obtinendam
1221 3945 1290 4006 ergo
1375 3975 1377 3980 .

68 4012 120 4077 “8⁰
130 4007 273 4094 homines,
283 4025 317 4079 ut
328 4017 453 4079 salutem
463 4034 647 4096 consequan-
687 4019 803 4080 firmam
823 4016 859 4078 do
884 4016 961 4080 iacta
986 4013 1086 4076 divina
1110 4010 1291 4074 revelatione

69 4084 277 4183 ‘ltsvnootom
299 4119 316 4164 a
340 4099 456 4164 Christo
482 4099 645 4176 traditum,
688 4100 894 4164 certitudinem
911 4099 977 4161 aliis
994 4114 1112 4177 semper
1130 4112 1292 4174 argumen-

67 4169 168 4244 rodvtom
190 4203 207 4246 a
230 4185 344 4249 Christo
370 4181 598 4268 praescriptum,
619 4192 649 4248 et
689 4186 727 4247 tis
739 4204 813 4266 opus
827 4192 883 4246 est.
897 4179 1100 4245 -Caeterum
1116 4179 1217 4258 negari
1232 4197 1292 4240 nou

91 4273 286 4356 tornense.
414 4289 589 4352 repletum.
720 4290 946 4350 (almendram.
1051 4284 1265 4346 cinnamomo.
