2910 4732
437 242 521 290 rins.
540 243 561 289 r.
581 241 719 289 scurror.
739 239 840 288 cnrnr
858 239 900 287 rr.
1207 215 1248 280 25

41 333 101 380 cam
109 313 163 381 Dei
181 321 409 400 perfectionem,
425 332 455 386 et
473 323 642 408 felicitatem
681 321 822 396 absoluti,
841 321 922 383 iuxta
937 335 1027 400 quam
1041 313 1168 400 proinde
1187 315 1287 377 facul·

40 419 133 480 neque
145 421 201 482 per
215 416 339 490 peccata
353 416 454 470 nostra
472 407 645 484 minui„aut
681 415 726 469 tas
744 404 902 487 appetendi
925 400 1013 482 dirigi
1038 403 1137 464 debet.
1162 400 1289 464 ranan

40 483 162 562 turbari,
183 505 282 568 neque
301 483 355 570 per
377 492 489 553 cultum
507 501 642 554 nostrum
680 489 756 554 ratio
775 489 926 552 hominem
943 486 1027 548 iubet
1044 484 1167 548 tendere
1186 485 1221 547 ad
1233 501 1302 547 re·-

38 568 148 646 augeri.
169 569 207 631 At
226 573 334 634 falsum
365 593 485 654 prorsus
504 583 572 651 est,
586 575 641 636 ho·
682 592 757 650 ram,
774 583 803 636 et
817 571 979 654 perfectam
999 569 1181 646 felicitatem,
1196 587 1289 651 quam

38 651 160 727 minem,
181 653 320 718 fibertate
336 658 490 735 donatum,
506 677 566 720 non
579 677 643 738 pos-
682 677 749 719 cum
770 677 829 720 non
848 655 979 718 inveniat
996 671 1094 734 neque
1111 652 1143 714 iu
1161 671 1212 729 se,
1235 673 1287 716 ne·

38 753 66 796 se
84 735 280 801 facultatibus
300 741 362 802 suis
383 743 474 804 relate
494 742 528 803 ad
548 742 641 804 Deum
682 761 740 823 que
758 742 789 802 in
808 739 874 802 aliis
892 737 1049 812 creaturis,
1067 736 1151 797 iubet
1164 737 1291 798 tendere

39 827 87 879 ant
101 821 192 898 male,
213 831 356 887 autreete
369 825 424 901 uti3
442 835 530 906 atque
544 825 575 886 in
587 826 642 888 lloc
682 825 719 887 ad
735 845 788 888 ens
807 823 971 886 increatum
990 839 1045 882 ceu
1063 837 1213 882 summum
1229 821 1285 884 bo·

39 920 126 964 sensu
147 904 229 967 Dens
249 925 266 967 a
284 909 372 970 nobis
390 907 575 985 refellendi,
597 909 642 971 vel
683 927 765 971 uum.
787 905 895 970 Omnes
914 925 983 985 ergo
1002 904 1134 966 from-inis
1157 903 1285 966 faculta-

40 986 448 1072 colipotest(l).lleligionis
460 993 645 1074 possibilita-
683 1002 738 1066 tes,
760 992 874 1053 ratione
896 991 1038 1064 dictante,
1058 989 1096 1050 ad
1123 987 1216 1050 [terrm
1234 1005 1285 1050 re·

42 1079 100 1129 tem
116 1089 226 1150 negare
241 1093 301 1136 non
311 1085 446 1156 possunt,
461 1076 518 1137 nisi
536 1077 586 1158 qui
599 1077 646 1138 rel
683 1076 752 1138 ferri
772 1075 905 1150 debent„
922 1083 951 1136 et
973 1075 1016 1136 sic
1034 1071 1147 1151 Religio
1169 1073 1285 1134 homini

43 1153 137 1232 ipsum
161 1155 258 1218 ileum
281 1161 464 1238 negauerat
491 1161 644 1222 hominem
684 1161 923 1222 necessaria-est.

44 1235 82 1296 ad
113 1241 316 1304 conditionem
353 1244 509 1306 brutorum
542 1243 644 1328 depri-
725 1244 755 1305 ΞΛ.
784 1259 821 1306 ec
846 1243 1081 1305 consideratione
1108 1239 1163 1303 liei
1177 1275 1193 1287 -
1208 1241 1292 1304 onti'c

44 1330 127 1382 munt
144 1322 206 1404 (Ξ).
681 1327 895 1410 perfectissimi.
924 1325 1010 1388 Ratio
1037 1343 1109 1386 sana
1128 1325 1284 1406 praecipit,

294 1452 324 1524 ς.
344 1461 387 1508 44
685 1420 716 1473 ut
734 1410 960 1493 quodlibetens
977 1409 1141 1472 seeundum
1159 1407 1289 1488 dignita-

389 1488 398 1524 *
684 1503 744 1558 leur
762 1503 885 1557 naturae
901 1501 931 1556 et
943 1493 1146 1570 aestimemus,
1163 1503 1193 1554 et
1204 1511 1286 1556 ame·

178 1552 203 1602 ⁸·
218 1555 307 1613 ’Μ
320 1560 357 1604 ⁸*
369 1560 508 1606 ”ma
686 1599 762 1640 mue.
788 1577 867 1640 Deua
887 1588 986 1640 autem
1005 1588 1049 1638 est
1067 1595 1122 1638 eus
1140 1577 1283 1658 primum,

81 1659 199 1740 Religio
223 1665 391 1728 necessaria
408 1665 517 1729 dicitur
533 1700 572 1714 -
586 1685 644 1729 non
684 1663 872 1738 absolutum,
893 1660 1157 1741 perfectissimum,
1181 1661 1287 1724 innui·-

44 1744 104 1806 iam
116 1746 191 1824 Deo,
206 1748 258 1828 qui
272 1749 382 1811 nullius
400 1752 443 1812 rei
462 1750 599 1832 indigens
614 1751 644 1815 in
685 1756 760 1809 tum:
779 1763 849 1824 ergo
867 1763 958 1826 supra
976 1745 1076 1806 omnia
1103 1745 1162 1808 alia
1191 1747 1286 1822 entia,

44 1849 75 1890 se
88 1829 280 1893 felicissimus
299 1842 396 1894 est-
409 1853 506 1916 neque
530 1835 645 1896 homini
685 1840 714 1892 et
732 1839 853 1911 propter
870 1829 1061 1909 semetipsum
1080 1828 1244 1903 aestimari,
1257 1841 1286 1893 et

45 1932 78 1974 eo
96 1914 127 1974 in
146 1932 249 1990 sensu,
269 1934 303 1976 ac
322 1915 347 1978 si
366 1917 456 1979 lromo
475 1917 645 1997 pathologi-
683 1914 779 1976 amari
798 1922 938 1974 meretur.
960 1910 1081 1974 Summa
1100 1931 1169 1974 rere
1194 1914 1286 1976 nesti-

45 2015 78 2058 ce
100 1997 136 2058 ad
159 1995 345 2076 Religionem
370 2002 575 2076 necessitatur,
594 2001 645 2063 sed
686 1998 778 2059 matio
808 1998 982 2059 facultatem
1007 1995 1238 2073 cognoscendi,
1257 2007 1286 2060 et

44 2099 149 2141 sensus
168 2082 378 2162 propositionis
395 2095 462 2160 est,
493 2085 646 2148 hominem
685 2099 914 2146 summusamur
925 2081 1095 2142 facultatem
1111 2081 1284 2162 appetendi,

46 2161 82 2224 ad
96 2161 252 2226 facultates
263 2185 332 2228 suas
349 2169 384 2229 ad
397 2168 491 2232 Deum
512 2168 644 2230 referen-
685 2174 715 2228 et
732 2165 878 2227 sentiendi
896 2164 956 2226 lieo
975 2164 1094 2244 penitus
1111 2165 1242 2228 subiicit.

46 2247 98 2306 das
125 2249 234 2324 teneri,
254 2251 324 2330 quia
341 2253 417 2313 ratio
430 2288 445 2299 -
458 2271 512 2314 ceu
540 2271 645 2333 praeco
728 2251 757 2311 3.
771 2267 811 2312 en
818 2249 1114 2311 emandrrctionelioi
1123 2249 1284 2327 cranone,

46 2330 155 2391 summi
179 2329 368 2410 Legislatoris
399 2335 456 2398 hoc
483 2336 644 2418 praecipit,
685 2341 712 2395 et
726 2333 950 2397 Gubernatoris.
968 2331 1052 2394 Ratio
1065 2332 1290 2412 probeneitciis

47 2415 126 2494 quod
143 2415 287 2494 probatur
686 2417 816 2497 aceeptis
828 2425 948 2494 gratnm.
958 2416 1091 2478 animum
1110 2417 1226 2479 referre·
1236 2419 1284 2481 iu-

89 2498 119 2558 t.
140 2515 180 2560 ec
195 2501 426 2565 consideratione
436 2503 571 2566 dominia.
586 2501 646 2566 Ra·
687 2501 747 2577 bet,
765 2500 929 2580 etquidem
945 2517 980 2562 eo
996 2501 1099 2577 magis,
1117 2519 1175 2580 quo
1188 2501 1284 2582 plura,

49 2581 91 2641 tio
117 2581 198 2643 enim
228 2582 378 2646 hominem
397 2586 480 2648 iubet
502 2587 539 2648 ad
557 2587 646 2648 frnem
686 2594 775 2666 atque
796 2585 908 2645 maiora
927 2583 1069 2644 beneficia
1087 2583 1208 2646 obtenta
1223 2587 1285 2648 fue·

48 2683 134 2725 suurn
154 2665 287 2744 tendere,
314 2669 469 2731 facultates
492 2689 561 2732 suas
591 2671 647 2732 rite
686 2677 766 2730 runt.
787 2667 865 2730 fieus
883 2675 981 2730 autem
999 2667 1124 2730 Creator
1134 2668 1285 2731 etGuber·

47 2748 228 2825 adhibendo,
240 2769 275 2812 ac
292 2753 481 2834 perficiendo.
503 2752 588 2816 lubet
602 2773 648 2816 er·
687 2762 774 2812 nator
794 2761 896 2813 noster
916 2759 972 2826 est,
988 2785 1030 2796 -
1044 2771 1162 2813 omnem
1182 2755 1252 2831 ergo
1269 2773 1287 2815 a

47 2832 187 2912 gnprr'me
203 2835 585 2918 tenderead'cognitionem
601 2857 648 2900 ve·
687 2835 773 2898 nubis
791 2835 1040 2911 aestimationem,
1065 2853 1217 2913 amorem,
1236 2855 1285 2897 re-

47 2915 155 2991 ritatis,
174 2918 229 2978 sed¹
243 2919 349 2980 ceritas
371 2921 478 3002 prima,
498 2921 562 2983 sine
588 2941 647 3002 qna
687 2919 1107 2996 verentiam,etobedientiam
1120 2919 1205 2998 pleno
1221 2918 1289 2982 iure

48 2999 121 3077 nihil
138 3019 243 3062 rerum
273 3011 335 3078 est,
361 3004 481 3066 realitas
500 3005 645 3082 absoluta,
686 3002 785 3081 exigit.
805 3003 869 3065 lmo
886 3002 1129 3084 quia-quidquid
1142 3001 1212 3062 boni
1229 3003 1287 3064 lra-

49 3101 123 3162 quae
146 3103 252 3146 ornnes
280 3087 474 3166 perfectiones
499 3089 646 3168 continet,
688 3087 836 3165 bemus,a
853 3086 912 3161 fleo
925 3087 1107 3166 accepimns,
1124 3086 1225 3147 omnia
1237 3106 1286 3167 pa·-

50 3164 127 3228 Iiens
142 3177 198 3242 est,
219 3170 338 3246 cognitu
356 3191 424 3252 ergo
443 3172 645 3251 dignissimus,
687 3171 851 3250 ritergrato
869 3172 968 3233 animo
988 3170 1029 3231 ad
1043 3169 1139 3230 ileum
1155 3170 1285 3233 referen-

49 3259 81 3314 et
85 3252 220 3322 manime
236 3257 432 3316 necessarius.
449 3255 579 3320 Secundo
597 3273 648 3317 ra·
687 3255 812 3316 desumi.
833 3253 986 3315 Praeclare
1004 3254 1034 3314 in
1056 3252 1206 3315 trancrem
1222 3255 1286 3316 die-

48 3332 89 3392 fio
105 3333 259 3395 hominem
279 3335 362 3399 iubet
383 3339 504 3414 tendere
522 3339 562 3401 ad*
577 3359 648 3422 per·
687 3339 761 3400 serit
774 3337 816 3402 ct.
844 3336 1027 3400 Ganuensis:
1049 3336 1157 3399 allece·
1172 3338 1285 3418 depen-

47 3415 239 3478 fectissimam
263 3421 479 3485 moralitatem:
506 3441 575 3485 oum
592 3443 648 3486 au·
687 3423 798 3498 aientia,
815 3421 867 3497 ait,
890 3421 970 3482 inter
988 3440 1055 3498 nos,
1075 3430 1103 3483 ct
1121 3421 1216 3484 licum
1230 3443 1285 3484 ne·

48 3507 105 3560 tem
117 3501 198 3561 ratio
212 3520 271 3563 non
287 3503 325 3564 sit
339 3505 395 3566 sibi
410 3505 466 3586 ipsi
482 3505 647 3584 absolutus,
687 3506 845 3567 cessariam
865 3503 1036 3566 relationem
1062 3505 1231 3582 constituit,
1251 3526 1285 3568 er

49 3592 76 3643 et
87 3583 295 3664 independens
313 3588 475 3667 legislator,
488 3610 540 3671 pro
558 3591 650 3653 facul·
688 3607 746 3670 qua
761 3607 848 3668 porro
866 3589 910 3665 fit,
929 3595 962 3648 ut
977 3588 1020 3650 illi
1032 3607 1090 3650 nos
1100 3590 1285 3666 servitutem,

49 3673 105 3728 tate
131 3670 290 3748 appetendi
308 3672 410 3748 regula
435 3675 535 3756 aliqua
552 3673 658 3742 subli-‚
688 3682 717 3733 et
743 3672 915 3750 religionem
940 3671 1113 3735 debeamus.
1142 3671 1285 3743 Quocirca

49 3749 135 3811 miori
155 3769 230 3832 opus
244 3762 299 3815 est:
312 3756 443 3834 regulam
463 3766 561 3820 autem
582 3776 646 3839 per·
673 3756 928 3838 *utinequitesse
947 3756 1035 3818 homo
1051 3757 1107 3817 nisi
1126 3757 1228 3832 aDeo,
1245 3757 1285 3816 ita

50 3832 241 3898 lectissimam
259 3839 343 3918 sequi
369 3839 451 3901 iubet
468 3842 556 3918 ratio,
572 3860 648 3922 quae
683 3839 849 3901 absurdum
868 3847 929 3916 est,
948 3848 981 3900 ut
1002 3839 1066 3902 sine
1095 3840 1222 3902 auctoris
1239 3839 1285 3898 sui
1362 3913 1366 3928 ι

52 3919 293 4058 perfectissimam
322 3923 516 3986 moralitatem
547 3925 645 4003 erigit.
688 3925 868 4002 cognitione,
888 3933 917 3986 et
934 3923 1014 4004 cultu
1033 3924 1122 3984 vivat.
1144 3920 1206 3984 Uno
1221 3939 1285 3981 rer·

74 4001 159 4078 egula
173 4011 274 4065 autem
286 4007 504 4085 perfectissima
516 4027 573 4069 non
585 4016 649 4089 pot·
674 4006 867 4088 'botulleligio
882 4015 982 4068 nostra
998 4024 1067 4084 erga
1085 4006 1176 4066 iteum
1195 4013 1285 4066 natu-
1447 4057 1448 4076 ,

54 4091 95 4143 est
110 4103 188 4163 esee,
202 4087 258 4148 nisi
277 4087 340 4168 ipsa
358 4087 504 4152 Sanctitas
521 4090 664 4168 inunita3„5
674 4097 752 4150 ‚ram
769 4091 1022 4167 Dei,etnostram
1033 4087 1198 4151 necessario
1214 4105 1285 4149 con·
1359 4095 1387 4128 '·
1447 4115 1448 4120 ¹

55 4183 103 4227 aon
130 4169 264 4234 voluntas
285 4172 363 4235 entis
381 4175 602 4258 perfectissimi,
620 4182 649 4256 et
685 4175 917 4257 ,sequitur(3).,
1048 4245 1052 4252 ,
1086 4242 1096 4256 ,,

82 4295 111 4354 μ)
126 4299 183 4346 pb„
197 4299 218 4360 p,
234 4300 256 4346 ,⁸
460 4277 464 4286 ·
661 4250 833 4348 ='·'“td.·p..eae.
849 4254 1078 4321 marsidaroticne
1102 4253 1190 4316 totins
1210 4254 1288 4338 Uni-¹

78 4355 112 4426 ta
127 4359 180 4406 tue
197 4360 277 4423 tit-
292 4361 314 4408 ὅ.
719 4347 866 4424 <alluerant
882 4355 1046 4422 e-r-.1c·,taa·
1061 4358 1103 4418 20,
1246 4387 1256 4397 -
