2928 4734
429 207 502 256 rins
519 205 550 254 ιι.
571 205 672 254 securo
687 205 718 252 ιι.
736 205 829 252 cucur
843 205 884 253 ru.
992 253 994 260 ,
1189 195 1249 262 tls

79 291 162 353 einum
180 289 304 369 deserto,
326 289 404 372 quod
427 298 471 352 est
496 288 655 350 infinibus
693 286 879 349 Romanisse
897 285 1004 351 dedere
1017 287 1192 355 voluissent.
1212 293 1293 360 Inso·

77 375 168 457 Spriue,
182 396 211 438 se
229 377 388 457 recipiunt,
401 375 444 436 uti
460 382 581 436 narrant
595 373 654 434 Eu·
677 413 679 418 -
693 369 778 432 litum
795 389 914 452 quoque
932 372 988 434 luit
998 372 1141 436 Romanis
1154 377 1243 442 urbes
1254 381 1293 445 si·

77 460 159 521 sebius
177 461 241 542 (l),
267 459 450 540 Epiphanius
477 458 540 538 (ι),
570 456 654 518 luse-
693 455 724 518 bi
744 455 893 518 subiectas
912 456 963 516 tali
989 458 1076 518 modo
1100 461 1219 538 penitus
1236 465 1292 528 de-

75 544 136 624 phus
147 543 202 626 (3).
216 543 258 606 Ne
282 561 357 606 unus
372 543 491 623 quidem
511 541 654 604 Christia-
692 549 817 618 struere3
835 557 927 620 quare
940 540 1005 620 ipse
1015 541 1158 621 Iosephus
1174 545 1292 612 Flauius

74 647 118 688 nus
134 637 262 708 tempore
283 627 446 689 obsidionis
463 626 493 687 in
514 622 587 687 urbe
602 627 652 686 in·
692 625 812 700 latetur,
833 624 893 685 talc
911 624 1105 686 intortunium
1126 629 1199 689 nulli
1223 634 1291 694 urbi

72 719 201 792 terceptus
219 729 285 773 esse
302 711 420 788 legitur.
440 710 471 790 g)
489 709 596 772 Postea
609 718 653 771 to·
692 709 860 786 contigisse.
885 707 1047 788 Praecipue
1069 710 1125 772 suh
1140 709 1206 774 Tito
1226 717 1290 777 ele·
1317 773 1319 780 .

73 803 94 856 ta
110 797 172 857 urbs
190 795 226 857 ab
246 797 376 857 exercitu
389 803 512 857 rontano
525 795 652 856 circum·
693 791 876 854 meritissimo
894 801 977 854 tanta
990 793 1078 854 ruina
1095 805 1197 857 secuta
1211 797 1290 862 haud

72 879 146 956 datu,
164 890 191 941 et
208 880 323 957 ingenti
339 881 418 940 vallo
439 878 651 940 circumcincta
693 877 812 952 luisset,
831 875 889 937 nisi
908 875 1005 938 divium
1028 877 1101 942 ultio
1120 878 1200 941 illam
1227 883 1290 945 dis-

70 963 177 1044 iuitll).
198 964 230 1044 h)
250 961 387 1043 Ingentes
405 980 584 1045 aerumnas,
603 962 650 1023 as·
692 960 849 1039 posuisset.
868 959 955 1022 Teste
973 959 1097 1041 Iosepho
1114 962 1214 1026 Flauio
1226 965 1290 1046 ipse

72 1047 212 1124 dictiones,
233 1049 438 1124 calamitates,
457 1066 531 1127 quas
548 1044 650 1108 lurdaei
690 1044 786 1120 Titus,
797 1053 962 1126 expugnata
977 1045 1063 1122 urbe,
1073 1046 1213 1129 illiusque
1227 1069 1291 1113 mu·

71 1130 96 1190 in
112 1129 156 1193 hue
174 1132 331 1193 obsidione
354 1133 484 1212 perpessi
504 1139 584 1206 sunt,
604 1132 649 1192 le·
691 1129 831 1190 nimentis
845 1129 996 1208 inspectis,
1007 1129 1102 1192 lassus
1115 1141 1159 1192 est
1171 1152 1223 1212 per
1233 1135 1291 1197 uir·

69 1214 149 1292 gimus
163 1216 239 1296 apud
260 1215 417 1296 losephum
434 1215 493 1296 (5).
515 1214 650 1276 Externis
691 1221 783 1277 tutem
803 1220 917 1273 tantum
944 1213 1073 1275 divinam
1091 1234 1124 1276 sa
1147 1215 1289 1280 Hieroso-

71 1300 156 1374 armis,
174 1299 301 1365 internis
321 1298 474 1375 dissidiis,
502 1299 651 1360 borrerrdu
691 1298 796 1376 lpmam
816 1315 985 1377 expugnare
1008 1299 1149 1376 potuisse.
1173 1335 1215 1346 -
1228 1299 1288 1365 l'a-

71 1382 134 1443 lame
150 1379 261 1446 et'aliis
275 1383 359 1444 melis
371 1380 412 1444 ita
427 1383 648 1458 cruciabantur,
691 1381 824 1443 ticinium
848 1389 947 1441 autem
969 1381 1128 1444 adductum
1153 1385 1288 1448 intimam

70 1467 247 1529 uttribulutio
264 1467 493 1544 maioreogitari
510 1486 570 1528 non
583 1485 652 1548 pos·
688 1479 756 1527 eum
779 1463 933 1542 Religione
951 1466 1112 1528 christiana
1131 1472 1290 1534 connexio-

70 1550 146 1630 siti)
167 1549 243 1614 Urbs
265 1553 384 1614 demum
404 1561 580 1632 expugnata,
601 1559 648 1628 et,
689 1568 756 1610 nem
776 1548 878 1636 habet,
898 1547 968 1628 quia
986 1551 1131 1612 excidium
1147 1553 1289 1618 Hieroso·

69 1633 125 1694 licet
141 1635 221 1697 Titus
241 1654 436 1714 magnacum
463 1642 524 1696 tum
545 1635 648 1696 urbem
690 1634 784 1713 lpmae
798 1633 1060 1713 cumdispersione
1077 1638 1172 1712 gentis
1190 1638 1289 1701 iudai-

69 1717 124 1793 sibi,
149 1728 206 1780 tum
227 1721 370 1800 templum
387 1719 453 1780 urbi
476 1737 649 1782 conseruare
689 1737 742 1779 cae
759 1726 861 1779 secuta
884 1717 1067 1795 praedictum
1089 1720 1145 1781 luit
1162 1731 1195 1783 ut
1215 1742 1289 1802 poe·

69 1803 232 1879 studuisset,
250 1806 294 1865 sic
313 1812 411 1864 tamen
431 1803 577 1864 incendiis
595 1803 649 1866 de·
690 1821 728 1863 na
747 1820 806 1861 non
822 1799 914 1878 agniti
936 1809 966 1862 et
979 1803 1068 1864 occisi
1083 1802 1190 1867 Christi
1209 1811 1222 1887 ι
1245 1808 1269 1887 ).

67 1895 160 1947 uastata
175 1897 203 1948 et
217 1883 483 1948 instrumentorum
494 1889 521 1948 ιι
534 1887 651 1949 destru-
730 1887 817 1963 Noto.
835 1885 908 1948 Cum
923 1883 1055 1948 Christus
1072 1888 1217 1950 excidium
1235 1910 1288 1953 ur·

68 1971 178 2046 statuit,
199 1982 232 2033 ut
255 1973 319 2034 solo
335 1981 528 2051 aequaretur,
545 1991 579 2032 ac
601 1972 647 2047 si,
689 1968 734 2032 his
750 1969 971 2050 Hierosolymae
998 1971 1159 2050 praedixit,
1181 1973 1286 2052 simul,

67 2059 92 2111 ut
106 2054 169 2116 dicit
186 2054 332 2136 Iosephus
354 2055 492 2131 ludueuS,
513 2055 649 2118 aedilicia
689 2063 722 2114 ut
739 2053 907 2116 communis
929 2055 985 2116 lert
1003 2055 1197 2135 interpretum
1217 2077 1287 2120 sen-

66 2133 99 2196 ibi
114 2157 262 2219 nunquam
283 2141 446 2201 extitissent
458 2139 516 2220 (b).
538 2140 570 2219 k)
587 2139 648 2200 Eo·
689 2139 792 2213 tentia,
806 2139 843 2199 de
857 2138 959 2199 mundi
969 2141 1226 2204 consummatione
1241 2143 1288 2204 ιο-

66 2217 118 2280 dcm
129 2231 200 2285 teste
212 2225 244 2284 in
256 2223 334 2285 hello
348 2225 438 2284 nrulto
449 2226 546 2303 piures
558 2243 647 2304 quam
688 2229 773 2283 cutus
791 2232 847 2297 est,
863 2221 948 2284 cuius
968 2223 1155 2303 praeludium
1166 2234 1195 2287 et
1212 2227 1288 2290 ima-

66 2301 147 2367 decies
156 2319 281 2368 centena
295 2308 387 2369 millia
397 2307 572 2369 ludaeorum
581 2327 649 2370 cae·
687 2305 786 2382 ginem
805 2306 892 2368 nobis
911 2307 1288 2389 exhibententremaegen·

66 2403 100 2462 su,
114 2398 140 2450 et
152 2392 261 2472 reliqui
278 2393 385 2471 captiui
407 2392 546 2467 abducti,
562 2401 591 2453 et
609 2412 647 2453 u·
689 2390 725 2450 tis
743 2389 879 2452 iudaicae
896 2391 1091 2453 calamitates.
1103 2390 1135 2453 ld
1152 2394 1232 2456 enim
1251 2415 1287 2458 o-

66 2467 140 2550 bique
161 2475 295 2536 locorum
316 2476 450 2555 dissipati
469 2484 550 2551 sunt,
570 2495 647 2556 quo·
688 2473 808 2536 mnibus
820 2475 973 2556 prophetis
985 2477 1118 2538 solemne
1130 2486 1186 2554 est,
1201 2487 1287 2542 utres

66 2570 118 2614 rum
136 2558 350 2639 dispersionem
370 2560 448 2620 inter
470 2579 575 2621 ornnes
590 2579 646 2639 po·
688 2558 871 2638 temporibus
894 2559 1075 2635 disiunctae,
1104 2562 1155 2622 scd
1180 2563 1209 2624 in
1234 2563 1288 2626 llei

66 2639 144 2716 pulos,
164 2653 254 2724 atque
274 2643 304 2704 in
330 2651 390 2706 toto
411 2652 554 2704 terrarum
575 2643 647 2706 orbe
679 2650 787 2718 ,mente
807 2642 952 2705 adunatas
976 2645 1174 2722 coniungant,
1197 2647 1287 2728 idque

66 2725 174 2801 propriis
189 2727 286 2788 oculis
299 2727 441 2788 uidemus.
456 2729 479 2808 l)
492 2727 645 2789 Encirlium
686 2727 774 2806 quam
789 2727 915 2789 manime
925 2746 992 2788 cum
1003 2728 1192 2790 unaulterius
1202 2739 1286 2810 tppus

65 2805 647 2892 urbissecutumest3'lennispostmor·
686 2819 733 2872 est
755 2820 785 2872 et
809 2811 912 2888 figura.
937 2811 1061 2877 Difficile
1091 2818 1191 2874 tamen
1226 2833 1286 2876 non

66 2893 110 2979 tem
124 2891 243 2971 Christi,
256 2915 324 2973 ergo
336 2905 494 2976 antequam
511 2905 645 2975 praeter·
686 2903 752 2970 est,
769 2913 804 2956 ea
821 2913 898 2975 quae
917 2895 952 2956 ad
973 2894 1150 2958 Iudaeorum
1171 2898 1284 2959 cladem

64 2983 109 3033 uret
120 2979 282 3055 generatio,
298 2999 374 3060 quae
395 2981 594 3042 conrmuniter
608 2981 647 3042 ad
687 2979 853 3059 pertinent,
878 2980 915 3042 uh
933 2979 971 3040 iis
989 2979 1189 3058 distinguere,
1209 3001 1286 3062 quac

64 3053 181 3124 30-th
195 3083 292 3124 annos
313 3075 563 3145 computatur.-
686 3065 716 3124 in
734 3064 845 3124 saeculi
860 3063 1117 3125 consummatione
1135 3082 1221 3126 suum
1236 3065 1287 3128 ha·

97 3142 122 3203 3.
139 3143 222 3209 Licet
241 3157 375 3228 tempore
406 3148 514 3210 Christi
540 3167 574 3210 ex
592 3167 645 3209 co·
686 3147 784 3209 bitura
802 3155 872 3209 sunt
894 3147 1158 3228 complementum,
1177 3149 1286 3231 impri-

63 3224 128 3297 gnitu
144 3228 435 3293 ludaeorumindole
450 3232 647 3294 Ronranisin·
686 3232 743 3292 mis
760 3232 791 3292 in
811 3249 846 3292 ea
865 3231 1042 3292 narrationis
1064 3232 1153 3306 serie,
1173 3253 1251 3314 quae
1270 3255 1287 3297 a

63 3306 123 3370 lesta
139 3325 167 3374 et
190 3315 337 3376 libertatis
357 3317 441 3377 auida
459 3317 495 3378 ad
515 3318 644 3378 luturam
685 3313 716 3376 S.
729 3314 825 3376 Marco
838 3317 976 3393 retertur3
989 3333 1057 3376 nam
1073 3315 1110 3377 de
1121 3317 1204 3380 urbis
1219 3318 1288 3381 llic-

63 3396 193 3468 quandam
235 3398 428 3461 rebellionem
472 3402 646 3463 naturaliter
686 3401 851 3479 rosolymae
874 3399 1075 3461 destructione
1098 3401 1195 3478 agitur
1218 3422 1285 3484 cap.

63 3479 180 3542 concludi
201 3483 358 3563 potuisset,
378 3485 454 3545 baec
475 3494 574 3546 temen
590 3485 645 3546 bu·
685 3481 783 3544 llllla
805 3503 831 3544 r.
864 3484 954 3558 t-bt,
974 3493 1004 3545 et
1032 3483 1068 3545 de
1089 3485 1180 3548 totius
1205 3489 1286 3552 orbis

63 3573 134 3652 muno
152 3567 246 3627 solum
268 3567 387 3647 ingenio
406 3587 461 3629 nec
480 3569 577 3650 quoad
603 3576 646 3630 tot
686 3567 878 3629 subversione
890 3587 908 3628 a
922 3588 950 3629 v.
968 3568 1081 3630 ιιι-ιι.
1102 3567 1233 3654 Utroque
1253 3593 1288 3634 e-

63 3651 305 3728 crrcumstantias,
335 3671 390 3714 nec
410 3654 508 3733 quoad
529 3663 646 3733 tenipus
688 3661 775 3713 uentu
792 3652 1000 3732 praenuntiato
1016 3651 1149 3715 Christus
1165 3673 1289 3737 respon-

63 3731 109 3818 lpm
128 3734 257 3814 praecise
275 3735 440 3816 praevideri
452 3745 480 3798 et
498 3755 647 3818 praenun·
686 3736 736 3798 det
754 3737 790 3797 ad
810 3736 888 3796 hanc
903 3735 1116 3816 discipulorum
1128 3738 1289 3816 interroga·

62 3813 116 3873 trari
132 3817 236 3896 potnit.
258 3819 380 3882 insolita
397 3839 518 3902 prorsus
531 3839 578 3883 res
591 3821 647 3883 tuit
688 3821 810 3882 tionem:
837 3820 893 3883 Dic
910 3822 1004 3898 nobis,
1024 3823 1141 3900 quondo
1157 3824 1228 3885 haec
1255 3839 1287 3884 e-

63 3899 110 3958 lum
127 3901 291 3964 obstinatus
314 3903 431 3966 animus
453 3905 644 3980 ludaeorum,
685 3909 776 3968 runt?
793 3913 823 3967 et
840 3904 962 3985 quidem
980 3925 1008 3967 r.
1030 3906 1070 3966 28
1096 3907 1133 3967 ad
1156 3906 1287 3986 primum

63 3987 88 4038 tt
100 3986 192 4048 omnia
205 3988 306 4069 potius
320 3990 399 4052 rnala
411 3990 539 4074 perpeti,
555 4007 645 4070 quam
685 3999 823 4051 eventum
842 3989 959 4052 rediens
972 4007 1041 4058 eum
1058 3998 1198 4070 tanquam
1215 4005 1287 4070 pro·

86 4102 172 4158 illurn.
188 4111 203 4158 ι.
219 4112 240 4171 e,
253 4123 273 4157 c.
286 4113 308 4158 s.
716 4117 748 4168 (st
763 4117 797 4160 ne
809 4115 872 4161 neruo
888 4114 937 4162 ruo.
951 4115 968 4161 ι.
984 4115 1036 4160 s-r.
1053 4116 1075 4162 e.

84 4161 111 4217 (2)
121 4167 213 4228 baeer,
227 4173 251 4216 et
266 4169 331 4218 bucr.
343 4171 380 4218 ll.
716 4175 747 4226 (ou
762 4175 794 4219 lle
810 4173 873 4220 bello
886 4175 935 4219 iud.
950 4174 965 4220 l.
977 4175 998 4218 6.

86 4220 111 4274 tit
121 4226 149 4272 tte
165 4229 226 4276 betto
240 4231 287 4276 tud.
303 4233 319 4276 t.
332 4231 354 4291 2,
368 4245 390 4278 c.
402 4228 439 4280 tt.
714 4233 746 4290 (7)
763 4235 816 4282 Luc.
842 4234 881 4287 to,
905 4233 942 4280 tr.
958 4232 1039 4280 idotth.
1061 4231 1109 4288 25,
1123 4232 1161 4278 57.
1181 4230 1213 4276 ιι.
1227 4233 1290 4280 Frtnt

62 4280 150 4389 initio&
164 4291 275 4348 Stolbc'rp.
290 4291 315 4337 ιι.
331 4292 354 4338 d.
367 4293 392 4340 ιι.
404 4294 421 4338 l.
436 4295 455 4346 t,
473 4293 494 4354 t,
512 4289 532 4354 Ξ.
545 4292 583 4346 29,
596 4292 646 4338 nb
685 4292 739 4395 lvocrl
752 4291 772 4352 a.
795 4292 903 4338 tet-tae:
915 4292 935 4336 J.
954 4291 984 4338 bl.
1007 4291 1077 4338 Saiter
1100 4294 1126 4338 G.
1150 4291 1173 4338 d.
1192 4293 1239 4338 ltet-
1254 4290 1290 4350 ιιι,
