2928 4734
411 181 485 227 rins
502 181 534 226 u.
555 181 656 228 sncrro
671 181 703 225 u.
723 179 816 226 meur
833 179 875 226 rr.
1168 163 1231 227 235

39 277 94 321 non
111 257 319 322 concessisset.
335 293 377 308 -·
391 259 443 321 His
461 260 518 321 rite
534 258 635 322 cousi·
672 258 724 320 sed
745 258 809 320 sota
828 256 1018 337 linteamina,
1038 258 1147 341 quihus
1165 258 1273 323 Christi

41 344 144 418 donatis
161 345 284 405 nonnisi
301 363 429 406 vesanus
447 344 546 407 dicere
566 351 635 426 pot·
672 342 1106 425 corp-usinuolutumiuerat,et
1118 344 1271 406 sudarium

42 437 95 504 est,
111 426 274 490 Christum.
288 429 340 508 qui
356 429 415 489 iam
434 427 634 492 antecruciti-
672 427 751 508 quod
777 426 876 506 iuerat
898 444 988 508 super
1005 434 1095 508 eaput
1120 428 1185 489 eius
1209 428 1269 509 (5).

41 512 169 588 sionem,
187 520 231 574 tot
250 521 390 593 tantaque
405 531 511 594 passus
525 513 631 589 suerat,
673 511 811 576 Custodes
822 529 940 591 quoque
952 511 1092 592 sepultri,
1112 520 1273 574 terraemo-

42 604 212 676 apparenter
234 597 330 656 solum
355 606 503 657 mortuum
527 597 630 658 fuisse.
673 603 703 656 tu
726 593 886 676 perterriti,
900 603 1044 656 venerunt
1061 595 1091 655 in
1107 595 1270 674 civitatem,

40 711 76 726 -
91 679 121 759 b)
133 679 281 759 Iosephus
293 679 330 741 ab
344 680 551 756 Arimathaea,
564 698 631 742 cum
671 687 701 740 et
718 678 935 742 nuntiaverunt
960 679 1147 758 principibus
1170 695 1271 742 sucer-

40 781 137 844 oorpus
153 762 265 826 Christi
283 764 418 826 exanime
437 784 453 825 a
470 763 565 826 Pitato
580 783 631 824 ac·
671 765 772 826 dotum
791 764 892 824 omnia
905 773 979 840 perce
994 763 1074 843 forto
1088 763 1220 842 suerunt.
1236 762 1273 824 Hi

40 848 179 928 cepisset,
203 848 327 910 incoluit
358 849 433 911 illud
460 849 493 910 im
510 848 632 910 sindone
671 857 770 909 autem
800 846 972 927 conprepoti
998 863 1065 908 oum
1090 847 1269 924 senioribus,

39 933 159 1008 munde,
172 933 305 1010 etposut't
318 933 394 995 illud
407 933 440 994 la
454 949 631 994 mouumen-
670 931 793 993 coasilio
806 938 937 1010 eccepto,
953 931 1110 1010 peortaiom
1127 932 1272 1010 copiosam

40 1024 65 1076 to
81 1033 132 1078 suo
148 1033 224 1078 moue
253 1017 330 1095 qaod
345 1017 495 1079 caeciderat
521 1017 555 1079 im
578 1035 631 1096 pe·
670 1016 814 1078 dederam
835 1015 978 1078 militihue
995 1016 1144 1078 dicentes:
1164 1016 1270 1092 Dicite,

41 1107 85 1161 tro
95 1100 155 1179 (t);
172 1109 203 1161 et
218 1101 252 1160 in
265 1115 321 1179 quo
331 1101 464 1163 nondum
477 1101 632 1179 prtiopoom
671 1101 741 1178 quic
755 1099 891 1178 discipuli
902 1100 965 1162 eius
980 1107 1061 1162 uocte
1074 1106 1229 1177 oenerrrot,
1245 1108 1273 1163 et

36 1184 143 1263 positus
160 1185 263 1264 fuertu
281 1185 339 1266 (h).
354 1183 428 1256 Dein
441 1185 568 1248 advolvit
580 1202 632 1247 so·
670 1184 768 1265 [ceroti
784 1190 855 1246 aunt
884 1200 971 1259 eum,
991 1183 1074 1246 nohis
1095 1183 1271 1248 dormienti-

41 1285 106 1330 oum
121 1285 267 1346 myrtum
284 1270 324 1330 od
334 1269 442 1331 ostium
455 1286 632 1331 rnortumea-
672 1267 793 1348 hos(h).
807 1267 883 1344 Ergo
898 1267 1091 1329 intensissimi
1103 1267 1210 1330 Christi
1222 1268 1273 1330 ad-

44 1352 75 1426 tt',
95 1360 121 1414 et
152 1352 227 1414 atter
254 1351 312 1433 (3).
338 1352 441 1416 Altero
464 1361 562 1414 uatem
586 1355 634 1416 die
672 1352 793 1414 versarii
817 1359 906 1412 testas
934 1361 1024 1427 sunt,
1050 1370 1158 1431 corpus
1178 1353 1272 1432 ipsius

43 1443 234 1498 convenerunt
243 1437 392 1516 principes
400 1437 593 1512 sacerdotum,
606 1445 633 1499 ct
673 1445 739 1518 post
754 1435 884 1497 triduum
898 1435 929 1496 in
944 1436 1082 1516 sepulcro
1099 1436 1177 1498 haud
1196 1437 1271 1498 suis-

41 1520 185 1598 phoriroei
201 1520 241 1582 cd
260 1521 392 1582 Pilatum
410 1521 555 1584 diceutes:
569 1523 632 1583 Do·
672 1539 717 1598 se3
741 1519 814 1581 alias
840 1518 912 1580 illud
931 1526 1092 1581 extractum
1122 1521 1271 1582 ostendis·

43 1605 130 1681 mirre,
152 1605 301 1666 recordati
319 1623 438 1682 carmus,
458 1606 528 1684 palo
544 1607 631 1668 redu·
672 1611 758 1680 sent,
780 1612 808 1665 et
832 1604 998 1684 apostotos,
1023 1605 1271 1666 resurrectionem

45 1696 96 1748 rtor
109 1690 162 1752 ille
178 1689 255 1750 dimit
268 1689 363 1752 adhoc
379 1691 491 1753 otacus:
498 1698 564 1769 post
575 1698 633 1752 tres
673 1687 1150 1768 praedicantes,confodissent,et
1164 1707 1222 1750 non
1237 1689 1273 1751 ad

45 1772 96 1832 dies
109 1789 279 1852 recuruum.
305 1774 374 1836 luha
397 1789 465 1852 erpo
492 1775 634 1836 custodiri
673 1772 833 1834 absurdum
854 1772 1039 1833 mendacium
1055 1773 1270 1850 confugissent,

44 1858 203 1934 sepulcrum
220 1874 311 1935 usque
332 1858 366 1948 ire
392 1858 469 1920 diem
490 1859 611 1921 tertium
620 1881 634 1932 ,·
656 1850 702 1918 'et
734 1857 764 1917 in
790 1856 878 1918 huius
904 1856 1159 1918 confirmationem
1190 1865 1273 1921 tester

44 1957 76 2000 ae
91 1940 299 2018 [ortes-entem
311 1942 446 2021 discipuli
462 1944 525 2004 eius
542 1951 568 2004 et
579 1944 632 2023 su·
672 1941 847 2004 dormientes
858 1939 1074 2002 adhibuissent.
1096 1973 1133 1988 ·-
1152 1941 1185 2019 d)
1198 1940 1272 2004 Cor·

43 2033 144 2086 rentur
165 2042 245 2099 errat,
263 2034 289 2087 et
311 2027 409 2088 dicu'rtt
424 2026 511 2105 plehi:
529 2045 633 2089 surre-
673 2045 728 2106 pus
747 2035 845 2087 autem
861 2023 967 2087 Christi
979 2044 994 2085 e
1008 2025 1143 2105 sepulcro
1161 2044 1271 2087 euane-
1304 2056 1308 2062 ·

43 2108 115 2170 cita
126 2112 262 2184 mortuis,
282 2117 309 2171 et
326 2111 383 2172 erit
400 2109 576 2174 novissimus
588 2127 635 2173 er·
673 2129 754 2171 scere
764 2129 822 2170 non
832 2109 990 2190 potuitnisi
1001 2127 1052 2188 per
1060 2109 1273 2187 gloriosamre·

45 2210 91 2253 ror
103 2193 187 2271 peior
208 2193 320 2272 priore.
345 2193 398 2257 Ait
424 2195 484 2256 ittts
506 2196 633 2258 Pilutus:
673 2194 897 2256 surrectionem.
917 2229 959 2239 —
974 2193 1139 2255 Extiterunt
1152 2194 1271 2274 quidem

44 2277 394 2352 Hohetiorostodlumite,
407 2280 547 2342 custodite
560 2283 634 2343 sicut
673 2277 830 2355 nonnulli,
851 2279 901 2359 qui
927 2286 1137 2353 asseruerunt,
1165 2297 1273 2359 corpus

44 2353 127 2423 suris.
143 2362 193 2424 lili
204 2371 301 2424 uatem
313 2363 635 2428 aheurrtesmrmicruut
673 2361 778 2425 Christi
790 2363 865 2423 veta
881 2362 971 2424 scissa
988 2381 1041 2444 per
1060 2372 1271 2424 terraemotum

45 2445 636 2526 uputrromstpoonteslapidemcomeo
673 2455 752 2508 terra
775 2445 967 2527 absorptum,
989 2447 1034 2508 ret
1057 2465 1075 2507 a
1096 2446 1271 2526 discipulis,

44 2530 175 2591 alodibus.
195 2529 271 2590 Tam
282 2531 364 2590 stulti
382 2540 411 2592 et
432 2531 634 2612 imprudentes
673 2530 781 2593 ostium
799 2529 1207 2612 monumenti-aperientibus,
1222 2543 1273 2593 aut

46 2613 187 2694 principes
219 2614 404 2676 sacerdotum
434 2624 463 2676 et
487 2616 634 2696 pharisaei
674 2634 726 2696 per
743 2615 897 2676 cuniculos
921 2624 1028 2687 terram
1048 2614 1270 2689 effodientibus,

46 2703 119 2756 certe
137 2717 194 2758 uon
207 2697 339 2774 luerunt,
355 2699 529 2777 utsigillum
543 2709 572 2762 et
583 2719 634 2762 cu·
673 2707 724 2760 aut
739 2718 792 2780 per
805 2699 953 2760 occuitum
969 2698 1081 2760 aditum
1102 2698 1271 2760 accedenti-

47 2780 163 2842 stodiam
182 2782 317 2862 sepulcro
336 2793 539 2864 apponerent,
561 2785 633 2864 quin
673 2783 729 2844 bus
742 2783 872 2844 ahletum
884 2783 986 2846 fuisse.
1001 2779 1058 2845 Seri
1078 2783 1150 2843 haec
1171 2781 1272 2843 omnia

48 2872 119 2926 certo
140 2865 253 2927 scirent
274 2884 381 2946 corpus
403 2866 510 2930 Christi
534 2869 634 2931 initio
673 2866 785 2928 absona
807 2874 886 2928 sunt.
906 2865 978 2929 Nam
998 2900 1013 2913 ·
1033 2866 1058 2927 si
1081 2874 1158 2927 terra
1180 2867 1271 2927 scissa

48 2949 249 3026 contineri3vel
262 2952 561 3032 sattempostmodum
574 2952 634 3014 im·
673 2969 781 3032 corpus
799 2950 907 3014 Christi
925 2950 1133 3030 absorpsisset,
1148 2967 1272 3030 quomo-

48 3032 225 3109 prudentiam
240 3053 322 3094 suam
344 3035 470 3096 confessi
484 3045 583 3098 essent
597 3039 633 3099 ad
673 3035 710 3096 do
726 3036 899 3098 linteamina
917 3044 947 3097 et
961 3033 1112 3096 sudarium
1125 3033 1155 3094 iu
1168 3034 1270 3112 sepul-

46 3117 286 3179 resurreotiouem
313 3119 496 3198 negandam,
521 3119 633 3202 dequo
673 3138 723 3181 oro
742 3119 1152 3182 remanserunt‘l-scissura
1169 3127 1270 3197 petrae

47 3207 135 3262 tamen
154 3220 210 3263 nec
229 3202 349 3263 verbum
366 3203 482 3279 legitur.
500 3203 634 3267 Dubitari
673 3204 777 3284 utique
801 3203 926 3265 visibitis
951 3219 1070 3262 manere
1095 3201 1217 3278 debuit,
1243 3209 1272 3264 et

49 3300 185 3360 ergonou
206 3294 301 3366 potest
331 3287 425 3349 altera
450 3281 498 3350 die
525 3308 633 3370 corpus
673 3288 823 3350 curittam
855 3285 1005 3368 principes
1029 3283 1222 3347 Sacerdotum
1242 3295 1272 3348 et

47 3363 143 3430 Christi
165 3387 235 3431 rere
257 3369 353 3431 adhuc
368 3371 397 3431 in
410 3373 545 3453 sepulcro
564 3374 635 3435 suis-
672 3371 835 3446 Pharisaei,
848 3370 1094 3431 resurrectionem
1110 3369 1217 3433 Christi
1236 3390 1271 3432 o·

48 3466 83 3510 se.
100 3486 143 3498 -
164 3455 195 3534 c)
216 3451 271 3515 Sed
287 3463 355 3533 post
368 3461 427 3516 tres
445 3456 508 3518 dies
527 3476 634 3537 corpus
673 3456 735 3516 mni
751 3456 836 3517 modo
853 3473 959 3532 negare
972 3463 1131 3531 tentantes,
1147 3473 1206 3516 non
1220 3454 1273 3516 oh-

48 3529 144 3599 Christi
159 3556 218 3599 non
232 3538 360 3617 amplius
371 3539 401 3599 in
414 3542 549 3620 sepulcro
565 3541 631 3603 suit:
673 3539 849 3602 servarunt?
866 3571 905 3584 «-
921 3537 1063 3618 Discipuli
1084 3558 1140 3619 pro
1168 3539 1271 3601 timido

49 3614 126 3680 huius
144 3640 264 3702 quoque
280 3622 350 3683 iacti
368 3623 453 3684 multi
472 3634 559 3686 testes
579 3625 634 3688 ad·
673 3643 726 3685 suo
739 3624 908 3685 charactere
924 3628 983 3683 hon
1005 3623 1070 3684 ausi
1088 3623 1214 3685 luissent
1235 3623 1270 3684 ad

48 3711 116 3764 sunt.
133 3703 204 3767 Piae
222 3704 300 3766 enim
318 3707 456 3770 mulieres
473 3727 581 3789 corpus
602 3709 632 3770 in
673 3709 840 3788 sepulcrum
857 3706 1010 3779 accedere,
1024 3715 1053 3768 et
1070 3707 1096 3768 si
1111 3709 1272 3768 voluissent

49 3787 172 3864 sepulcro
188 3807 247 3850 non
262 3788 451 3866 invenerunt,
471 3793 521 3854 sed
541 3813 633 3872 unge·
674 3811 782 3872 corpus
794 3790 900 3854 Christi
916 3790 1065 3872 abripere,
1084 3801 1205 3872 propter
1216 3809 1270 3849 cu·

50 3863 120 3946 lum,
141 3871 195 3954 qui
214 3872 256 3934 ait
279 3874 315 3934 ad
342 3873 407 3936 illas
431 3876 467 3938 de
493 3876 632 3940 Christo:
674 3877 773 3938 stodes
785 3875 934 3956 appositos
950 3894 1008 3936 non
1025 3874 1199 3955 potuissent.
1216 3871 1272 3932 Ne-

51 3948 176 4020 Surremit
195 3975 256 4019 nou
271 3965 311 4020 cst
328 3957 374 4020 ltic
387 3959 445 4040 (l).
465 3995 507 4006 -
523 3961 634 4024 Deinde
675 3979 733 4040 que
753 3960 850 4021 aditus
868 3978 920 4038 per
938 3959 1091 4020 cuniculos
1113 3957 1149 4018 ad
1168 3956 1270 4035 saput-

52 4032 143 4101 Petrtts
156 4049 187 4102 et
204 4041 343 4123 destrues,
357 4045 555 4106 venientesad
574 4065 636 4106 mo·
675 4063 758 4106 crum
778 4043 887 4124 operiri
902 4043 1013 4124 potuit,
1035 4041 1114 4122 quod
1139 4041 1169 4100 in
1189 4045 1271 4118 petra

54 4133 215 4186 rumentum
235 4143 295 4186 non
312 4127 490 4190 invenerunt
509 4147 634 4212 corpus,
676 4129 806 4191 excisum
824 4136 900 4205 erat,
920 4126 993 4209 quin
1010 4123 1146 4187 custodes
1161 4123 1191 4184 id
1208 4122 1271 4183 ani·

74 4247 103 4318 lt}
114 4250 189 4298 htutth.
201 4254 238 4315 27,
251 4255 287 4303 oo.
346 4253 377 4314 (2)
389 4255 443 4303 huc.
456 4258 492 4317 25,
504 4259 538 4304 tte.
706 4253 737 4318 tt)
749 4257 821 4316 loth,
831 4258 846 4303 ὅ
857 4258 901 4304 etc.

68 4305 103 4383 ‘tot
111 4308 182 4359 aaut.
192 4313 225 4360 tu.
343 4315 374 4376 (l)
390 4317 468 4362 htutth.
477 4317 515 4364 28.
523 4314 636 4365 thoreth.
707 4323 737 4376 m
748 4315 828 4364 dutth.
836 4317 875 4377 28,
885 4315 907 4361 tt
922 4314 968 4361 etc.
