2930 4736
204 223 286 292 ,386
622 236 807 286 rusonoome
825 240 988 288 emensus

184 319 344 382 sessionem
359 318 465 398 merito
477 317 674 401 reprobarunt
685 319 788 384 Patres
828 311 939 386 Omnes
959 339 1032 382 sane
1049 317 1188 402 Episcopi
1203 323 1352 400 potestate
1377 315 1430 377 do·

185 401 530 481 Francolurteoses,'scd
550 422 650 466 errore
672 399 787 468 detecto
828 407 928 482 cendi,
947 405 1059 484 ligandi
1077 415 1108 467 et
1124 403 1256 465 solvendi
1277 401 1431 483 praediti,

184 496 214 550 et
232 488 280 548 isti
296 496 326 548 et
344 507 447 548 omnes
466 484 635 550 Occidentis
647 487 787 571 Episcopi
828 491 910 560 etad
927 490 1086 569 regendam
1106 487 1267 550 Ecclesiam
1282 504 1302 548 a
1319 481 1429 566 Spiritu

184 572 301 633 decreta
320 569 411 634 Conc.
430 569 552 633 Nicaeni
568 571 593 634 Il
612 591 680 636 curn
703 575 787 638 omui
828 573 859 637 S.
880 573 1034 637 constituti
1052 582 1133 634 sunt:
1153 571 1219 633 ideo
1243 569 1387 651 Episcopi
1402 569 1430 630 in

184 656 371 718 ueneratione
384 664 591 737 susceperunt.
828 657 969 722 Conciliis
986 656 1174 720 subscribere
1190 655 1300 718 solent:
1314 655 1381 735 Epo
1391 654 1426 718 N.

827 744 868 807 Ν.
886 753 1032 820 statuens,
1044 742 1089 805 cel
1101 741 1242 821 definiens
1255 739 1425 816 subscripsi.

416 795 446 868 ς’
470 802 548 851 Μ’
828 826 891 889 Hoc
908 827 956 889 ius
970 827 1060 888 etiam
1079 823 1201 886 concedi
1214 823 1291 884 solet
1302 821 1430 884 Attan-

408 897 569 945 ⁶⁰⁰⁶¹¹¹⁰⁰“·
829 909 885 972 bus
901 911 1049 992 supremis
1070 908 1304 982 coenobiorum,
1323 913 1356 966 et
1372 904 1427 968 Ge·

235 988 274 1056 Ut
292 992 451 1056 concilium
470 1011 538 1056 vere
563 996 702 1072 gencrale
728 995 787 1060 dici
828 995 981 1058 neralihus
1003 994 1155 1068 ordinum,
1173 1000 1234 1052 tum
1254 991 1328 1072 quia
1343 989 1429 1051 iuris·

184 1078 299 1162 possit,
328 1077 491 1158 requiritur
521 1077 551 1138 1ο
572 1079 788 1160 Episcoporum
827 1080 957 1142 dictione
982 1079 1067 1160 quasi
1096 1073 1258 1157 episcopali
1275 1073 1423 1152 gaudent,

184 1171 430 1242 conprrpotorum
452 1161 599 1242 sufficiens
621 1182 785 1243 nunrrrur,
828 1172 899 1225 tunc
917 1163 988 1245 quia
1006 1161 1196 1225 traditionem
1213 1177 1339 1220 suorum
1359 1177 1426 1220 coc·

184 1245 216 1310 2⁰
235 1247 366 1328 lepitirno
395 1246 581 1323 concocotio,
607 1247 638 1309 3ο
656 1248 787 1329 lepitimo
827 1248 985 1310 nobiornm
1000 1258 1029 1310 et
1041 1242 1347 1308 ordinumcontestari
1362 1262 1427 1322 pos-

182 1330 390 1412 pcrtroctott'o,
414 1337 444 1390 et
464 1329 497 1392 4⁰
513 1331 641 1402 Romani
659 1335 785 1416 pontifi·
826 1341 906 1394 sunt.
927 1330 1071 1408 Theologi
1089 1334 1227 1390 autemst
1241 1327 1423 1404 canonistas,

183 1416 223 1480 ris
236 1413 432 1494 confirmatio.
825 1415 951 1478 scientia
963 1425 992 1478 et
1004 1415 1112 1496 pietate
1125 1412 1291 1492 conspicui,
1306 1412 1341 1472 ad
1356 1430 1427 1472 con-

228 1499 258 1562 l.
279 1497 414 1576 llagnum
438 1497 551 1578 requiri
570 1498 784 1581 Episcoporum
826 1499 1005 1562 ciliarocari
1016 1499 1114 1560 solent
1126 1516 1184 1558 non
1197 1514 1264 1557 cum
1280 1495 1346 1556 iure
1361 1496 1424 1556 sul-

186 1600 343 1644 numerum
362 1581 400 1643 ad
417 1579 581 1645 Concilium
599 1586 738 1662 generale
750 1605 784 1648 es
826 1582 911 1661 irapii
930 1583 1065 1658 decisiri,
1081 1582 1131 1644 sed
1148 1590 1181 1642 ut
1200 1581 1341 1641 materias
1358 1599 1425 1662 per-

185 1664 316 1728 eiusdem
345 1665 465 1727 notione
492 1675 595 1747 patet,
615 1668 684 1748 quin
710 1688 785 1732 con-
828 1668 994 1728 tractandas
1012 1666 1200 1739 examinent,
1217 1673 1248 1725 ct
1264 1663 1425 1750 Episcopos

186 1760 290 1812 tentus
317 1748 489 1812 Praesulum
518 1751 785 1814 ecclesiasticorum
827 1751 857 1811 in
878 1750 1050 1812 rehussrdei
1068 1747 1244 1826 indagandis
1258 1758 1292 1809 et
1329 1759 1423 1826 ‚ntro-

185 1853 218 1896 ox
242 1833 378 1896 universo
402 1832 474 1896 orbe
493 1835 640 1896 catholico
659 1856 786 1916 congre·
827 1834 931 1896 tersiis
948 1834 1124 1896 dirimendis
1137 1832 1270 1893 consiliis
1295 1833 1360 1894 suis
1377 1833 1423 1892 iu·

111 1957 115 1962 ·
186 1927 320 1997 gaiorum
336 1917 455 1979 dicitur.
473 1917 551 1996 Ergo
580 1919 610 1998 a)
626 1919 662 1981 ad
679 1919 786 1984 Conci·
827 1927 906 1981 vent.
921 1916 992 1998 c)Si
1003 1929 1101 1980 autern
1115 1925 1275 1998 quaeratur
1286 1918 1424 1996 dereqni-

187 2003 259 2064 lium
283 2003 418 2079 generale
436 2002 617 2064 convocandi
634 2015 704 2065 sunt
721 2023 787 2068 oro·
826 2005 881 2065 sito
900 2004 1112 2082 Episcoporum
1128 2018 1270 2076 ricomere,
1288 2021 1349 2064 non
1368 2005 1421 2064 iarn
1448 2043 1450 2052 ,

187 2103 238 2150 nes
257 2094 283 2150 ct
300 2086 355 2149 soli
373 2086 520 2165 Episcopi.
540 2085 612 2147 Nam
632 2086 653 2148 ii
671 2088 739 2165 soli,
758 2096 788 2150 et
826 2087 901 2162 exigi
921 2097 1029 2167 potest,
1050 2095 1081 2146 ut
1100 2104 1204 2146 ornnes
1222 2085 1257 2145 ad
1275 2105 1368 2146 uuurn
1389 2086 1422 2146 ad

186 2188 288 2231 ornnes
307 2169 489 2232 convocandi
520 2179 606 2246 sunt,
634 2171 742 2251 qulbus
768 2192 786 2234 a
826 2169 989 2234 Concilium
1001 2170 1140 2248 generale
1152 2168 1424 2240 convenianttluo·

185 2251 300 2316 Christo
316 2254 487 2335 impositum
501 2254 786 2317 estmnnnsdoccn·
826 2257 925 2316 nrinus
947 2255 1025 2318 enirn
1056 2253 1085 2314 id
1112 2254 1183 2329 hat,
1211 2253 1422 2332 impedimenta

185 2335 213 2398 di
235 2346 265 2398 et
288 2338 397 2418 quibus
419 2338 447 2398 in
470 2338 524 2398 hoc
543 2356 666 2399 munere
685 2339 786 2402 diuina
826 2338 944 2419 physion
960 2348 991 2400 et
1009 2337 1133 2400 moralia
1155 2337 1273 2398 obstare
1288 2345 1420 2418 possunt:

185 2420 352 2484 assistentia
379 2421 525 2502 promissa
543 2428 598 2483 est.
623 2420 710 2484 Tales
727 2443 784 2485 au·
825 2424 888 2484 lieri
905 2421 984 2484 enim
1001 2431 1110 2503 potest,
1126 2430 1157 2482 ut
1171 2421 1309 2482 nonnulli
1327 2440 1363 2482 ex
1382 2421 1421 2482 E·

186 2513 244 2568 tem
267 2524 326 2566 non
345 2512 437 2580 sunt,
463 2504 520 2566 nisi
545 2504 639 2586 primo
663 2507 782 2587 quidem
824 2507 956 2587 piscopis
970 2517 1022 2568 aut
1037 2507 1142 2582 senio,
1161 2514 1213 2565 aut
1233 2505 1338 2567 tnorbo
1353 2551 1361 2580 ,
1375 2513 1419 2565 aut

185 2589 330 2671 Apostoli,
346 2597 375 2651 et
394 2588 461 2650 dein
475 2607 577 2650 corum
597 2607 783 2653 successores
825 2589 997 2653 diiiicuttnte
1019 2589 1152 2663 itineris,
1172 2599 1223 2650 aut
1242 2588 1269 2649 vi
1287 2598 1318 2650 et
1335 2589 1421 2649 arntis
1452 2595 1453 2646 t

185 2673 334 2755 Episcopi.
367 2671 436 2734 ldco
463 2671 493 2734 in
517 2673 647 2736 Ecclesia
665 2693 784 2756 semper
824 2674 1084 2749 retirreantur;.vcl
1108 2673 1240 2753 ipsorum
1255 2674 1418 2754 praesentio

186 2759 336 2840 persuasio
364 2766 393 2818 et
417 2757 513 2837 pranis
534 2757 644 2834 riguit,
665 2759 783 2821 nonnisi
824 2759 992 2820 necessaria
1010 2777 1075 2820 esse
1099 2765 1195 2838 potest
1212 2757 1247 2818 od
1271 2757 1420 2819 seductio·

185 2843 348 2924 Episcopos
359 2841 395 2903 ad
408 2841 538 2903 Concilia
551 2842 699 2920 generalia
709 2863 783 2904 con·
825 2841 871 2902 nis
890 2841 1022 2922 pericula
1040 2861 1059 2904 a
1076 2841 1214 2919 gregibus
1235 2841 1299 2902 suis
1324 2860 1421 2902 rento·

188 2927 332 2990 vocandos
354 2944 440 2988 esse:
461 2924 541 2987 unde
570 2925 641 2986 illud
666 2927 783 2989 celebre
824 2928 929 2987 tenda.
950 2926 1101 2988 hhsonum
1122 2935 1220 2986 entem
1244 2933 1323 2986 esset
1342 2926 1420 2986 dice·
1451 2933 1452 2946 ¹

186 3007 398 3092 Imperatorum
418 3007 577 3070 Theodosii
602 3020 631 3071 et
648 3007 783 3072 Valenti·
822 3029 878 3087 re,
896 3009 1043 3072 Christum
1064 3011 1291 3089 promissionem
1315 3010 1351 3070 de
1370 3028 1419 3068 sua

186 3095 266 3158 niani
291 3095 421 3169 dictum,
439 3091 547 3172 Synodi
566 3092 732 3173 Ephesinae
747 3114 782 3155 a·
823 3103 852 3154 et
871 3092 1000 3174 Spiritus
1017 3090 1048 3155 S.
1069 3093 1237 3154 assistentia
1256 3092 1417 3154 cotiditioni

187 3178 239 3240 ctis
257 3178 420 3240 insertum:
442 3196 457 3238 ‹
479 3175 567 3238 Nelos
583 3186 639 3253 est,
655 3179 706 3258 qui
728 3176 780 3241 SS.
823 3178 1000 3258 impossibili
1025 3177 1185 3256 alligasse,
1204 3185 1234 3238 et
1258 3175 1417 3240 Concilium
1450 3241 1451 3256 ,

187 3260 538 3342 Episcoporumcatalogo
546 3259 713 3342 adscriptus
722 3282 779 3324 non
821 3262 960 3340 generale
973 3280 1007 3324 oc
1025 3260 1288 3322 inlellihilesolum
1304 3261 1359 3322 suh
1374 3263 1419 3340 hp·-

184 3354 241 3420 est,
261 3345 344 3406 illum
365 3344 575 3406 ecclesiasticis
600 3347 725 3424 negotiis
753 3355 782 3409 et
822 3345 938 3425 pothesi
957 3345 1032 3422 heri,
1052 3364 1130 3426 qnue
1150 3363 1303 3425 nunquam
1323 3345 1417 3406 verili-

185 3428 452 3490 consultationibus
470 3447 502 3490 se
520 3429 699 3492 immiscere:
723 3431 781 3492 ri·
822 3429 883 3491 cari
900 3430 1017 3510 poterit.
1034 3462 1067 3472 -
1084 3428 1207 3490 Etiamsi
1227 3447 1296 3506 ergo
1315 3448 1370 3490 non
1383 3447 1417 3490 o·

186 3520 242 3574 tem
270 3511 340 3573 illud
372 3509 494 3575 Concilii
522 3513 779 3577 Chalcedonensis:
824 3511 1416 3594 mnesEpiscopiconveniant,concilium
1449 3533 1450 3546 ¹

186 3616 201 3658 ‹
223 3594 301 3657 blittc
322 3595 401 3658 locas
418 3595 600 3674 superfluos;
617 3597 781 3661 Concilium
824 3596 1355 3675 nihilominusgeueraleetinlallibile
1368 3595 1419 3656 hn-

182 3678 396 3761 Episcoporum
416 3687 492 3740 est.»
518 3680 550 3760 b)
569 3681 704 3763 Episcopi
726 3704 782 3745 nu·

185 3774 242 3826 torn
260 3762 291 3825 in
306 3762 437 3826 Concilio
456 3763 563 3826 adsunt
582 3777 613 3827 ut
629 3766 742 3828 indices
754 3775 783 3829 et

183 3847 251 3910 ideo
267 3848 395 3929 prudent
414 3847 480 3910 inre
493 3850 634 3929 srrffropii
651 3851 780 3914 decisioi.

183 3929 256 3994 Nam
270 3932 357 3994 etiam
379 3932 409 3991 in
427 3930 557 3994 Concilio
570 3933 782 4016 hierosolymi·

187 4025 255 4076 tuno
269 4026 333 4095 post
346 4013 462 4076 Petrum
476 4014 600 4077 lacobus
612 4018 695 4079 elisit:
710 4020 784 4081 Pro-

184 4107 249 4176 pter
265 4100 342 4176 quod
358 4115 408 4177 opo
427 4099 523 4160 tredico
536 4099 596 4176 (l),
615 4109 644 4160 et
661 4111 784 4162 senten-

188 4180 229 4240 tia
242 4182 379 4254 synodica
393 4180 439 4240 his
452 4181 548 4239 verbis
561 4193 702 4260 concepta
716 4185 781 4245 luit:

196 4262 292 4324 Visum
311 4271 351 4325 est
369 4262 497 4340 spiritur·
513 4262 546 4326 S.
572 4270 599 4325 cl
624 4265 707 4328 trudis
725 4278 783 4332 etc.

221 4361 254 4422 tlt
269 4369 315 4412 tot.
331 4365 367 4427 ld,
387 4367 421 4412 tu.

824 3679 951 3742 bendum
971 3691 1027 3756 est,
1041 3680 1201 3741 dummodo
1218 3688 1261 3741 tot
1275 3698 1310 3741 es
1323 3681 1417 3741 diter·
1448 3735 1449 3746 ,

823 3765 862 3826 sis
882 3765 962 3827 orbis
986 3763 1125 3826 catholici
1154 3764 1286 3844 partibus
1312 3782 1417 3824 corrue·

824 3849 918 3924 niant,
939 3856 971 3910 nt
995 3849 1149 3911 moraliter
1163 3848 1310 3928 srtfflciottt
1327 3849 1364 3910 od
1382 3865 1417 3910 rt·

822 3932 1137 3996 reicersontEcclesiorn
1147 3933 1295 3995 docentem
1305 3949 1418 4010 reprae-

822 4019 1007 4079 srntooclom.
1036 4015 1079 4076 hd
1107 4015 1138 4077 id
1162 4025 1260 4076 autem
1285 4017 1417 4078 sufficere
1447 4041 1448 4046 ¹

824 4099 888 4161 iure
906 4110 1077 4174 censentur,
1091 4099 1115 4160 si
1134 4118 1168 4162 ex
1182 4099 1307 4175 singulis
1324 4101 1417 4178 regnis

825 4192 853 4244 et
865 4184 1022 4264 provinciis
1036 4183 1118 4244 orbis
1135 4181 1271 4244 catltolici
1290 4191 1334 4244 tot
1348 4202 1417 4244 con·
1446 4239 1447 4246 ,

825 4269 970 4341 verterint,
990 4270 1151 4329 utvnlenut
1169 4267 1333 4328 doctrinam
1354 4269 1418 4327 illo·

824 4369 889 4411 rum
905 4344 1061 4419 rennoruni
1074 4370 1109 4412 uc
1119 4350 1336 4432 provinciarum
1349 4369 1418 4413 cott-
