2910 4732
463 169 534 216 enus
556 171 577 216 ι.
601 169 703 216 suerro
725 171 747 216 ι.
770 169 864 218 cteur
885 171 918 216 11.
1226 151 1268 214 2³

264 253 516 326 ARTICUWSLJ
556 271 559 280 ·
755 247 785 328 c)
804 245 1323 312 etomnibushominibustumsa·=

323 353 353 424 ς,
369 359 450 408 ω...
713 351 752 394 na
770 330 897 410 ratione,
917 341 978 394 turn
998 335 1114 396 cultura
1127 331 1324 429 philosophi-t

301 471 372 519 ιιι
391 472 440 520 ιι·
713 416 1225 564 ⁰³t‘tttt³;.,ttttntttttt·
1242 517 1323 562 ιι..

111 577 139 640 i.
161 575 261 652 Quam
280 580 399 643 difficile
417 580 456 644 sit
478 581 673 664 adaequatam
715 584 794 648 inter
811 585 949 648 homiues
966 585 1060 663 viget,
1080 547 1149 664 qui:
1176 585 1245 646 duro
1273 584 1323 646 de.

68 659 119 725 Dei
143 665 303 728 notionem
324 667 452 742 tradere,
468 667 557 728 etiarn
576 665 675 728 ethni·
715 669 774 731 lieo
791 669 933 749 cogitant,
953 669 1051 750 ipsum
1067 669 1239 749 concipiunt
1255 686 1321 731 eeu·

70 748 95 808 ci
120 746 301 830 Philosophi
324 758 517 827 agnoverunt.
548 747 597 812 Sic
625 748 674 812 Si·
757 753 787 834 a)
806 754 932 834 primam
958 771 1059 816 cuum
1080 751 1214 816 omniurn
1236 770 1311 814 eau-

51 832 218 909 uronides,
240 842 274 894 ut
293 833 382 895 refert
398 833 435 895 ii.
454 833 488 896 Τ.
509 833 611 898 Cicero
626 835 673 915 (i)
714 855 791 914 saur,
812 846 842 900 et
858 838 925 899 ideo

69 924 189 992 rogatus
204 916 244 978 ab
259 916 625 998 Hierone,.Spracusarurn
639 920 676 980 ti·
757 920 789 1001 b)
800 921 837 982 ab
850 921 910 984 alia
921 919 1247 1002 independenteur,seu
1258 937 1312 980 ens

71 1018 177 1077 ranno,
199 1000 274 1080 quiri
290 1002 328 1062 sit
339 1001 430 1078 Deus,
445 1002 675 1064 induciasuuius
715 1025 732 1066 a
747 1023 780 1066 se
798 1005 995 1085 (absolutum)

73 1084 128 1144 diei
148 1085 251 1165 petiit,
272 1094 305 1146 ut
330 1085 385 1146 hac
404 1087 441 1147 de
463 1105 495 1148 re
518 1086 672 1164 cogitaret3
757 1091 788 1169 c)
801 1090 967 1166 intellectu,
983 1097 1012 1150 et
1024 1088 1186 1163 uoluntate,
1201 1093 1231 1147 et
1244 1085 1312 1172 aliis

73 1168 586 1250 quopraeterlapsoduorum,etsic
598 1189 676 1232 sern·
715 1173 839 1235 infinitis
857 1172 1090 1254 perfectionibus
1109 1170 1288 1252 praeditum.

75 1253 274 1333 perplurium
293 1253 409 1315 dierunt
427 1254 563 1316 inducias
578 1273 674 1336 popo·
757 1255 840 1320 Unde
858 1259 939 1320 iuxta
952 1275 1141 1324 communem
1157 1254 1311 1317 hominurn

52 1393 53 1400 ,
72 1336 134 1412 scit,
153 1355 191 1398 ac
214 1337 336 1398 taudem
356 1338 521 1419 respondit,
540 1357 572 1400 se
589 1339 619 1400 iu
639 1357 674 1400 eo
716 1342 867 1404 notionem
888 1341 967 1402 Deus
984 1340 1103 1402 definiri
1121 1347 1228 1421 potest:
1248 1340 1313 1402 Ena

74 1421 168 1481 ninus
187 1421 369 1498 intelligere,
394 1442 452 1504 quo
471 1422 568 1484 acrius
588 1442 675 1484 rnen-
714 1443 785 1503 ose,
801 1425 1103 1507 infinitopcrsectnm,
1117 1423 1312 1488 omniumre·

71 1505 322 1567 temintenderet.
339 1506 572 1568 ltaetTiruaeus
590 1508 670 1588 apud
714 1529 785 1574 rum
801 1528 903 1574 causo.

72 1587 243 1664 Platonem,
264 1599 385 1668 rogatus
408 1610 426 1651 a
450 1589 590 1666 Socrate,
604 1590 675 1672 quid
757 1593 877 1656 i.l{aec
889 1592 1036 1656 notioiarn
1046 1590 1154 1656 sufficit
1168 1591 1206 1654 ad
1217 1590 1312 1654 Deum

74 1683 149 1734 esset
166 1674 262 1744 Deus,
281 1674 471 1755 respondisse
484 1676 589 1736 fertur:
604 1675 676 1755 quid
715 1697 732 1740 a
747 1677 992 1760 quocunquealio
1004 1686 1071 1739 ente
1082 1675 1310 1738 secernendum.

71 1755 148 1818 Deus
167 1757 297 1832 nonsit,
326 1758 407 1835 novi3
428 1758 499 1838 quiti
518 1778 587 1820 vero
612 1761 674 1836 sit,
714 1761 801 1824 Ratio
817 1761 979 1826 theoretica
989 1761 1019 1822 in
1033 1771 1130 1822 eutea
1146 1779 1178 1822 se
1195 1759 1314 1840 requie·
1352 1825 1355 1832 ,

74 1860 131 1901 uon
155 1841 239 1903 nori.
265 1839 331 1921 ipse
361 1843 506 1904 nraninrus
524 1852 553 1904 et
571 1842 675 1905 Philo·
715 1847 782 1922 scit,
801 1846 832 1908 in
849 1865 908 1927 quo
925 1863 1045 1908 causatu
1058 1843 1197 1925 primam,
1210 1845 1313 1906 etsui-

73 1925 184 2004 sophus
203 1933 234 1986 et
252 1924 420 2004 Theologus
438 1924 468 1988 S.
495 1927 676 2005 Augustinus
713 1931 862 1992 ficientem
876 1930 1010 1992 omniurn
1025 1947 1125 1990 rerum
1140 1927 1314 2005 contingen·

76 2009 293 2085 difficultatem,
313 2009 407 2072 Deurn
431 2012 486 2072 rito
516 2012 677 2073 desnriendi
717 2015 789 2078 tiurn
810 2015 933 2076 invenit.
961 2012 1079 2074 Rationi
1097 2011 1265 2093 practicae,
1284 2019 1315 2072 et

74 2112 132 2153 non
149 2094 306 2155 diffitetur.
326 2093 375 2156 Ait
394 2095 472 2156 enirn
487 2093 534 2173 (2)
552 2094 676 2158 «Verius
715 2099 843 2166 stimulis
861 2098 960 2160 cordis
974 2096 1079 2158 satisfit
1094 2113 1148 2176 per
1161 2095 1259 2158 ideam
1271 2094 1314 2156 ie·

76 2177 220 2254 cogitatur
234 2176 325 2254 Deus,
347 2197 435 2258 quarn
455 2179 575 2254 dicitur,
590 2189 677 2242 etre-
714 2183 881 2261 gisiatoris,
900 2181 1019 2257 iudiciS,
1040 2179 1209 2260 summique
1227 2179 1312 2255 boni,

74 2262 133 2322 rius
148 2269 207 2329 est.
229 2280 318 2341 quant
338 2263 579 2340 cogitarentur
603 2265 673 2345 (3):
716 2285 792 2348 quae
820 2267 850 2328 iu
880 2267 1001 2328 notione
1019 2264 1096 2326 entis
1114 2263 1267 2326 intellectu
1285 2271 1315 2324 et

76 2345 186 2406 «Deus
206 2345 367 2410 ineffabilis
389 2355 444 2408 est:
461 2347 578 2409 facilius
600 2348 676 2410 dici·
715 2353 889 2427 voluntate,
910 2351 1035 2429 aliisque
1063 2347 1188 2410 infinitis
1214 2347 1280 2428 peri
1297 2380 1313 2394 -

76 2448 152 2504 rous,
174 2429 248 2509 quid
269 2449 330 2492 uon
353 2429 402 2506 sit,
420 2450 510 2510 ‹puatn
535 2432 605 2512 quid
625 2433 673 2496 sit.
716 2435 866 2498 ctionibus
886 2433 1014 2516 praediti
1036 2433 1217 2496 continetur.
1238 2431 1315 2494 Tra-

72 2512 258 2584 —Quaeris
287 2513 360 2596 quid
384 2515 444 2576 sit?
469 2516 548 2596 quod
574 2517 677 2580 oculus
715 2519 777 2582 dita
795 2537 914 2601 quoque
933 2518 1015 2581 notio
1033 2537 1051 2580 a
1066 2535 1245 2598 quocunque
1263 2535 1313 2578 sa·

74 2617 132 2658 nou
149 2598 237 2674 uidit,
254 2615 309 2660 uec
327 2599 407 2660 auris
427 2599 549 2676 audivit,
570 2619 626 2664 nee
645 2601 675 2662 in
716 2623 754 2664 na
769 2603 883 2666 ratione
903 2602 998 2666 utenti
1012 2601 1137 2678 intelligi
1156 2607 1265 2682 potest,
1286 2608 1316 2661 et

76 2700 126 2742 cor
143 2681 277 2743 hominis
295 2683 439 2744 ascendit.
457 2681 674 2765 Quidquaeris,
716 2686 753 2750 ab
771 2688 831 2749 illis
850 2687 953 2765 etiam,
969 2686 1021 2767 qui
1036 2685 1168 2764 genuina
1182 2684 1315 2766 philoso-

76 2775 107 2825 ut
124 2765 268 2826 ascendut
284 2765 315 2827 in
334 2768 478 2845 linguatu,
495 2769 573 2848 quoti
587 2769 677 2830 incor
716 2771 803 2851 phica
821 2772 937 2834 cultura
955 2770 1081 2852 praediti
1103 2777 1184 2847 suut,
1208 2785 1316 2848 appro-

75 2869 132 2910 oon
156 2850 333 2912 ascenditir
354 2851 675 2947 TDeusenintinsr-
716 2855 893 2918 baridebet.
1379 2897 1402 2933 ·,

76 2933 154 2994 uitus
174 2941 231 3009 est,
252 2943 282 2996 et
300 2953 353 2997 ens
372 2937 521 3004 infinitum
544 2947 676 3000 amente
746 2934 1316 3004 Noto.iiecentioresuonnuliiPhiloso-

76 3017 201 3079 iinitota
221 3038 282 3079 nou
301 3027 397 3100 potest
409 3021 634 3102 comprehendi,
647 3030 677 3084 et
715 3024 781 3106 phi,
795 3023 849 3086 Dei
862 3024 1014 3086 notionem
1027 3029 1204 3097 statuentes,
1214 3019 1316 3082 tenni-

77 3103 166 3162 ruuito
190 3102 291 3164 minus
316 3103 414 3165 verbis
439 3105 576 3186 exprimi.
606 3105 675 3168 ideo
717 3109 763 3170 nis
776 3108 847 3170 hinc
865 3109 934 3170 inde
948 3106 1095 3181 obscuris,
1112 3113 1142 3166 et
1153 3104 1263 3184 ignotis
1278 3125 1315 3166 u·

79 3187 217 3264 perfectu,
232 3195 262 3248 et
277 3189 424 3268 compieta
432 3188 587 3266 Deinotio,
600 3210 676 3270 quae
716 3200 831 3270 tuntur,
848 3193 900 3273 qui
915 3209 978 3253 reun
996 3189 1195 3252 definiendam
1208 3189 1316 3251 clorio-

78 3279 166 3332 totuur
181 3271 332 3332 obiectum·
346 3274 431 3354 quasi
445 3273 611 3352 exireuriat,
628 3276 677 3338 da·
716 3275 990 3338 remnonredduut.
1001 3273 1091 3338 Recte
1103 3284 1202 3336 autern
1214 3281 1316 3334 monet

77 3353 101 3413 ri
122 3355 239 3436 nequii·
716 3360 757 3423 Gi.
776 3361 944 3434 Buttmann,
958 3358 1110 3419 veritatem
1126 3357 1234 3419 surnrni
1248 3377 1314 3419 nro-

122 3439 152 3500 2.
177 3440 282 3520 Neque
313 3448 371 3502 tarn
404 3443 535 3523 perfecta
556 3442 675 3506 divinae
717 3444 809 3506 rneuti
829 3442 1002 3519 indefinitis,
1016 3440 1174 3519 ambiguis,
1188 3449 1217 3502 et
1231 3454 1333 3522 paras

77 3525 223 3586 esseutiae
245 3525 374 3602 cognitio
401 3526 487 3588 nobis
507 3527 675 3590 necessaria
716 3528 799 3590 doris
822 3526 957 3588 terminis
986 3545 1047 3590 non
1072 3545 1137 3589 esse
1159 3526 1312 3608 iun-olven-

77 3615 130 3682 est,
150 3610 201 3670 sed
227 3609 336 3672 sufficit
350 3611 479 3689 cognitio
501 3612 578 3688 talis,
598 3631 674 3693 quae
716 3613 784 3676 darn
804 3611 863 3694 (i).

117 3691 147 3771 a)
165 3694 361 3756 sufficientem
380 3695 416 3756 de
435 3695 603 3769 existentia,
623 3715 674 3758 or·
905 3725 1077 3774 Amemus
1092 3725 1140 3775 11.

78 3772 155 3852 dine,
176 3787 206 3839 et
224 3782 282 3840 tine
311 3777 400 3842 huius
428 3777 563 3844 Universi
587 3780 674 3844 uobis
1013 3833 1054 3892 ²7

80 3875 194 3922 causam
213 3861 354 3940 assignet,
736 3915 738 3920 .
952 3829 994 3942 :S-
1023 3929 1029 3940 ,
1057 3862 1066 3880 ’

117 3942 149 4023 b)
167 3945 276 4007 rationi
293 3945 325 4006 in
353 3946 447 4027 ipsius
470 3946 674 4010 functionibus
918 3928 1044 3976 ¹³¹¹⁵¹⁰¹¹²¹²¹
1060 3929 1109 3975 ⁰²¹·
1180 4019 1188 4033 ·
1291 4019 1298 4032 ‚

79 4024 256 4104 theoreticis,
273 4037 303 4091 et
317 4031 465 4110 practicis,
479 4051 533 4094 nec
546 4049 607 4094 uon
621 4030 674 4094 sti·
771 4025 839 4090 Sola
857 4024 952 4102 notio,
971 4043 1024 4086 seu
1042 4023 1109 4116 idea
1136 4019 1190 4083 Der
1207 4026 1315 4113 nostrus

79 4111 163 4172 mulis
180 4115 277 4176 cordis
295 4114 471 4190 satisfaciat,
583 4176 584 4180 ,
715 4110 918 4198 facultatibus,
946 4118 976 4172 et
998 4108 1127 4170 stirnults
1146 4114 1324 4182 nonsatis.
1392 4194 1399 4210 ἱ

106 4242 137 4299 ii)
153 4243 184 4291 De
198 4248 246 4292 nat.
262 4248 330 4293 Deor.
345 4247 369 4291 i..
385 4245 406 4292 i.
423 4257 443 4292 c.
459 4247 498 4295 22.
662 4251 677 4306 t,
708 4240 711 4248 '
745 4245 780 4303 (ὅ)
794 4243 836 4290 iin.
852 4245 876 4290 in
892 4243 925 4288 Ps.
942 4243 978 4286 85.
994 4253 1017 4285 n.
1032 4238 1070 4284 t2.

105 4303 137 4362 (2)
152 4305 174 4350 i..
189 4308 212 4353 7.
225 4307 254 4366 tle
270 4308 334 4354 Trio.
350 4309 373 4352 C.
391 4308 402 4352 -i
419 4318 442 4354 u.
455 4307 477 4354 i.
669 4311 679 4348 ’.
745 4303 858 4364 ispi-11.
873 4301 944 4362 Mo.
959 4311 1011 4358 pun.
1027 4297 1076 4343 {37-
1132 4381 1158 4388 „.
1179 4302 1187 4308 ”
