2918 4734
434 187 507 235 nans
530 187 564 242 n.
587 185 690 236 εεετιο
710 185 732 232 r.
754 184 849 232 mour
869 184 891 230 r.
1203 159 1242 224 ιι

59 259 297 342 quentaimodom
311 265 425 330 habeti
442 265 511 328 libri
527 285 595 328 rnox
607 263 645 328 ab
684 263 817 328 Eandem
825 281 895 342 ergo
903 269 935 326 et
943 258 1286 342 numerosamque

60 345 183 407 omnibns
208 349 315 410 reiecti
342 359 432 428 sunt,
455 351 525 432 quia
542 367 644 412 eorum
686 367 754 410 cunr
774 347 915 424 nutrivit,
934 343 1051 419 didicit,
1068 343 1120 426 qui
1138 350 1217 406 certe
1235 347 1284 404 et-

58 429 207 510 mppositio
227 431 316 496 iacile
334 435 450 496 detecta
472 433 547 511 luit,
566 433 609 496 ita
629 451 646 496 e
686 433 765 510 iam,
784 431 854 494 dnm
874 429 905 492 in
923 429 991 490 aula
1008 427 1090 504 regia
1104 434 1283 504 versaretur,

57 513 191 575 contrario
208 513 433 580 Pentatencbus
449 518 488 580 ab
506 517 646 581 omnibus
686 534 745 578 non
765 515 802 578 ab
819 513 901 578 omni
918 531 984 575 curn
1003 509 1146 574 Hebraeis
1160 526 1284 575 consor-

57 597 198 678 recipitur,
220 610 252 660 et
275 619 395 685 semper
417 610 553 684 receptus
576 601 644 678 luit,
687 601 728 661 tio
746 597 902 676 abstinuit,
919 596 956 658 ad
975 614 1060 678 qum,
1079 613 1146 655 cunr
1164 615 1182 658 a
1200 611 1285 676 prae-

56 683 114 760 qnia
131 683 216 744 nulla
235 683 321 746 adest
340 687 418 748 ratio
441 687 478 748 tie
501 687 567 750 eius
589 705 646 746 an·
686 681 764 746 dicta
782 683 850 746 aula
867 681 1041 760 aufugisset,
1057 696 1208 756 regressus
1227 684 1282 742 est.

56 764 235 828 theuticilate
255 769 431 848 dubitandi,
449 769 509 831 imo
525 769 647 831 solidis·
685 767 838 830 Abscnum
858 765 949 844 igitur
967 769 1013 826 est
1034 763 1151 837 dicere,
1168 761 1285 844 hioysen

55 849 118 910 sima
130 850 208 912 hanc
222 853 352 933 probant
363 863 546 931 argumenta.
559 853 648 916 Prae·
687 853 816 931 linguam
833 850 1005 912 hebraicam
1019 866 1078 908 non
1094 847 1244 926 calluisse,
1256 854 1287 907 et

56 933 284 998 clarcPoscbnlis
293 937 341 1018 (l)
354 938 405 999 ait:
416 937 575 1015 (lingnam
587 938 648 1000 dis·
686 937 717 997 in
727 956 764 998 ca
773 935 1005 998 Pentateuchum
1021 931 1151 994 scribere
1161 950 1220 992 non
1234 949 1286 1011 po·

55 1019 156 1080 crimen
166 1028 214 1080 est
226 1021 437 1098 interlibrum,
447 1041 535 1103 quern
548 1021 647 1102 aliqua
687 1019 791 1082 tuisse.
812 1019 931 1080 Falsum
947 1035 1034 1099 porro
1049 1023 1104 1091 est,
1118 1015 1198 1096 quod
1210 1011 1285 1076 Vol-

56 1102 157 1181 prirata
171 1122 303 1183 persona
317 1107 428 1186 spargit
442 1105 473 1166 in
489 1107 646 1186 populum,
688 1105 761 1166 taire
780 1121 846 1165 cum
868 1110 948 1164 tanta
965 1099 1144 1163 confidentia
1167 1096 1284 1176 asserit,

56 1194 81 1245 et
91 1185 198 1247 librum
216 1188 328 1268 (qualis
342 1199 388 1251 est
400 1189 646 1270 Pentateuchus),
686 1189 800 1251 litteras
822 1185 1024 1270 alphabeticus
1049 1193 1119 1246 tunc
1145 1182 1286 1264 temporis

56 1270 80 1330 in
100 1289 156 1351 quo
182 1273 250 1352 ipse
273 1274 401 1354 populus
423 1272 567 1336 formatus
590 1283 645 1335 cst.
688 1273 719 1332 in
735 1292 792 1334 usn
806 1291 865 1333 non
879 1271 981 1332 luisse.
996 1267 1067 1332 Nam
1083 1269 1223 1337 Cadmus,
1235 1269 1286 1350 qui

54 1352 99 1415 llic
112 1363 174 1416 tarn
194 1357 339 1438 antiquus
357 1376 422 1421 csse
441 1358 541 1436 debet,
558 1376 647 1440 quam
688 1357 801 1418 litteras
818 1356 853 1416 ad
872 1355 998 1418 Graecos
1016 1354 1176 1428 transtulit,
1195 1350 1285 1434 Mopsi

55 1439 175 1519 populns
194 1437 302 1520 ipse.»
688 1459 814 1503 coaevus
831 1439 905 1500 luit:
926 1458 995 1518 ergo
1013 1457 1063 1500 eas
1080 1445 1151 1500 tunc
1170 1437 1286 1499 habue-

89 1523 152 1586 Ohi.
179 1522 212 1583 2.
242 1522 351 1588 Ornnes
376 1525 518 1603 latentur,
538 1525 648 1588 Penta·
689 1533 759 1586 runt
770 1523 903 1606 Aegyptii
917 1532 947 1584 et
959 1519 1167 1598 Phoenices,a
1200 1521 1289 1584 uibus

53 1607 189 1668 teuchum
209 1608 394 1686 originaliter
410 1610 442 1672 in
467 1610 568 1689 lingua
593 1610 648 1672 1ε-
688 1609 755 1670 111εε
774 1617 951 1690 receperunt
965 1603 1080 1669 Graeci.
1095 1605 1160 1688 lpse
1171 1541 1287 1668 111ιεί-

53 1688 146 1752 braica
160 1703 317 1755 exaratum
331 1694 434 1756 inisse.
449 1691 518 1770 Sed,
532 1694 557 1758 si
571 1693 650 1775 blop-
688 1711 789 1776 repro
804 1711 886 1754 more
904 1710 958 1754 suo
977 1691 1032 1752 hac
1050 1690 1081 1751 in
1095 1709 1127 1752 re
1141 1691 1197 1752 sibi
1213 1709 1287 1754 con-

53 1792 93 1834 ses
114 1773 207 1836 esset*
223 1775 319 1857 ipsius
343 1787 456 1856 auctor,
480 1779 650 1860 aegyptiaca
690 1775 822 1854 tradicit,
838 1775 908 1838 dnm
928 1775 985 1837 alio
1003 1773 1034 1836 in
1051 1775 1116 1837 loco
1132 1775 1179 1854 (2)
1198 1775 1286 1836 adse-

52 1857 146 1936 lingua
165 1863 356 1942 conscriptus
373 1863 488 1941 inissem
509 1882 589 1939 nam,
609 1863 650 1925 a'it
690 1870 788 1938 verat,
811 1861 1092 1935 Souchouiotoaem,
1112 1858 1285 1940 antiquissi-

56 1941 203 2020 l'olteire,
221 1941 448 2034 blopses,·sicnt
470 1947 559 2008 etiam
585 1945 650 2010 eius
691 1965 771 2008 nrum
789 1944 1018 2016 Phoeniciarum
1041 1961 1139 2005 rernm
1158 1943 1286 2023 scripto-

53 2029 196 2106 populus‚
215 2028 247 2088 in
265 2029 395 2111 Aegypto
421 2039 507 2093 natus
532 2037 595 2106 est,
616 2049 650 2093 ac
690 2049 775 2106 rem,
801 2026 906 2110 Moysis
929 2029 990 2092 iere
1009 2035 1141 2108 tempore
1168 2027 1286 2104 uixisse,

51 2109 648 2197 proindelsraelitaetuncnonalioquam
690 2132 837 2196 suumque
853 2113 960 2175 librum
975 2111 1080 2174 litteris
1091 2109 1288 2192 alphabeticis

51 2195 221 2276 aegyptiaco
246 2214 383 2260 sermone
407 2198 577 2261 utebantur.
597 2197 664 2262 liis·
691 2217 836 2262 exarasse.
852 2195 991 2260 Nonnulli
1005 2196 1106 2258 Patres
1120 2215 1186 2258 cum
1205 2197 1287 2258 anti·

52 2279 173 2356 accedit,
188 2279 270 2359 qnod
285 2280 417 2363 Aegyptii
432 2291 503 2344 tunc
518 2283 649 2346 noudum
690 2281 842 2365 quissimis
865 2281 1059 2364 scriptoribus
1076 2281 1237 2361 Eupolemo
1259 2290 1288 2344 ει

52 2380 156 2444 papyro
188 2372 357 2442 uterentur,
383 2366 435 2429 sed
464 2368 650 2430 characteres
689 2367 844 2447 Artopouo
862 2365 1055 2442 contendunt,
1071 2363 1287 2446 bloysenlitte-

51 2465 114 2507 suos
133 2446 374 2529 hieroglyphicas
392 2453 533 2514 marmori
551 2452 595 2514 vel
611 2452 649 2513 li·
690 2471 789 2514 rarum
809 2449 1061 2533 alplraheticarum
1081 2448 1286 2512 hebraicarum

50 2548 100 2606 gno
121 2531 340 2612 insculperent.
362 2531 448 2606 Quali
472 2553 541 2613 ergo
565 2537 649 2616 copia
690 2537 872 2597 inventorem
892 2535 994 2610 luisse3
1015 2533 1065 2596 alii
1082 2553 1150 2596 vero
1169 2553 1235 2596 cum
1253 2534 1284 2599 S.

52 2613 183 2693 lapidum
203 2623 256 2676 aut
279 2616 424 2695 lignorum
450 2638 525 2700 opus
545 2619 650 2682 inisset
689 2620 858 2701 Augustino
877 2619 924 2699 (3)
946 2619 1067 2694 dicunt,
1086 2617 1203 2682 easdem
1228 2618 1285 2680 iam

51 2697 84 2758 ad
98 2697 251 2778 integrum
267 2699 499 2764 pentateuchum
518 2705 650 2766 conseri·
690 2714 759 2766 aule
772 2701 888 2784 Moysen
904 2702 933 2764 iu
950 2722 1004 2764 usu
1020 2702 1122 2765 luisse.
1138 2701 1238 2782 Neque
1251 2721 1287 2764 o-

52 2779 200 2844 bendum?
212 2792 242 2845 et
255 2804 331 2846 anne
347 2786 506 2848 verisimile
518 2796 573 2864 est,
589 2797 649 2850 tarn
691 2807 746 2869 pus
770 2787 846 2864 luit,
869 2795 902 2848 ut
923 2785 1034 2868 blopses
1052 2785 1285 2849 Pentateuclrum

53 2867 227 2929 artificiosas
242 2869 405 2950 sculptores
419 2871 449 2932 in
464 2870 579 2934 deserto
595 2871 650 2934 ad·
691 2871 780 2952 lapidi
800 2873 843 2933 vel
862 2871 941 2949 ligno
960 2871 1149 2950 insculperet.
1166 2867 1237 2929 Nam
1256 2887 1286 2929 e·

54 2948 152 3026 luisse,
173 2951 207 3028 in
227 2969 286 3032 quo
304 2971 358 3014 nac
376 2963 516 3030 sartores,
534 2975 587 3017 nec
602 2976 651 3018 su·
691 2957 889 3018 rmiitissimus
910 2953 1038 3018 llarclrio
1055 2953 1159 3033 Malloi
1174 2951 1221 3031 (1)
1240 2959 1287 3012 ιε·

53 3040 127 3126 tores
146 3038 283 3115 reperire
302 3038 387 3098 eral‘l
402 3073 444 3084 -
456 3039 608 3102 rlhsonunr
627 3040 651 3102 i·
691 3049 796 3112 statur,
814 3058 953 3121 papyrum
977 3035 1189 3118 antiquissimis
1210 3044 1287 3096 lem·

52 3125 125 3190 gitur
140 3126 189 3179 est
207 3115 324 3200 hlopsen
339 3119 532 3185 Pentateuchi
550 3133 652 3186 auclo-
692 3124 813 3205 poribus
835 3123 865 3185 in
890 3142 945 3184 usu
970 3121 1071 3184 tuisse.
1095 3120 1288 3186 bichillouius

51 3215 109 3260 rem
128 3209 277 3264 statuere.
691 3217 721 3270 et
741 3209 887 3272 Catmelus
903 3207 949 3287 (5)
965 3224 1100 3286 expresse
1118 3203 1286 3282 adverlunt,

87 3285 177 3365 Respo.
205 3286 411 3367 Apparenles,
434 3309 507 3371 quas
534 3287 652 3354 moreni
691 3295 906 3372 etruriamque
919 3299 1032 3352 veteres
1045 3289 1082 3351 ad
1098 3289 1287 3351 scribendum

50 3367 226 3446 adversarii,
241 3371 426 3436 difficultates
437 3375 523 3446 facile
535 3375 662 3438 solvan.
692 3376 863 3452 utebantur,
883 3394 918 3437 ex
942 3373 1043 3455 papyri
1069 3375 1188 3455 plantae
1210 3373 1288 3436 soliis

52 3459 107 3513 tur.
123 3451 251 3517 Constat
268 3456 359 3532 euim,
375 3455 529 3536 Hebraeis,
544 3479 651 3542 quam·
693 3459 721 3520 in
741 3459 797 3522 Nili
816 3459 889 3540 ripis
911 3459 1072 3520 crescentis
1093 3458 1185 3522 inisse
1207 3466 1289 3518 certa
1314 3483 1317 3492 ·

52 3537 182 3630 primum
203 3537 232 3597 in
251 3538 411 3621 Aegyptum
431 3553 582 3620 venerant,
602 3563 652 3606 re·
692 3544 806 3606 ratione
821 3552 1036 3624 praeparatam:
1050 3542 1137 3618 adele,
1149 3541 1227 3622 quod
1243 3559 1290 3601 ve·

52 3637 170 3694 guonem
192 3621 310 3699 Gesseu,
326 3644 402 3706 quae
417 3625 446 3688 in
462 3629 600 3689 extremis
615 3629 651 3690 11-
694 3639 770 3690 teres
787 3629 875 3690 etiam
893 3628 922 3688 in
942 3625 1134 3696 membranis,
1152 3645 1205 3686 seu
1224 3626 1289 3704 pel·

52 3703 138 3795 nibus
158 3703 285 3788 Aegypti
302 3708 440 3772 Arabiam
461 3712 599 3792 respicit,
615 3711 651 3774 atl
692 3713 770 3774 libus
798 3710 972 3774 animalium
1001 3709 1182 3794 scripserim.
1213 3707 1289 3784 Ergo

53 3789 282 3852 inhabitantium
302 3811 470 3856 concessam
488 3797 590 3858 luisse:
611 3797 652 3858 ihi
693 3797 805 3877 absque
832 3795 1004 3858 difficultate
1031 3791 1249 3858 pentateuchus
1272 3808 1289 3850 a

53 3874 134 3967 proin
158 3871 289 3936 liebraei
306 3875 490 3956 habitabant,
508 3881 546 3942 ab
562 3880 654 3962 Aegy·
692 3879 787 3960 Moyse
802 3881 831 3942 in
850 3879 966 3942 deserto
985 3877 1130 3941 conscribi
1150 3873 1256 3954 potuit.

54 3965 117 4030 ptus
146 3959 300 4039 separati,
324 3970 354 4023 et
371 3971 499 4024 veterem
522 3964 650 4042 linguam
736 3961 940 4028 uotut‘tura
952 3965 981 4025 in
995 3959 1193 4026 Pentateucho
1206 3963 1300 4032 scrut„

56 4055 158 4115 suam,
180 4043 293 4104 scilicet
312 4043 501 4124 hebraicam,
524 4067 612 4129 quarn
636 4071 653 4112 a
693 4068 769 4134 quae
787 4048 954 4110 verosimile
971 4067 1031 4110 non
1050 4055 1095 4110 est
1119 4036 1249 4106 notuisse
1272 4058 1292 4104 a

54 4125 189 4200 patribus
202 4128 265 4188 suis
282 4127 456 4210 didicerant,
472 4131 651 4197 retinebant.

723 4203 755 4261 β)
771 4202 795 4248 b.
810 4201 839 4246 18
850 4199 880 4246 de
893 4201 940 4245 cta.
956 4199 982 4244 h.
997 4210 1018 4246 c.
1032 4198 1069 4242 aa.

72 4255 110 4310 'ttt
124 4257 153 4302 ln
166 4259 218 4327 sais
229 4260 324 4314 cogitat
337 4261 369 4332 cle
384 4262 454 4334 hetta.
468 4273 520 4322 cap„
534 4265 558 4310 8.
722 4263 754 4318 ιιι
768 4261 802 4332 tte
817 4271 843 4306 re
858 4259 977 4364 dptnnat
989 4259 1012 4334 t..
1021 4255 1043 4311 t,
1056 4265 1077 4298 ε,
1091 4261 1115 4298 ε.
1150 4247 1158 4265 ’

78 4315 110 4376 m
124 4316 660 4402 ‘’Queruntur-encrueeneum
715 4323 746 4375 ur
761 4321 858 4368 ouoeu
890 4318 984 4366 ouum
999 4317 1120 4360 ereren.
1147 4346 1154 4354 .

1192 4468 1210 4535 'a
