2918 4734
412 186 487 232 raas
506 185 541 232 ιι.
563 183 708 234 sacrior.
733 186 828 234 curor
849 189 882 235 n.
1178 164 1239 237 lid

58 265 176 330 Paolum.
196 263 226 329 S.
246 263 361 344 Lucas,
379 264 431 346 qui
452 263 483 325 iu
501 260 660 358 Errare-l
719 267 750 328 9.
763 267 978 345 Epistolcrnod
990 269 1113 334 cunas
1120 265 1232 332 Paulus
1244 287 1280 332 er

59 353 93 414 lio
108 351 198 414 audita
212 349 352 424 narravit,
374 348 421 409 bio
439 349 501 409 visa
520 365 637 408 memo·
672 347 794 432 'Epheso
810 351 939 431 scripsit.
956 351 1029 414 Cum
1045 354 1125 415 euim
1143 354 1281 416 rescivis-

56 445 105 510 rat,
121 435 185 516 quia
204 443 269 516 post
286 432 451 496 Concilium
467 430 639 511 Hierosoly-
677 442 734 508 set,
746 432 864 496 Galatas
878 452 945 496 mox
957 447 1024 516 post
1036 436 1101 498 eius
1113 436 1279 500 discessum

55 520 182 579 mitauum
199 526 228 579 et
246 515 463 598 dispersionem
478 514 638 594 Apostolo-
677 517 818 599 deceptos
830 516 921 580 luisse
935 538 952 579 a
964 519 1046 582 salsis
1059 519 1214 594 iratribus,
1228 521 1280 602 qui

54 621 109 664 rum
131 602 191 664 lere
216 619 252 663 ea
277 609 391 663 tanturn
410 605 637 674 commemorat,
678 601 772 678 legem
800 602 1047 666 caeremonialem
1073 621 1142 666 curn
1169 603 1227 666 tide
1248 605 1279 666 in

54 704 118 766 qnae
138 683 247 748 Paulus
271 684 342 762 egit,
361 682 446 745 ouius
467 681 639 744 individuus
677 683 825 748 Christum
849 685 1087 764 coniungendam
1113 705 1178 748 esse
1204 706 1280 749 con·

52 787 139 832 comcs
156 779 230 832 erat.
249 766 373 848 Scripsit
390 784 495 846 graeco
514 765 640 827 idioma·
679 767 852 846 tendebant,
864 769 997 849 Apostoli
1012 779 1125 846 autem,
1137 778 1279 852 tanquam

54 862 94 929 te,
109 861 136 914 et
156 852 277 935 quidem
295 850 495 913 verosimilius
513 848 639 926 Romae,
679 852 815 914 acerrimi
831 852 920 914 huius
935 852 1087 916 doctrinae
1103 854 1279 931 adversarii,

53 945 184 1016 tempore,
201 955 261 1018 quo
276 933 307 996 S.
323 935 432 996 Paulus
446 932 477 994 in
493 933 569 995 urbe
584 932 639 994 de·
680 935 886 999 auctoritatem
903 937 1122 1018 deprimebant,
1142 956 1283 1000 necessa·

53 1021 201 1097 tinebatur;
218 1019 342 1082 named
359 1017 432 1084 illud
450 1035 545 1097 usque
562 1025 640 1078 tem·
680 1020 756 1082 rium
774 1019 857 1082 duxit
869 1022 1047 1101 apostolatui
1062 1040 1115 1084 suo
1131 1021 1282 1084 vindicare

53 1123 103 1185 pus
118 1104 254 1183 pertingit
274 1103 397 1164 historia
418 1100 451 1162 in
464 1100 588 1162 Actibus
602 1099 642 1162 A·
681 1104 907 1181 auctoritatem,
926 1113 955 1166 et
977 1105 1116 1183 legalium
1140 1104 1281 1167 abolitio·

53 1189 220 1269 postolorum
239 1195 392 1262 contenta,
411 1202 489 1265 quae
505 1183 542 1246 ah
562 1203 641 1246 anno
681 1205 749 1250 nem
770 1205 823 1268 per
836 1187 982 1250 Christum
1002 1190 1108 1251 lectam
1128 1190 1284 1252 adsevera-

53 1290 128 1333 aerae
144 1280 266 1333 nostrae
285 1271 326 1332 33
345 1288 439 1351 usque
466 1267 502 1330 ad
529 1285 640 1330 aunum
681 1289 726 1348 re;
739 1269 848 1352 quihus
857 1271 997 1334 salutaria
1009 1273 1154 1354 quaedam
1166 1290 1282 1338 morum

52 1357 157 1418 circiter
173 1357 216 1418 63
231 1355 335 1416 currit.
386 1409 389 1413 .
682 1363 843 1436 praecepta
865 1354 987 1417 addidit.

85 1441 112 1501 t.
133 1439 270 1519 Epistola
288 1439 327 1502 od
344 1439 489 1500 Romanos
511 1435 589 1497 inter
606 1454 642 1497 o·
727 1440 776 1501 10.
792 1439 954 1519 Epistolom
967 1440 1006 1504 od
1020 1441 1161 1520 Ephesios
1174 1440 1284 1505 Paulus

51 1540 124 1586 mnes
140 1521 173 1585 S.
190 1521 277 1585 Pauli
297 1521 436 1603 epistolas
451 1520 579 1601 primum
595 1519 642 1580 lo·
681 1521 794 1585 Romae
811 1522 842 1584 in
860 1522 986 1586 vinculis
1005 1525 1143 1605 scripsit:
1168 1526 1206 1588 ab
1225 1526 1283 1589 ali'-

52 1625 108 1668 cum
127 1614 221 1684 tenet,
239 1625 298 1667 non
315 1614 428 1667 tantum
445 1611 567 1685 propter
580 1601 643 1664 llo·
683 1607 793 1688 quibus
810 1607 880 1668 olim
900 1607 979 1670 dicta
1001 1617 1046 1670 est
1060 1609 1100 1672 od
1116 1611 1282 1674 Laodicen-

51 1709 145 1752 manae
155 1689 248 1753 Urbis
263 1698 291 1752 et
301 1688 451 1751 Ecclesiae
464 1687 645 1768 praecelleu·
681 1709 738 1765 ses,
758 1690 833 1754 lorte
848 1690 918 1772 quia
935 1691 1093 1755 eirardoris
1108 1704 1183 1770 erat,
1198 1696 1231 1757 'et
1247 1695 1284 1758 ad

50 1775 124 1852 tiam,
137 1775 191 1838 sed
205 1774 296 1836 etiam
310 1780 432 1854 propter
443 1789 556 1848 rerum,
568 1788 644 1916 ‹ppae
684 1792 788 1836 omnes
805 1774 894 1836 Asiae
911 1774 1001 1836 urbes
1017 1775 1125 1854 misso;
1143 1778 1284 1858 speciali·

50 1857 76 1918 in
98 1878 133 1920 ea
157 1867 338 1931 tractantur,
363 1855 546 1934 gravitatem.
601 1862 645 1915 rta
684 1866 730 1920 ter
743 1866 843 1920 tameo
862 1866 965 1921 rorata
982 1860 1023 1922 cd
1041 1861 1197 1939 Ephesios,
1214 1863 1286 1943 quia

50 1941 189 2022 siquidem
218 1938 411 2004 contentione
437 1938 521 2002 inter·
542 1938 645 1999 fideles
684 1941 1286 2024 EphesusAsiasbletropoliserattluid-

50 2025 148 2104 partim
165 2045 202 2087 ιι
214 2023 378 2098 Iudaismo,
395 2023 501 2104 partim
515 2040 551 2083 ex
564 2020 645 2085 Gen·
685 2025 757 2108 quid
775 2025 826 2101 sit,
840 2025 974 2105 Apostoli
992 2045 1100 2108 scopus
1119 2038 1164 2092 est
1182 2029 1284 2112 Ephe-

51 2109 154 2172 tilismo
173 2127 347 2183 conversos,
362 2125 427 2169 curn
447 2106 565 2187 utrique
584 2104 646 2166 suis
685 2110 757 2186 sios,
768 2127 843 2190 quos
854 2110 890 2171 ad
902 2109 988 2172 tidem
998 2109 1118 2187 Christi,
1131 2132 1184 2194 per
1196 2114 1285 2176 trien·

49 2193 157 2256 meritis
168 2191 324 2270 Evangelii
337 2191 461 2270 gratiam
477 2199 648 2268 arroganter
686 2193 769 2254 nium
785 2194 832 2264 die
847 2212 881 2254 ac
896 2202 981 2256 nocte
1000 2195 1150 2274 laborans,
1164 2197 1284 2278 iampri-

51 2277 264 2348 adsoriberent,
280 2275 407 2337 ostendit
424 2273 535 2336 Paulos
549 2271 647 2334 neutri
686 2277 754 2339 dem
770 2284 964 2354 converterat,
977 2277 1008 2339 in
1023 2279 1080 2341 lude
1094 2283 1284 2358 contirmare,

49 2362 118 2440 parti
137 2362 234 2422 licere
253 2361 289 2420 de
308 2358 369 2420 suis
385 2359 498 2420 rneritis
513 2355 646 2436 gloriari,
687 2373 717 2423 et
742 2359 916 2422 sublimiora
937 2362 1089 2440 religionis
1107 2365 1287 2428 christianae

53 2443 177 2506 hominis
201 2442 442 2506 iustificatiouem
465 2442 576 2504 donum
594 2438 648 2502 Ilei
690 2444 827 2525 mysteria
844 2445 1005 2524 perfectius
1025 2447 1159 2512 edocere.
1197 2473 1208 2506 ι

51 2547 109 2590 esse
121 2527 250 2591 omnino
264 2527 438 2606 gratuitum,
451 2543 577 2606 eamque
589 2542 648 2585 uon
732 2529 782 2589 ll.
796 2529 959 2608 Epr'stolom
971 2531 1010 2592 od
1020 2532 1222 2613 Philippenses
1233 2551 1288 2613 pa-

52 2629 85 2672 ιι
101 2613 166 2688 lege
188 2621 219 2673 ιι
244 2608 358 2672 meritis
380 2628 523 2690 operum,
542 2608 595 2670 sed
614 2625 649 2670 ex
689 2613 763 2674 riter
776 2611 884 2674 Paulus
898 2611 1008 2676 Romae
1022 2614 1053 2676 in
1068 2617 1193 2680 vinculis
1211 2616 1287 2678 scri-

49 2695 103 2758 lide
121 2695 233 2759 Christi
253 2693 411 2776 proficisci.
691 2696 760 2777 psit.
780 2695 985 2776 Philippenses
1003 2698 1082 2760 enim
1099 2700 1287 2781 Apostolum,

91 2781 119 2842 l.
132 2779 302 2860 Epistolom
313 2779 331 2840 l
339 2779 378 2839 od
391 2777 559 2840 Corinthios
569 2774 650 2836 Pau·
691 2799 708 2840 a
723 2798 782 2859 quo
797 2779 834 2841 ad
849 2781 935 2842 tidem
950 2781 1141 2845 christianam
1156 2781 1289 2845 conversi

53 2863 94 2924 lus
106 2863 244 2944 scripsit,
255 2879 321 2923 cum
337 2861 392 2942 ipsi
406 2861 443 2922 ab
455 2861 558 2922 amicis
572 2877 650 2921 nun·
692 2864 820 2938 lucrant,
834 2873 934 2926 tenere
949 2866 1100 2942 ornabant,
1112 2867 1200 2947 eique
1214 2883 1289 2926 con·

54 2947 153 3008 tiatum
169 2947 240 3022 luit,
253 2945 375 3014 dissidia
389 2945 419 3006 in
433 2943 650 3008 Corinthiorum
691 2947 872 3008 stantissime
890 2948 1100 3023 adhaerebant,
1117 2959 1206 3030 atque
1223 2948 1290 3010 ideo

55 3029 184 3094 Ecclesia
198 3039 302 3092 exorta
315 3046 391 3104 esse,
403 3037 432 3090 et
447 3029 561 3110 aliquos
575 3027 652 3088 abu·
693 3031 763 3111 ipsi,
781 3048 848 3092 oum
868 3030 978 3094 llomae
995 3032 1183 3094 detinebatur
1200 3032 1292 3113 capti·

53 3133 99 3175 sus
114 3115 145 3177 iu
163 3115 292 3176 candem
308 3112 474 3193 irrepsisse.
491 3111 603 3173 ldcirco
617 3110 655 3171 A·
694 3134 765 3189 vus,
785 3114 949 3176 subsidium
972 3116 1115 3177 miserunt
1141 3135 1194 3198 per
1211 3117 1289 3196 Epa·

54 3195 606 3278 postolusgentiumexnrbeEphesina
618 3193 653 3254 ad
696 3197 876 3278 phruditum.
895 3198 1027 3260 Eundem
1045 3199 1153 3262 Paulus
1169 3201 1204 3262 ad
1221 3201 1293 3262 Plri-

54 3277 658 3364 ipsosepistolamdedit,egregiislleligio·
696 3284 846 3363 tippeuses
860 3281 974 3342 remisit
987 3301 1053 3345 cum
1067 3283 1205 3364 epistola,
1218 3283 1294 3365 quae

54 3367 97 3426 uis
111 3385 148 3427 ac
164 3383 284 3426 morum
300 3364 485 3425 documentis
505 3363 654 3425 refertam.
697 3365 775 3428 sacili
800 3364 867 3426 stilo
890 3365 1001 3445 scripta
1024 3375 1157 3429 tenorum
1183 3369 1295 3449 ubique

36 3443 40 3454 '
93 3445 658 3528 8.EpictetumllodCorinthiosPau·
697 3466 828 3510 amorem
845 3457 875 3509 et
892 3458 1043 3527 paternam
1063 3452 1294 3514 sollicitudinem

54 3531 98 3593 los
113 3532 262 3609 exaravit,
276 3550 342 3592 cum
357 3551 373 3591 a
386 3530 553 3607 Timotheo,
568 3548 657 3611 quem
698 3533 808 3612 spirat,
828 3533 978 3612 praeclare
998 3536 1167 3615 mysterium
1194 3537 1296 3597 incor-

56 3614 231 3678 Corinthum
253 3615 383 3692 miserat,
405 3615 574 3690 audivisset,
593 3615 657 3694 ple·
700 3615 829 3678 nationis
847 3616 1003 3695 proponit,
1022 3627 1052 3680 et
1070 3619 1105 3680 ad
1123 3620 1219 3682 varias
1236 3619 1296 3681 vir·

56 3718 169 3781 rosque
185 3699 406 3762 Corinthiorum
423 3717 476 3780 per
489 3699 612 3780 primam
629 3716 659 3758 e·
700 3710 778 3761 tutes
796 3700 978 3761 exhortatur.

59 3785 199 3860 pistolam
222 3783 360 3849 mehores
380 3783 471 3844 iactos
489 3801 571 3844 esse:
593 3781 659 3855 ideo
744 3782 794 3843 ta.
808 3783 1023 3863 Epistolcmod
1035 3784 1299 3849 Colossensesl‘au·

57 3866 128 3928 haec
161 3866 290 3948 epistola
316 3867 414 3945 priore
439 3866 545 3940 lenior,
572 3865 660 3926 beni·
701 3867 747 3928 lus
761 3885 795 3928 eu
811 3868 912 3928 eodem
929 3886 1047 3930 carcere
1061 3871 1191 3950 scripsit,
1204 3877 1236 3930 ut
1249 3885 1300 3927 eos

58 3952 191 4024 pniorac
204 3949 659 4029 lereubiqueconsolatoriaest:
702 3971 719 4010 a
737 3951 889 4012 virulentis
912 3951 1126 4014 haereticorum
1151 3949 1298 4029 dogmati·

60 4031 147 4095 bouis
165 4053 274 4113 nempe
288 4035 324 4095 de
338 4038 419 4093 tirma
433 4034 488 4094 sude
503 4041 531 4094 et
547 4034 662 4093 sincero
703 4033 759 4096 bus
778 4035 898 4110 extruat,
916 4043 945 4096 ot
965 4045 995 4096 ut
1013 4035 1041 4096 in
1060 4037 1115 4096 lide
1134 4033 1299 4116 evangelica

59 4117 180 4178 virtutis
198 4118 295 4180 studio
314 4119 476 4194 gratulatur
495 4137 504 4195 ;
529 4116 663 4178 Pseudo·
704 4118 870 4179 conhrmet:
889 4118 967 4180 uude
982 4138 1047 4179 curu
1064 4118 1302 4198 Pserrrloaposlo·

59 4201 264 4280 apostolorum
294 4219 363 4261 vero
382 4201 439 4262 sihi
470 4200 663 4264 invidentium
705 4202 800 4263 lorum
828 4219 944 4270 errores
970 4201 1190 4278 redarguisset,
1218 4220 1304 4282 prae·

61 4283 334 4354 obtrectationibus
351 4285 522 4368 respondet.
682 4364 684 4369 .
706 4287 819 4348 clarum
848 4283 1017 4365 suppeditat
1034 4284 1246 4365 corrupendium
1267 4285 1307 4347 de

1208 4494 1222 4533 9
