2934 4736
436 211 516 266 rans,
531 212 575 256 ιιι.
599 211 701 254 suerro
721 211 754 254 ιι.
779 211 872 256 etrus
895 210 926 254 ιι.
1179 191 1257 256 'Edi

59 286 171 350 liscum
190 289 224 352 io
239 295 404 368 netmnatnt,
420 289 564 370 Spiritum
580 290 660 352 oeri—
701 308 719 349 a
737 287 851 351 Christo
864 287 1031 350 institutum
1049 285 1087 350 ob
1103 285 1302 355 assistentiam

56 373 144 448 totis,
167 373 219 458 qni
245 375 325 456 apud
346 392 396 436 vos
417 373 562 449 monebit,
582 383 609 435 et
626 375 660 436 in
700 372 830 434 divinant
850 372 1008 438 insaltibile
1028 370 1303 454 est‚it1e‚quttte-

54 457 133 520 nohis
152 459 251 519 erit...
274 457 332 540 (l).
353 459 405 526 illc
426 475 476 519 vos
498 457 607 520 docebit
625 476 659 519 o·
701 457 821 521 ctesiam
833 469 896 518 'nou
913 456 1008 531 audit,
1022 455 1188 534 gravissimi
1204 457 1305 522 crirni·

55 541 149 615 moin,
166 549 193 603 ct
208 550 342 622 supparet
354 537 433 606 eolis
447 543 558 616 omnic,
573 559 660 622 quac·
700 542 747 607 nis
765 541 1022 618 reusdeclaratur,
1039 540 1157 602 dicente
1173 539 1301 607 Christos

56 619 172 771 cacapite
187 624 291 691 diacre
305 627 383 688 nolis
395 625 453 706 (ἓ),
466 625 599 688 Christus
614 645 660 686 er·
699 625 734 688 Si
750 625 912 688 Ecclesiam
929 642 991 694 hott
1011 625 1153 702 auderit,
1182 624 1222 688 sit
1250 627 1304 690 tili

55 728 89 796 po
129 710 259 792 postolis
274 711 336 772 suis
350 717 572 794 permanentem
589 707 658 792 Spi-
699 709 913 774 sicwtttcthnictts
925 718 950 770 ct
957 708 1201 790 puhlicoocslb).
1216 707 1303 771 Tanti

54 793 128 854 ritus
140 789 174 860 S.
187 793 388 856 assistentiam
400 795 430 855 in
442 793 576 855 docendo
588 813 658 880 pro·
671 858 674 873 ⁸
700 793 833 856 criminis
851 811 920 854 reus
938 793 1070 874 prolecto
1082 793 1142 854 dici
1158 812 1217 862 naen
1232 801 1302 874 pot-

54 872 157 953 misit‚
178 888 211 940 nt
230 877 260 938 in
281 877 479 959 praedicando
498 877 658 956 Evangelio
700 886 756 953 est,
783 877 834 959 qul
857 875 968 938 iudicio
991 876 1144 938 erroribus
1173 876 1302 947 obnoxio

53 979 153 1021 errare
164 963 335 1025 nullatenus
346 963 506 1044 potuerint.
518 961 661 1026 Haecads
699 980 854 1045 assensum
870 981 929 1024 non
942 969 1085 1041 praestat,
1102 961 1303 1048 etsubiectin-

52 1053 113 1105 tem
126 1045 286 1131 promissio
300 1047 375 1108 lacta
390 1056 433 1108 est
445 1048 479 1109 in
491 1055 657 1123 aeternnm,
699 1062 767 1106 rtem
782 1054 881 1122 negat.
895 1044 1028 1107 Christus
1041 1063 1110 1126 ergo
1126 1045 1161 1120 in,
1171 1043 1303 1128 bis'ppno-

52 1138 166 1190 etcum
185 1129 258 1192 baec
274 1149 327 1190 vox
344 1132 454 1212 ubique
470 1131 572 1194 saltem
588 1131 658 1194 lon·
699 1147 757 1210 que
771 1130 870 1191 verbis
887 1127 1038 1191 Ecclesiae
1059 1129 1192 1192 docerrtis
1211 1126 1302 1206 tutat,-

50 1213 207 1290 gissimnm
225 1223 342 1295 tempus
357 1215 504 1294 indigitet,
517 1209 659 1275 assisten-
699 1214 865 1276 libilitatem
879 1211 957 1275 clare
970 1215 1107 1276 asseruit.
1127 1213 1229 1296 Neque
1243 1213 1302 1275 dici

53 1297 94 1357 tia
107 1295 238 1380 Spiritus
251 1295 281 1360 S.
299 1317 359 1359 non
375 1300 412 1360 ad
431 1299 510 1360 solos
529 1299 659 1380 Aposto-
699 1291 808 1378 potest,
831 1297 909 1358 dicta
930 1297 1036 1360 Christi
1056 1298 1093 1360 ad
1112 1299 1191 1359 solos
1218 1297 1300 1379 Apo-

52 1380 96 1441 los
113 1382 254 1460 restringi
268 1391 378 1464 potest,
395 1384 445 1444 sed
463 1392 492 1445 et
504 1383 539 1443 ad
555 1401 657 1444 eornm
699 1383 791 1442 stolos
809 1390 955 1462 spectare.
976 1381 1047 1444 Cum
1068 1383 1148 1446 enim
1166 1382 1302 1444 doctrina

52 1483 242 1528 successores
255 1467 371 1530 extendi
383 1468 483 1544 debet,
498 1467 575 1547 quod
589 1485 659 1528 con·
699 1464 805 1532 Christi
820 1466 862 1528 ,sit
880 1483 934 1550 pro
951 1467 1089 1528 omnibns
1099 1467 1172 1532 locis
1187 1473 1216 1528 et
1228 1473 1303 1528 tem-

52 1550 190 1612 hrmatur
203 1560 264 1611 turn
284 1570 319 1612 ex
334 1551 467 1612 oratione
482 1551 588 1614 Christi
605 1569 657 1631 pro
699 1550 841 1630 poribus,
860 1567 928 1613 cum
946 1551 1078 1612 Ecclesia
1096 1552 1199 1614 eadem
1219 1569 1300 1612 sem-

52 1635 194 1695 omnibus
213 1635 243 1694 iu
259 1654 329 1696 eum
344 1635 503 1696 credituris
518 1636 577 1716 (3),
594 1642 656 1702 tum
699 1653 753 1715 per
771 1634 934 1714 perdurare
949 1634 1069 1712 debeat,
1083 1635 1203 1718 quaein
1220 1636 1301 1716 Apo·

51 1737 194 1778 exsensu
209 1718 430 1799 Apostolorum,
449 1719 498 1800 qui
515 1719 657 1780 directio·
698 1720 781 1779 stolis
802 1719 924 1779 fundata
946 1717 1014 1796 tuit,
1038 1729 1148 1782 etcum
1168 1719 1249 1780 iuxta
1273 1720 1300 1780 i-

50 1820 117 1864 nem
135 1799 266 1884 Spiritus
281 1800 311 1868 S.
330 1804 418 1869 etiam
439 1805 475 1864 ad
494 1803 657 1884 Episcopos
697 1819 766 1882 psus
788 1801 989 1865 protestantes
1010 1804 1130 1880 regulae
1152 1803 1301 1884 practicae

51 1887 251 1948 extendebant
266 1887 325 1968 (d),
345 1896 405 1948 turn
422 1905 457 1949 ex
471 1888 535 1969 ipsa
550 1887 657 1950 Eccle·
697 1887 733 1947 de
747 1886 931 1948 correctione
946 1886 1077 1950 fraterna
1088 1905 1206 1968 semper
1221 1887 1300 1950 obli·

51 1971 112 2031 siae
141 1972 376 2048 constitutione,
404 1991 501 2054 quae,
527 1973 570 2036 uti
598 1971 656 2056 ipsi
696 1981 777 2050 gent3
799 1970 887 2032 etiam
906 1971 969 2046 illa,
989 1990 1065 2052 quae
1083 1971 1120 2033 de
1136 1972 1300 2052 magisterii

50 2053 379 2132 Protestaotesvolunt,
396 2057 520 2121 eandem
538 2074 657 2136 semper
697 2054 889 2116 ecclesiastici
908 2055 1084 2117 anctoritate
1108 2056 1186 2118 dicta
1210 2063 1297 2134 sunt,

51 2157 173 2199 manere
199 2137 303 2220 debet,
333 2141 432 2284 prouti
458 2141 489 2206 in
507 2139 656 2220 Apostolis
697 2158 815 2220 semper
831 2140 929 2202 valere
948 2139 1069 2200 debent.
1286 2213 1288 2218 Ι

52 2223 318 2284 lundataiuit.-
349 2225 656 2304 taquemagisterioa
739 2223 914 2286 3.Christus
927 2224 1047 2285 demum
1061 2223 1212 2286 Ecclesiae
1227 2242 1299 2302 suae

51 2306 166 2370 Christo
190 2305 339 2384 instituto,
360 2328 412 2370 sen
432 2307 583 2370 Ecclesiae
602 2327 656 2388 pro
697 2307 985 2375 indefectibilitatem
1010 2309 1088 2370 clare
1119 2309 1296 2390 pronuntia-

52 2391 288 2472 omnitempore
305 2393 337 2452 in
357 2392 490 2454 docendo
510 2393 657 2475 promissa
696 2393 747 2453 iit.
762 2391 837 2454 Nam
856 2393 902 2473 (l)
921 2391 1004 2454 dicit:
1027 2394 1069 2455 Τιι
1090 2393 1253 2470 esPctrus,
1272 2401 1299 2466 at

52 2476 105 2536 hait
121 2473 235 2538 Christi
261 2484 291 2537 et
315 2475 442 2558 Spiritus
460 2475 490 2539 S.
513 2477 656 2539 assisten-
696 2495 786 2558 super
804 2479 880 2539 hanc
891 2486 1008 2558 petram
1022 2477 1179 2558 oedificabo
1196 2477 1299 2540 Eccle-

52 2561 105 2635 tia,
126 2578 162 2619 ac
185 2559 252 2620 ideo
276 2577 394 2641 semper
411 2561 576 2623 infallibilis
599 2571 655 2622 est.
697 2561 775 2624 siottt
802 2577 919 2638 meum,
938 2570 966 2623 ct
987 2569 1092 2642 portae
1119 2563 1215 2644 insiti
1237 2579 1299 2624 nott

91 2644 121 2704 E.
134 2641 233 2722 Magni
248 2645 391 2707 momenti
403 2645 582 2720 suntrana,
595 2646 659 2726 qni·
693 2647 906 2726 praecellebant
923 2647 1065 2710 odbertus
1089 2663 1164 2708 cum.
1179 2635 1299 2725 ‘itaquis

51 2725 107 2788 bus
126 2727 264 2802 Christus
285 2729 423 2792 fidelibus
445 2730 655 2807 obligationem
699 2741 747 2791 tnr
765 2729 812 2790 hic
826 2727 961 2792 Christus
976 2731 1015 2796 de
1035 2729 1168 2791 Ecclesia
1186 2729 1298 2802 suari„

52 2812 206 2892 imposuit,
227 2813 428 2891 magisteriam
450 2832 467 2875 a
486 2833 517 2875 se
537 2814 658 2875 institn-
698 2815 790 2888 sibili,
810 2831 897 2894 quam
915 2813 981 2878 ideo
1013 2814 1148 2874 aedificio
1174 2809 1297 2892 aontpa-

52 2905 109 2956 tum
125 2944 133 2970 ‚
152 2913 204 2956 sen
225 2897 387 2960 Ecclesiam
416 2898 573 2958 docentem
600 2917 657 2958 au-
698 2906 756 2976 rat,
777 2899 880 2958 hetnae
899 2907 1001 2977 petrae
1013 2895 1230 2966 ittsistenti.'De
1245 2899 1298 2982 hac

51 2979 162 3040 diendi.
185 2979 228 3040 ad
253 2979 409 3060 Apostolos
428 2983 507 3042 enirn
537 2981 655 3062 inquit:
699 2982 788 3043 dicit:
808 2983 916 3045 Portae
935 2981 1030 3060 inseri
1056 2999 1116 3042 nort
1140 2981 1298 3060 procaciae

52 3064 108 3138 (titi
129 3081 181 3126 vos
196 3067 293 3140 audit,
316 3067 658 3146 maurithumanam
699 3068 772 3130 hunt
789 3067 931 3128 aduersus
949 3082 1024 3128 com.
1051 3064 1178 3126 Nonrine
1197 3073 1298 3146 porta-

49 3149 181 3228 tpcrn-t't,
207 3165 252 3210 tna
273 3149 387 3229 sperarit
411 3150 470 3230 (5).
503 3149 656 3232 Aequipa·
698 3170 763 3212 rum
789 3151 921 3232 potentia
940 3149 1112 3226 designatur
1133 3149 1214 3210 iuxta
1231 3167 1298 3210 mo·

50 3239 131 3292 ratur
150 3232 180 3292 in
204 3233 269 3294 istis
291 3234 388 3295 verbis
405 3233 547 3296 iudicium
574 3236 658 3317 Apo·
698 3253 760 3298 rem
779 3229 955 3295 ludaeorum
976 3242 1004 3293 et
1022 3233 1148 3293 aliorum
1166 3237 1299 3303 orienta-

50 3317 196 3377 stolornm
231 3315 340 3379 iudicio
367 3319 462 3400 ipsius
488 3317 605 3380 Christi.
627 3317 658 3379 l·
699 3321 784 3396 lium,
809 3319 859 3399 qni
882 3319 913 3379 in
934 3317 1027 3400 portis
1044 3317 1195 3378 civitatum
1217 3317 1305 3378 iudi-¹

49 3419 99 3480 psa
126 3410 227 3462 autem
253 3419 327 3462 sana
348 3403 424 3462 ratio
448 3403 554 3478 docet,
581 3402 659 3463 indi·
699 3403 745 3465 cia
764 3420 904 3464 exercere
931 3409 1161 3463 consueverunt.
1180 3437 1223 3450 --
1243 3401 1304 3465 Pcr'

49 3485 126 3546 cium
153 3484 280 3546 lallibile
296 3495 324 3550 et
346 3486 504 3547 infallibile
524 3487 657 3547 eiusdem
699 3485 1298 3568 portasinteriergopotestasinlerorum,

50 3567 238 3630 auctoritatis
274 3569 331 3630 dici
366 3589 424 3631 tion
455 3589 553 3652 posse.
584 3568 657 3632 Cdm
700 3573 720 3632 i.
743 3589 770 3632 e.
793 3570 989 3647 malignorum
1010 3569 1166 3650 spirituum
1183 3590 1235 3632 seu
1254 3590 1300 3634 re·

49 3663 148 3714 autern
168 3653 367 3715 infallibilitas
387 3654 493 3718 Christi
511 3653 657 3728 ducentis,
699 3671 788 3732 gnum
809 3651 936 3714 Satanae
951 3653 1138 3732 intelligitur,
1160 3655 1298 3736 qnod-re-

48 3746 77 3798 et
89 3735 255 3800 iudicantis
272 3738 309 3798 ab
329 3739 470 3800 omnihus
485 3736 660 3801 Christianis
700 3757 756 3816 pun
767 3737 820 3800 Dei
833 3737 1008 3822 ediarnetro
1026 3740 1198 3819 opponitur,
1211 3737 1299 3816 etpro

48 3838 107 3882 non
137 3829 284 3898 negetur,
305 3841 363 3904 qua
379 3823 494 3884 ratione
514 3821 660 3883 intattibi-
700 3821 823 3883 veritate
846 3821 1005 3884 salsitatem
1032 3822 1190 3884 obtrudere
1207 3839 1299 3880 cona-

49 3904 116 3967 litas
134 3904 291 3968 Ecclesiae
314 3907 449 3968 docentis
472 3915 501 3967 et
520 3907 660 3967 iudicao·
703 3904 843 3988 tur.Cnm
857 3903 1096 3969 antemChristns
1109 3905 1191 3978 dicit,
1205 3904 1299 3983 ipsam

50 3989 87 4050 tis
106 3989 211 4068 negari
235 3991 367 4072 poterit‘l
385 4026 426 4038 -
445 3989 529 4054 Certe
547 4008 606 4054 non
626 4007 661 4050 ex
702 3989 864 4072 potentiam
881 3988 1007 4054 Satanae
1019 3999 1122 4052 contra
1137 3981 1300 4050 Ecclesiam

48 4073 263 4154 alteratione,
289 4074 347 4136 nisi
366 4075 437 4156 quia
456 4073 659 4158 magisterium
703 4093 854 4156 nunquam
873 4075 1102 4158 praevalituram
1123 4088 1202 4148 esse,
1221 4090 1256 4135 eo
1272 4071 1299 4133 i·

77 4230 108 4287 ιιι
124 4231 159 4278 ιο.
175 4230 213 4290 tt,
230 4231 269 4276 aa.
471 4277 474 4285 ,
658 4273 662 4280 Α
734 4227 1149 4291 (tttram.t‚tt;ettet.20‚2tt.
1293 4252 1296 4264 .

75 4290 109 4409 pt
125 4289 158 4337 ct.
171 4291 207 4336 ιο.
223 4292 256 4348 to,
270 4291 307 4351 ro,
324 4295 347 4340 at
360 4293 396 4356 ta,
409 4293 438 4340 te
454 4297 500 4362 ate.
734 4293 763 4345 ret
780 4292 836 4337 nuc.
849 4291 885 4348 to,
904 4293 937 4337 to.
1010 4291 1041 4350 itt
1058 4289 1138 4338 nanu.
1154 4289 1191 4348 ts,
1206 4287 1244 4338 ιι.

84 4355 107 4408 ol
125 4351 157 4397 lo.
171 4347 209 4408 47,
222 4349 260 4396 20.
734 4351 767 4400 ht
781 4351 861 4397 ttutttn
875 4349 916 4396 lli.
927 4350 965 4405 lb.
980 4393 984 4406 ,
