<?xml version="1.0" encoding="UTF-8"?>
<!DOCTYPE html PUBLIC "-//W3C//DTD XHTML 1.0 Transitional//EN"
    "http://www.w3.org/TR/xhtml1/DTD/xhtml1-transitional.dtd">
<html xmlns="http://www.w3.org/1999/xhtml" xml:lang="en" lang="en">
 <head>
  <title>
</title>
<meta http-equiv="Content-Type" content="text/html;charset=utf-8" />
  <meta name='ocr-system' content='tesseract 3.04.00' />
  <meta name='ocr-capabilities' content='ocr_page ocr_carea ocr_par ocr_line ocrx_word'/>
</head>
<body>
  <div class='ocr_page' id='page_1' title='image "./institutionesth00knolgoog_0334.png"; bbox 0 0 2934 4736; ppageno 0'>
   <div class='ocr_carea' id='block_1_1' title="bbox 194 241 955 306">
    <p class='ocr_par' dir='ltr' id='par_1_1' title="bbox 194 241 955 306">
     <span class='ocr_line' id='line_1_1' title="bbox 194 241 955 306; baseline -0.004 -1"><span class='ocrx_word' id='word_1_1' title='bbox 194 241 255 306; x_wconf 70' lang='lat'><strong>326</strong></span> <span class='ocrx_word' id='word_1_2' title='bbox 589 257 774 304; x_wconf 82' lang='lat' dir='ltr'><strong>rrraonomma</strong></span> <span class='ocrx_word' id='word_1_3' title='bbox 795 255 955 302; x_wconf 76' lang='lat' dir='ltr'><strong>cananitis</strong></span> 
     </span>
    </p>
   </div>
   <div class='ocr_carea' id='block_1_2' title="bbox 101 333 1454 4364">
    <p class='ocr_par' dir='ltr' id='par_1_2' title="bbox 101 333 1454 4364">
     <span class='ocr_line' id='line_1_2' title="bbox 156 333 1397 421; baseline 0 -19"><span class='ocrx_word' id='word_1_4' title='bbox 156 339 262 421; x_wconf 87' lang='lat' dir='ltr'><strong>quanti</strong></span> <span class='ocrx_word' id='word_1_5' title='bbox 293 339 437 402; x_wconf 78' lang='lat' dir='ltr'><strong>momenti</strong></span> <span class='ocrx_word' id='word_1_6' title='bbox 468 339 506 401; x_wconf 89' lang='lat' dir='ltr'><strong>sit</strong></span> <span class='ocrx_word' id='word_1_7' title='bbox 535 334 754 416; x_wconf 80' lang='lat' dir='ltr'><strong>controversia,</strong></span> <span class='ocrx_word' id='word_1_8' title='bbox 796 344 840 400; x_wconf 87' lang='lat' dir='ltr'><strong>ter</strong></span> <span class='ocrx_word' id='word_1_9' title='bbox 856 335 891 398; x_wconf 88' lang='lat' dir='ltr'><strong>N.</strong></span> <span class='ocrx_word' id='word_1_10' title='bbox 911 334 947 398; x_wconf 90' lang='lat' dir='ltr'><strong>T.</strong></span> <span class='ocrx_word' id='word_1_11' title='bbox 963 333 1121 417; x_wconf 88' lang='lat' dir='ltr'><strong>scriptores</strong></span> <span class='ocrx_word' id='word_1_12' title='bbox 1131 335 1246 418; x_wconf 90' lang='lat' dir='ltr'><strong>primus</strong></span> <span class='ocrx_word' id='word_1_13' title='bbox 1257 345 1324 400; x_wconf 91' lang='lat' dir='ltr'><strong>octo</strong></span> <span class='ocrx_word' id='word_1_14' title='bbox 1341 358 1397 402; x_wconf 88' lang='lat' dir='ltr'><strong>an-</strong></span> 
     </span>
     <span class='ocr_line' id='line_1_3' title="bbox 152 420 1398 505; baseline 0 -20"><span class='ocrx_word' id='word_1_15' title='bbox 152 442 233 505; x_wconf 87' lang='lat' dir='ltr'><strong>quae</strong></span> <span class='ocrx_word' id='word_1_16' title='bbox 252 423 329 484; x_wconf 90' lang='lat' dir='ltr'><strong>inter</strong></span> <span class='ocrx_word' id='word_1_17' title='bbox 346 423 547 488; x_wconf 88' lang='lat' dir='ltr'><strong>Protestantes</strong></span> <span class='ocrx_word' id='word_1_18' title='bbox 572 432 602 486; x_wconf 88' lang='lat' dir='ltr'><strong>et</strong></span> <span class='ocrx_word' id='word_1_19' title='bbox 622 422 754 486; x_wconf 86' lang='lat' dir='ltr'><strong>Catholi-</strong></span> <span class='ocrx_word' id='word_1_20' title='bbox 795 420 841 482; x_wconf 93' lang='lat' dir='ltr'><strong>nis</strong></span> <span class='ocrx_word' id='word_1_21' title='bbox 855 429 922 502; x_wconf 89' lang='lat' dir='ltr'><strong>post</strong></span> <span class='ocrx_word' id='word_1_22' title='bbox 933 420 1081 501; x_wconf 77' lang='lat' dir='ltr'><strong>inceptam</strong></span> <span class='ocrx_word' id='word_1_23' title='bbox 1094 421 1292 498; x_wconf 67' lang='lat' dir='ltr'><strong>evangelicam</strong></span> <span class='ocrx_word' id='word_1_24' title='bbox 1307 442 1398 503; x_wconf 89' lang='lat' dir='ltr'><strong>prae-</strong></span> 
     </span>
     <span class='ocr_line' id='line_1_4' title="bbox 152 503 1397 582; baseline 0.002 -14"><span class='ocrx_word' id='word_1_25' title='bbox 152 526 203 568; x_wconf 89' lang='lat' dir='ltr'><strong>cos</strong></span> <span class='ocrx_word' id='word_1_26' title='bbox 224 507 302 568; x_wconf 87' lang='lat' dir='ltr'><strong>circa</strong></span> <span class='ocrx_word' id='word_1_27' title='bbox 313 507 497 570; x_wconf 86' lang='lat' dir='ltr'><strong>existentiam</strong></span> <span class='ocrx_word' id='word_1_28' title='bbox 511 507 677 570; x_wconf 85' lang='lat' dir='ltr'><strong>divinarum</strong></span> <span class='ocrx_word' id='word_1_29' title='bbox 692 517 753 568; x_wconf 93' lang='lat' dir='ltr'><strong>tra·</strong></span> <span class='ocrx_word' id='word_1_30' title='bbox 793 504 972 567; x_wconf 74' lang='lat' dir='ltr'><strong>dicationem</strong></span> <span class='ocrx_word' id='word_1_31' title='bbox 991 503 1182 582; x_wconf 75' lang='lat' dir='ltr'><strong>Branogelium</strong></span> <span class='ocrx_word' id='word_1_32' title='bbox 1208 523 1296 576; x_wconf 89' lang='lat' dir='ltr'><strong>sumn</strong></span> <span class='ocrx_word' id='word_1_33' title='bbox 1318 526 1397 570; x_wconf 84' lang='lat' dir='ltr'><strong>exo·</strong></span> 
     </span>
     <span class='ocr_line' id='line_1_5' title="bbox 152 587 1397 672; baseline 0 -20"><span class='ocrx_word' id='word_1_34' title='bbox 152 590 298 652; x_wconf 85' lang='lat' dir='ltr'><strong>ditionum</strong></span> <span class='ocrx_word' id='word_1_35' title='bbox 316 591 347 652; x_wconf 92' lang='lat' dir='ltr'><strong>in</strong></span> <span class='ocrx_word' id='word_1_36' title='bbox 361 590 397 654; x_wconf 93' lang='lat' dir='ltr'><strong>N.</strong></span> <span class='ocrx_word' id='word_1_37' title='bbox 419 591 453 655; x_wconf 91' lang='lat' dir='ltr'><strong>T.</strong></span> <span class='ocrx_word' id='word_1_38' title='bbox 471 592 609 670; x_wconf 79' lang='lat' dir='ltr'><strong>agitatur.</strong></span> <span class='ocrx_word' id='word_1_39' title='bbox 630 589 753 654; x_wconf 89' lang='lat' dir='ltr'><strong>Solidis-</strong></span> <span class='ocrx_word' id='word_1_40' title='bbox 792 588 882 670; x_wconf 69' lang='lat' dir='ltr'><strong>raritj.</strong></span> <span class='ocrx_word' id='word_1_41' title='bbox 899 588 1008 652; x_wconf 89' lang='lat' dir='ltr'><strong>Paulus</strong></span> <span class='ocrx_word' id='word_1_42' title='bbox 1027 587 1151 669; x_wconf 81' lang='lat' dir='ltr'><strong>primam</strong></span> <span class='ocrx_word' id='word_1_43' title='bbox 1174 607 1256 650; x_wconf 90' lang='lat' dir='ltr'><strong>suam</strong></span> <span class='ocrx_word' id='word_1_44' title='bbox 1275 591 1397 672; x_wconf 88' lang='lat' dir='ltr'><strong>episto-</strong></span> 
     </span>
     <span class='ocr_line' id='line_1_6' title="bbox 150 672 1395 757; baseline 0.004 -23"><span class='ocrx_word' id='word_1_45' title='bbox 150 674 226 736; x_wconf 89' lang='lat' dir='ltr'><strong>simo</strong></span> <span class='ocrx_word' id='word_1_46' title='bbox 241 683 340 736; x_wconf 89' lang='lat' dir='ltr'><strong>autem</strong></span> <span class='ocrx_word' id='word_1_47' title='bbox 356 676 473 738; x_wconf 89' lang='lat' dir='ltr'><strong>ostendi</strong></span> <span class='ocrx_word' id='word_1_48' title='bbox 487 683 596 757; x_wconf 88' lang='lat' dir='ltr'><strong>potest,</strong></span> <span class='ocrx_word' id='word_1_49' title='bbox 615 675 704 738; x_wconf 90' lang='lat' dir='ltr'><strong>otiam</strong></span> <span class='ocrx_word' id='word_1_50' title='bbox 720 675 751 736; x_wconf 93' lang='lat' dir='ltr'><strong>in</strong></span> <span class='ocrx_word' id='word_1_51' title='bbox 792 673 850 734; x_wconf 92' lang='lat' dir='ltr'><strong>lam</strong></span> <span class='ocrx_word' id='word_1_52' title='bbox 868 672 915 754; x_wconf 86' lang='lat' dir='ltr'><strong>(l)</strong></span> <span class='ocrx_word' id='word_1_53' title='bbox 933 672 1081 735; x_wconf 75' lang='lat' dir='ltr'><strong>sexdecim</strong></span> <span class='ocrx_word' id='word_1_54' title='bbox 1098 673 1183 734; x_wconf 88' lang='lat' dir='ltr'><strong>annis</strong></span> <span class='ocrx_word' id='word_1_55' title='bbox 1197 681 1262 753; x_wconf 93' lang='lat' dir='ltr'><strong>post</strong></span> <span class='ocrx_word' id='word_1_56' title='bbox 1280 672 1395 739; x_wconf 81' lang='lat' dir='ltr'><strong>Christi</strong></span> 
     </span>
     <span class='ocr_line' id='line_1_7' title="bbox 149 756 1393 840; baseline 0.002 -22"><span class='ocrx_word' id='word_1_57' title='bbox 149 756 302 837; x_wconf 81' lang='lat' dir='ltr'><strong>Religione</strong></span> <span class='ocrx_word' id='word_1_58' title='bbox 317 759 481 822; x_wconf 86' lang='lat' dir='ltr'><strong>christiana</strong></span> <span class='ocrx_word' id='word_1_59' title='bbox 493 760 683 826; x_wconf 86' lang='lat' dir='ltr'><strong>traditionem</strong></span> <span class='ocrx_word' id='word_1_60' title='bbox 697 777 751 820; x_wconf 89' lang='lat' dir='ltr'><strong>ceu</strong></span> <span class='ocrx_word' id='word_1_61' title='bbox 791 757 995 818; x_wconf 84' lang='lat' dir='ltr'><strong>ascensionem</strong></span> <span class='ocrx_word' id='word_1_62' title='bbox 1017 757 1047 819; x_wconf 92' lang='lat' dir='ltr'><strong>in</strong></span> <span class='ocrx_word' id='word_1_63' title='bbox 1066 757 1181 818; x_wconf 88' lang='lat' dir='ltr'><strong>coelum</strong></span> <span class='ocrx_word' id='word_1_64' title='bbox 1197 758 1393 840; x_wconf 71' lang='lat' dir='ltr'><strong>conscripsih</strong></span> 
     </span>
     <span class='ocr_line' id='line_1_8' title="bbox 149 838 1395 922; baseline 0.004 -20"><span class='ocrx_word' id='word_1_65' title='bbox 149 840 261 903; x_wconf 83' lang='lat' dir='ltr'><strong>iontem</strong></span> <span class='ocrx_word' id='word_1_66' title='bbox 286 843 403 905; x_wconf 81' lang='lat' dir='ltr'><strong>divinae</strong></span> <span class='ocrx_word' id='word_1_67' title='bbox 432 842 634 906; x_wconf 82' lang='lat' dir='ltr'><strong>Revelationis</strong></span> <span class='ocrx_word' id='word_1_68' title='bbox 661 861 750 905; x_wconf 89' lang='lat' dir='ltr'><strong>assu-</strong></span> <span class='ocrx_word' id='word_1_69' title='bbox 790 841 907 922; x_wconf 86' lang='lat' dir='ltr'><strong>reliqua</strong></span> <span class='ocrx_word' id='word_1_70' title='bbox 921 839 957 902; x_wconf 91' lang='lat' dir='ltr'><strong>N.</strong></span> <span class='ocrx_word' id='word_1_71' title='bbox 978 838 1013 902; x_wconf 90' lang='lat' dir='ltr'><strong>T.</strong></span> <span class='ocrx_word' id='word_1_72' title='bbox 1032 841 1142 920; x_wconf 89' lang='lat' dir='ltr'><strong>scripta</strong></span> <span class='ocrx_word' id='word_1_73' title='bbox 1164 842 1256 902; x_wconf 89' lang='lat' dir='ltr'><strong>multo</strong></span> <span class='ocrx_word' id='word_1_74' title='bbox 1277 845 1395 907; x_wconf 88' lang='lat' dir='ltr'><strong>tardius</strong></span> 
     </span>
     <span class='ocr_line' id='line_1_9' title="bbox 149 924 1395 1007; baseline 0.003 -21"><span class='ocrx_word' id='word_1_75' title='bbox 149 925 289 988; x_wconf 85' lang='lat' dir='ltr'><strong>mendam</strong></span> <span class='ocrx_word' id='word_1_76' title='bbox 305 945 380 988; x_wconf 89' lang='lat' dir='ltr'><strong>esse.</strong></span> <span class='ocrx_word' id='word_1_77' title='bbox 400 926 433 990; x_wconf 90' lang='lat' dir='ltr'><strong>ld</strong></span> <span class='ocrx_word' id='word_1_78' title='bbox 451 927 531 988; x_wconf 88' lang='lat' dir='ltr'><strong>enim</strong></span> <span class='ocrx_word' id='word_1_79' title='bbox 564 926 595 1007; x_wconf 91' lang='lat' dir='ltr'><strong>a)</strong></span> <span class='ocrx_word' id='word_1_80' title='bbox 616 935 676 989; x_wconf 89' lang='lat' dir='ltr'><strong>tum</strong></span> <span class='ocrx_word' id='word_1_81' title='bbox 701 944 751 990; x_wconf 89' lang='lat' dir='ltr'><strong>or·</strong></span> <span class='ocrx_word' id='word_1_82' title='bbox 790 925 976 1004; x_wconf 86' lang='lat' dir='ltr'><strong>prodierunt.</strong></span> <span class='ocrx_word' id='word_1_83' title='bbox 1001 924 1138 988; x_wconf 81' lang='lat' dir='ltr'><strong>Attamen</strong></span> <span class='ocrx_word' id='word_1_84' title='bbox 1165 925 1274 987; x_wconf 89' lang='lat' dir='ltr'><strong>multae</strong></span> <span class='ocrx_word' id='word_1_85' title='bbox 1300 929 1395 991; x_wconf 82' lang='lat' dir='ltr'><strong>variis</strong></span> 
     </span>
     <span class='ocr_line' id='line_1_10' title="bbox 146 1007 1391 1092; baseline 0.002 -22"><span class='ocrx_word' id='word_1_86' title='bbox 146 1018 288 1088; x_wconf 74' lang='lat' dir='ltr'><strong>permeato</strong></span> <span class='ocrx_word' id='word_1_87' title='bbox 305 1011 419 1088; x_wconf 87' lang='lat' dir='ltr'><strong>hihh&#39;co,</strong></span> <span class='ocrx_word' id='word_1_88' title='bbox 440 1011 473 1091; x_wconf 89' lang='lat' dir='ltr'><strong>b)</strong></span> <span class='ocrx_word' id='word_1_89' title='bbox 488 1018 549 1072; x_wconf 90' lang='lat' dir='ltr'><strong>tum</strong></span> <span class='ocrx_word' id='word_1_90' title='bbox 572 1019 751 1092; x_wconf 76' lang='lat' dir='ltr'><strong>orpamento</strong></span> <span class='ocrx_word' id='word_1_91' title='bbox 789 1007 1391 1090; x_wconf 83' lang='lat' dir='ltr'><strong>inprorinciisEcclesiaosundotaesunt,</strong></span> 
     </span>
     <span class='ocr_line' id='line_1_11' title="bbox 147 1091 1394 1176; baseline 0.001 -21"><span class='ocrx_word' id='word_1_92' title='bbox 147 1093 288 1158; x_wconf 78' lang='lat' dir='ltr'><strong>historico</strong></span> <span class='ocrx_word' id='word_1_93' title='bbox 307 1095 415 1158; x_wconf 88' lang='lat' dir='ltr'><strong>invicte</strong></span> <span class='ocrx_word' id='word_1_94' title='bbox 440 1093 579 1176; x_wconf 84' lang='lat' dir='ltr'><strong>probant.</strong></span> <span class='ocrx_word' id='word_1_95' title='bbox 789 1102 819 1156; x_wconf 88' lang='lat' dir='ltr'><strong>et</strong></span> <span class='ocrx_word' id='word_1_96' title='bbox 830 1091 1014 1155; x_wconf 88' lang='lat' dir='ltr'><strong>credentium</strong></span> <span class='ocrx_word' id='word_1_97' title='bbox 1035 1111 1177 1154; x_wconf 91' lang='lat' dir='ltr'><strong>numerus</strong></span> <span class='ocrx_word' id='word_1_98' title='bbox 1198 1093 1229 1154; x_wconf 91' lang='lat' dir='ltr'><strong>in</strong></span> <span class='ocrx_word' id='word_1_99' title='bbox 1248 1093 1313 1155; x_wconf 93' lang='lat' dir='ltr'><strong>dies</strong></span> <span class='ocrx_word' id='word_1_100' title='bbox 1332 1116 1394 1156; x_wconf 90' lang='lat' dir='ltr'><strong>an-</strong></span> 
     </span>
     <span class='ocr_line' id='line_1_12' title="bbox 456 1175 1391 1258; baseline 0.005 -21"><span class='ocrx_word' id='word_1_101' title='bbox 456 1186 459 1192; x_wconf 81' lang='grc'>’</span> <span class='ocrx_word' id='word_1_102' title='bbox 787 1176 913 1254; x_wconf 83' lang='lat' dir='ltr'><strong>gebatur</strong></span> <span class='ocrx_word' id='word_1_103' title='bbox 938 1176 998 1257; x_wconf 77' lang='lat' dir='ltr'><strong>(et.</strong></span> <span class='ocrx_word' id='word_1_104' title='bbox 1023 1175 1106 1238; x_wconf 81' lang='lat' dir='ltr'><strong>Tunc</strong></span> <span class='ocrx_word' id='word_1_105' title='bbox 1133 1177 1276 1258; x_wconf 85' lang='lat' dir='ltr'><strong>temporis</strong></span> <span class='ocrx_word' id='word_1_106' title='bbox 1305 1197 1391 1258; x_wconf 82' lang='lat' dir='ltr'><strong>ergo,</strong></span> 
     </span>
     <span class='ocr_line' id='line_1_13' title="bbox 788 1257 1391 1342; baseline 0.007 -20"><span class='ocrx_word' id='word_1_107' title='bbox 788 1257 940 1342; x_wconf 89' lang='lat' dir='ltr'><strong>Scriptura</strong></span> <span class='ocrx_word' id='word_1_108' title='bbox 953 1260 1048 1323; x_wconf 92' lang='lat' dir='ltr'><strong>N..T.</strong></span> <span class='ocrx_word' id='word_1_109' title='bbox 1074 1260 1205 1323; x_wconf 89' lang='lat' dir='ltr'><strong>nondum</strong></span> <span class='ocrx_word' id='word_1_110' title='bbox 1229 1262 1391 1341; x_wconf 84' lang='lat' dir='ltr'><strong>coniecta,</strong></span> 
     </span>
     <span class='ocr_line' id='line_1_14' title="bbox 307 1335 1392 1423; baseline 0.005 -19"><span class='ocrx_word' id='word_1_111' title='bbox 307 1339 332 1384; x_wconf 70' lang='lat' dir='ltr'><strong>A·</strong></span> <span class='ocrx_word' id='word_1_112' title='bbox 348 1337 487 1394; x_wconf 73' lang='lat' dir='ltr'><strong>l¹ss⁰m⁰⁰¹⁸</strong></span> <span class='ocrx_word' id='word_1_113' title='bbox 497 1335 593 1382; x_wconf 67' lang='lat'><strong>¹³¹¹&gt;¹¹⁰⁸·</strong></span> <span class='ocrx_word' id='word_1_114' title='bbox 788 1345 865 1408; x_wconf 91' lang='lat' dir='ltr'><strong>haud</strong></span> <span class='ocrx_word' id='word_1_115' title='bbox 881 1346 957 1407; x_wconf 88' lang='lat' dir='ltr'><strong>alius</strong></span> <span class='ocrx_word' id='word_1_116' title='bbox 971 1345 1123 1423; x_wconf 82' lang='lat' dir='ltr'><strong>religionis</strong></span> <span class='ocrx_word' id='word_1_117' title='bbox 1133 1345 1313 1408; x_wconf 87' lang='lat' dir='ltr'><strong>christianae</strong></span> <span class='ocrx_word' id='word_1_118' title='bbox 1322 1347 1392 1410; x_wconf 83' lang='lat' dir='ltr'><strong>lons</strong></span> 
     </span>
     <span class='ocr_line' id='line_1_15' title="bbox 209 1425 1390 1510; baseline 0 -18"><span class='ocrx_word' id='word_1_119' title='bbox 209 1428 337 1492; x_wconf 88' lang='lat' dir='ltr'><strong>Tantum</strong></span> <span class='ocrx_word' id='word_1_120' title='bbox 366 1427 462 1505; x_wconf 84' lang='lat' dir='ltr'><strong>abest,</strong></span> <span class='ocrx_word' id='word_1_121' title='bbox 492 1438 524 1490; x_wconf 93' lang='lat' dir='ltr'><strong>ut</strong></span> <span class='ocrx_word' id='word_1_122' title='bbox 545 1425 576 1490; x_wconf 92' lang='lat' dir='ltr'><strong>S.</strong></span> <span class='ocrx_word' id='word_1_123' title='bbox 596 1425 747 1508; x_wconf 87' lang='lat' dir='ltr'><strong>Scriptura</strong></span> <span class='ocrx_word' id='word_1_124' title='bbox 787 1429 931 1508; x_wconf 78' lang='lat' dir='ltr'><strong>assignari</strong></span> <span class='ocrx_word' id='word_1_125' title='bbox 950 1437 1057 1510; x_wconf 87' lang='lat' dir='ltr'><strong>potest,</strong></span> <span class='ocrx_word' id='word_1_126' title='bbox 1074 1447 1164 1510; x_wconf 91' lang='lat' dir='ltr'><strong>quam</strong></span> <span class='ocrx_word' id='word_1_127' title='bbox 1184 1429 1272 1491; x_wconf 85' lang='lat' dir='ltr'><strong>oratis</strong></span> <span class='ocrx_word' id='word_1_128' title='bbox 1293 1432 1390 1492; x_wconf 89' lang='lat' dir='ltr'><strong>tradi-</strong></span> 
     </span>
     <span class='ocr_line' id='line_1_16' title="bbox 146 1512 1390 1588; baseline 0.002 -14"><span class='ocrx_word' id='word_1_129' title='bbox 146 1514 324 1576; x_wconf 88' lang='lat' dir='ltr'><strong>traditiones</strong></span> <span class='ocrx_word' id='word_1_130' title='bbox 342 1512 457 1574; x_wconf 85' lang='lat' dir='ltr'><strong>divinos</strong></span> <span class='ocrx_word' id='word_1_131' title='bbox 484 1513 529 1574; x_wconf 86' lang='lat' dir='ltr'><strong>rel</strong></span> <span class='ocrx_word' id='word_1_132' title='bbox 548 1512 682 1588; x_wconf 88' lang='lat' dir='ltr'><strong>reiiciat,</strong></span> <span class='ocrx_word' id='word_1_133' title='bbox 701 1513 746 1575; x_wconf 86' lang='lat' dir='ltr'><strong>vel</strong></span> <span class='ocrx_word' id='word_1_134' title='bbox 788 1513 841 1576; x_wconf 91' lang='lat' dir='ltr'><strong>tio.</strong></span> <span class='ocrx_word' id='word_1_135' title='bbox 858 1513 914 1576; x_wconf 86' lang='lat' dir='ltr'><strong>Per</strong></span> <span class='ocrx_word' id='word_1_136' title='bbox 929 1513 1005 1575; x_wconf 90' lang='lat' dir='ltr'><strong>hanc</strong></span> <span class='ocrx_word' id='word_1_137' title='bbox 1018 1513 1152 1575; x_wconf 90' lang='lat' dir='ltr'><strong>doctrina</strong></span> <span class='ocrx_word' id='word_1_138' title='bbox 1164 1513 1326 1576; x_wconf 85' lang='lat' dir='ltr'><strong>christiana</strong></span> <span class='ocrx_word' id='word_1_139' title='bbox 1338 1535 1390 1577; x_wconf 93' lang='lat' dir='ltr'><strong>co·</strong></span> 
     </span>
     <span class='ocr_line' id='line_1_17' title="bbox 146 1595 1389 1677; baseline 0.002 -18"><span class='ocrx_word' id='word_1_140' title='bbox 146 1597 296 1673; x_wconf 81' lang='lat' dir='ltr'><strong>excludat,</strong></span> <span class='ocrx_word' id='word_1_141' title='bbox 313 1605 346 1658; x_wconf 88' lang='lat' dir='ltr'><strong>ut</strong></span> <span class='ocrx_word' id='word_1_142' title='bbox 363 1596 462 1677; x_wconf 92' lang='lat' dir='ltr'><strong>potius</strong></span> <span class='ocrx_word' id='word_1_143' title='bbox 479 1595 687 1658; x_wconf 88' lang='lat' dir='ltr'><strong>traditionibus</strong></span> <span class='ocrx_word' id='word_1_144' title='bbox 700 1614 747 1658; x_wconf 90' lang='lat' dir='ltr'><strong>re·</strong></span> <span class='ocrx_word' id='word_1_145' title='bbox 785 1597 972 1674; x_wconf 79' lang='lat' dir='ltr'><strong>gnosceuda,</strong></span> <span class='ocrx_word' id='word_1_146' title='bbox 993 1606 1023 1660; x_wconf 92' lang='lat' dir='ltr'><strong>et</strong></span> <span class='ocrx_word' id='word_1_147' title='bbox 1040 1605 1145 1659; x_wconf 87' lang='lat' dir='ltr'><strong>enatae</strong></span> <span class='ocrx_word' id='word_1_148' title='bbox 1169 1596 1248 1659; x_wconf 89' lang='lat' dir='ltr'><strong>circa</strong></span> <span class='ocrx_word' id='word_1_149' title='bbox 1273 1608 1389 1664; x_wconf 85' lang='lat' dir='ltr'><strong>rectam</strong></span> 
     </span>
     <span class='ocr_line' id='line_1_18' title="bbox 143 1679 1389 1772; baseline 0.003 -30"><span class='ocrx_word' id='word_1_150' title='bbox 143 1682 240 1772; x_wconf 90' lang='lat' dir='ltr'><strong>pulsis</strong></span> <span class='ocrx_word' id='word_1_151' title='bbox 258 1681 322 1760; x_wconf 92' lang='lat' dir='ltr'><strong>ipsa</strong></span> <span class='ocrx_word' id='word_1_152' title='bbox 333 1683 451 1761; x_wconf 88' lang='lat' dir='ltr'><strong>quoque</strong></span> <span class='ocrx_word' id='word_1_153' title='bbox 463 1679 494 1744; x_wconf 89' lang='lat' dir='ltr'><strong>S.</strong></span> <span class='ocrx_word' id='word_1_154' title='bbox 507 1679 677 1762; x_wconf 72' lang='lat' dir='ltr'><strong>Scripturae</strong></span> <span class='ocrx_word' id='word_1_155' title='bbox 689 1698 745 1740; x_wconf 89' lang='lat' dir='ltr'><strong>au·</strong></span> <span class='ocrx_word' id='word_1_156' title='bbox 786 1681 874 1743; x_wconf 89' lang='lat' dir='ltr'><strong>hdem</strong></span> <span class='ocrx_word' id='word_1_157' title='bbox 898 1681 1116 1744; x_wconf 83' lang='lat' dir='ltr'><strong>controversiae</strong></span> <span class='ocrx_word' id='word_1_158' title='bbox 1141 1681 1327 1744; x_wconf 87' lang='lat' dir='ltr'><strong>dirimendae</strong></span> <span class='ocrx_word' id='word_1_159' title='bbox 1354 1703 1389 1746; x_wconf 96' lang='lat' dir='ltr'><strong>e-</strong></span> 
     </span>
     <span class='ocr_line' id='line_1_19' title="bbox 145 1764 1389 1845; baseline 0.003 -20"><span class='ocrx_word' id='word_1_160' title='bbox 145 1765 268 1827; x_wconf 88' lang='lat' dir='ltr'><strong>ctoritas</strong></span> <span class='ocrx_word' id='word_1_161' title='bbox 285 1765 472 1842; x_wconf 77' lang='lat' dir='ltr'><strong>infringatur.</strong></span> <span class='ocrx_word' id='word_1_162' title='bbox 489 1765 560 1828; x_wconf 91' lang='lat' dir='ltr'><strong>Nam</strong></span> <span class='ocrx_word' id='word_1_163' title='bbox 577 1764 746 1828; x_wconf 90' lang='lat' dir='ltr'><strong>traditionis</strong></span> <span class='ocrx_word' id='word_1_164' title='bbox 785 1774 863 1828; x_wconf 88' lang='lat' dir='ltr'><strong>rant.</strong></span> <span class='ocrx_word' id='word_1_165' title='bbox 884 1765 996 1828; x_wconf 88' lang='lat' dir='ltr'><strong>Etcum</strong></span> <span class='ocrx_word' id='word_1_166' title='bbox 1009 1800 1025 1813; x_wconf 92' lang='lat'>·</span> <span class='ocrx_word' id='word_1_167' title='bbox 1038 1764 1199 1828; x_wconf 87' lang='lat' dir='ltr'><strong>latentibus</strong></span> <span class='ocrx_word' id='word_1_168' title='bbox 1223 1765 1296 1845; x_wconf 92' lang='lat' dir='ltr'><strong>ipsis</strong></span> <span class='ocrx_word' id='word_1_169' title='bbox 1310 1765 1389 1830; x_wconf 90' lang='lat' dir='ltr'><strong>Pro·</strong></span> 
     </span>
     <span class='ocr_line' id='line_1_20' title="bbox 101 1841 1390 1932; baseline 0.002 -22"><span class='ocrx_word' id='word_1_170' title='bbox 101 1895 104 1901; x_wconf 86' lang='lat'><strong>.</strong></span> <span class='ocrx_word' id='word_1_171' title='bbox 146 1848 264 1912; x_wconf 89' lang='lat' dir='ltr'><strong>divinae</strong></span> <span class='ocrx_word' id='word_1_172' title='bbox 280 1849 309 1909; x_wconf 91' lang='lat' dir='ltr'><strong>in</strong></span> <span class='ocrx_word' id='word_1_173' title='bbox 327 1847 480 1928; x_wconf 84' lang='lat' dir='ltr'><strong>Religioue</strong></span> <span class='ocrx_word' id='word_1_174' title='bbox 499 1848 662 1910; x_wconf 89' lang='lat' dir='ltr'><strong>christiana</strong></span> <span class='ocrx_word' id='word_1_175' title='bbox 681 1848 745 1912; x_wconf 85' lang='lat' dir='ltr'><strong>exi·</strong></span> <span class='ocrx_word' id='word_1_176' title='bbox 786 1849 964 1912; x_wconf 90' lang='lat' dir='ltr'><strong>testantibus</strong></span> <span class='ocrx_word' id='word_1_177' title='bbox 982 1883 998 1897; x_wconf 93' lang='lat'><strong>·</strong></span> <span class='ocrx_word' id='word_1_178' title='bbox 1015 1841 1148 1932; x_wconf 77' lang='lat' dir='ltr'><strong>Apostoli</strong></span> <span class='ocrx_word' id='word_1_179' title='bbox 1167 1847 1204 1910; x_wconf 85' lang='lat' dir='ltr'><strong>alt</strong></span> <span class='ocrx_word' id='word_1_180' title='bbox 1223 1850 1390 1914; x_wconf 91' lang='lat' dir='ltr'><strong>ordinatio·</strong></span> 
     </span>
     <span class='ocr_line' id='line_1_21' title="bbox 145 1931 1387 2014; baseline 0.003 -21"><span class='ocrx_word' id='word_1_181' title='bbox 145 1934 284 1996; x_wconf 82' lang='lat' dir='ltr'><strong>stantiam</strong></span> <span class='ocrx_word' id='word_1_182' title='bbox 303 1931 334 2012; x_wconf 87' lang='lat' dir='ltr'><strong>i)</strong></span> <span class='ocrx_word' id='word_1_183' title='bbox 349 1933 434 2014; x_wconf 81' lang='lat' dir='ltr'><strong>oripo</strong></span> <span class='ocrx_word' id='word_1_184' title='bbox 447 1934 479 1997; x_wconf 88' lang='lat' dir='ltr'><strong>S.</strong></span> <span class='ocrx_word' id='word_1_185' title='bbox 493 1933 666 2012; x_wconf 75' lang='lat' dir='ltr'><strong>Scriptores</strong></span> <span class='ocrx_word' id='word_1_186' title='bbox 678 1949 744 1994; x_wconf 85' lang='lat' dir='ltr'><strong>mo·</strong></span> <span class='ocrx_word' id='word_1_187' title='bbox 785 1933 874 1994; x_wconf 89' lang='lat' dir='ltr'><strong>nibus</strong></span> <span class='ocrx_word' id='word_1_188' title='bbox 892 1933 999 1996; x_wconf 84' lang='lat' dir='ltr'><strong>Christi</strong></span> <span class='ocrx_word' id='word_1_189' title='bbox 1025 1950 1085 1996; x_wconf 93' lang='lat' dir='ltr'><strong>non</strong></span> <span class='ocrx_word' id='word_1_190' title='bbox 1100 1933 1299 2008; x_wconf 87' lang='lat' dir='ltr'><strong>recesserint,</strong></span> <span class='ocrx_word' id='word_1_191' title='bbox 1318 1937 1387 2011; x_wconf 91' lang='lat' dir='ltr'><strong>sed,</strong></span> 
     </span>
     <span class='ocr_line' id='line_1_22' title="bbox 143 2013 1390 2099; baseline 0.002 -21"><span class='ocrx_word' id='word_1_192' title='bbox 143 2013 302 2098; x_wconf 78' lang='lat' dir='ltr'><strong>niseoton&#39;t,·</strong></span> <span class='ocrx_word' id='word_1_193' title='bbox 317 2017 349 2096; x_wconf 72' lang='lat' dir='ltr'><strong>T)</strong></span> <span class='ocrx_word' id='word_1_194' title='bbox 364 2015 492 2082; x_wconf 85' lang='lat' dir='ltr'><strong>oerhoS.</strong></span> <span class='ocrx_word' id='word_1_195' title='bbox 504 2017 746 2096; x_wconf 84' lang='lat' dir='ltr'><strong>Scripteroepro·</strong></span> <span class='ocrx_word' id='word_1_196' title='bbox 784 2025 888 2098; x_wconf 88' lang='lat' dir='ltr'><strong>utpote</strong></span> <span class='ocrx_word' id='word_1_197' title='bbox 906 2015 1016 2097; x_wconf 87' lang='lat' dir='ltr'><strong>Spiritu</strong></span> <span class='ocrx_word' id='word_1_198' title='bbox 1029 2015 1060 2078; x_wconf 89' lang='lat' dir='ltr'><strong>S.</strong></span> <span class='ocrx_word' id='word_1_199' title='bbox 1073 2017 1179 2099; x_wconf 85' lang='lat' dir='ltr'><strong>repleti</strong></span> <span class='ocrx_word' id='word_1_200' title='bbox 1192 2017 1248 2078; x_wconf 89' lang='lat' dir='ltr'><strong>illis</strong></span> <span class='ocrx_word' id='word_1_201' title='bbox 1262 2036 1390 2080; x_wconf 86' lang='lat' dir='ltr'><strong>accura-</strong></span> 
     </span>
     <span class='ocr_line' id='line_1_23' title="bbox 143 2100 1388 2182; baseline 0 -18"><span class='ocrx_word' id='word_1_202' title='bbox 143 2102 227 2175; x_wconf 68' lang='lat' dir='ltr'><strong>honh·</strong></span> <span class='ocrx_word' id='word_1_203' title='bbox 256 2102 289 2182; x_wconf 89' lang='lat'><strong>3)</strong></span> <span class='ocrx_word' id='word_1_204' title='bbox 308 2101 420 2164; x_wconf 76' lang='lat' dir='ltr'><strong>innota</strong></span> <span class='ocrx_word' id='word_1_205' title='bbox 443 2101 476 2166; x_wconf 90' lang='lat' dir='ltr'><strong>S.</strong></span> <span class='ocrx_word' id='word_1_206' title='bbox 502 2101 674 2182; x_wconf 78' lang='lat' dir='ltr'><strong>Scriptores</strong></span> <span class='ocrx_word' id='word_1_207' title='bbox 686 2117 744 2180; x_wconf 84' lang='lat' dir='ltr'><strong>po·</strong></span> <span class='ocrx_word' id='word_1_208' title='bbox 785 2101 899 2182; x_wconf 79' lang='lat' dir='ltr'><strong>tissime</strong></span> <span class='ocrx_word' id='word_1_209' title='bbox 917 2101 1119 2177; x_wconf 81' lang='lat' dir='ltr'><strong>inhaeserint,</strong></span> <span class='ocrx_word' id='word_1_210' title='bbox 1139 2100 1260 2163; x_wconf 91' lang='lat' dir='ltr'><strong>omnino</strong></span> <span class='ocrx_word' id='word_1_211' title='bbox 1278 2102 1388 2164; x_wconf 83' lang='lat' dir='ltr'><strong>dicen-</strong></span> 
     </span>
     <span class='ocr_line' id='line_1_24' title="bbox 140 2184 1388 2270; baseline 0.005 -24"><span class='ocrx_word' id='word_1_212' title='bbox 140 2186 241 2248; x_wconf 80' lang='lat' dir='ltr'><strong>stnlot.</strong></span> <span class='ocrx_word' id='word_1_213' title='bbox 784 2186 855 2248; x_wconf 93' lang='lat' dir='ltr'><strong>dum</strong></span> <span class='ocrx_word' id='word_1_214' title='bbox 873 2194 917 2247; x_wconf 87' lang='lat' dir='ltr'><strong>est</strong></span> <span class='ocrx_word' id='word_1_215' title='bbox 926 2184 1075 2249; x_wconf 89' lang='lat' dir='ltr'><strong>Christum</strong></span> <span class='ocrx_word' id='word_1_216' title='bbox 1087 2185 1388 2270; x_wconf 88' lang='lat' dir='ltr'><strong>ipsumtraditiouem</strong></span> 
     </span>
     <span class='ocr_line' id='line_1_25' title="bbox 785 2268 1388 2351; baseline 0.01 -21"><span class='ocrx_word' id='word_1_217' title='bbox 785 2289 838 2332; x_wconf 91' lang='lat' dir='ltr'><strong>cen</strong></span> <span class='ocrx_word' id='word_1_218' title='bbox 855 2271 983 2351; x_wconf 91' lang='lat' dir='ltr'><strong>primum</strong></span> <span class='ocrx_word' id='word_1_219' title='bbox 1003 2279 1032 2332; x_wconf 90' lang='lat' dir='ltr'><strong>et</strong></span> <span class='ocrx_word' id='word_1_220' title='bbox 1050 2269 1232 2330; x_wconf 91' lang='lat' dir='ltr'><strong>ordinarium</strong></span> <span class='ocrx_word' id='word_1_221' title='bbox 1250 2268 1388 2350; x_wconf 78' lang='lat' dir='ltr'><strong>Religio-</strong></span> 
     </span>
     <span class='ocr_line' id='line_1_26' title="bbox 375 2327 1344 2420; baseline 0.005 -5"><span class='ocrx_word' id='word_1_222' title='bbox 375 2327 405 2399; x_wconf 58' lang='grc' dir='ltr'><strong>ς·</strong></span> <span class='ocrx_word' id='word_1_223' title='bbox 435 2333 509 2381; x_wconf 75' lang='lat'><strong>¹⁸⁰·</strong></span> <span class='ocrx_word' id='word_1_224' title='bbox 784 2355 831 2416; x_wconf 90' lang='lat' dir='ltr'><strong>nis</strong></span> <span class='ocrx_word' id='word_1_225' title='bbox 846 2354 1026 2416; x_wconf 88' lang='lat' dir='ltr'><strong>christianae</strong></span> <span class='ocrx_word' id='word_1_226' title='bbox 1044 2355 1155 2414; x_wconf 87' lang='lat' dir='ltr'><strong>sontem</strong></span> <span class='ocrx_word' id='word_1_227' title='bbox 1175 2352 1344 2420; x_wconf 89' lang='lat' dir='ltr'><strong>ordinasse.</strong></span> 
     </span>
     <span class='ocr_line' id='line_1_27' title="bbox 191 2425 1388 2511; baseline 0.004 -12"><span class='ocrx_word' id='word_1_228' title='bbox 191 2433 194 2440; x_wconf 75' lang='grc'>’</span> <span class='ocrx_word' id='word_1_229' title='bbox 260 2425 279 2472; x_wconf 91' lang='lat'><strong>¹·</strong></span> <span class='ocrx_word' id='word_1_230' title='bbox 293 2425 325 2472; x_wconf 68' lang='lat'><strong>¹³¹</strong></span> <span class='ocrx_word' id='word_1_231' title='bbox 341 2427 433 2484; x_wconf 69' lang='lat' dir='ltr'><strong>⁰¹¹ss¹¹¹⁶</strong></span> <span class='ocrx_word' id='word_1_232' title='bbox 448 2428 470 2474; x_wconf 80' lang='lat'><strong>⁸·</strong></span> <span class='ocrx_word' id='word_1_233' title='bbox 485 2429 627 2488; x_wconf 77' lang='lat' dir='ltr'><strong>scripturae.</strong></span> <span class='ocrx_word' id='word_1_234' title='bbox 826 2437 857 2501; x_wconf 62' lang='grc' dir='ltr'><strong>Ξ.</strong></span> <span class='ocrx_word' id='word_1_235' title='bbox 874 2437 904 2502; x_wconf 87' lang='lat' dir='ltr'><strong>Si</strong></span> <span class='ocrx_word' id='word_1_236' title='bbox 922 2438 1063 2511; x_wconf 90' lang='lat' dir='ltr'><strong>traditio,</strong></span> <span class='ocrx_word' id='word_1_237' title='bbox 1087 2437 1130 2498; x_wconf 90' lang='lat' dir='ltr'><strong>uti</strong></span> <span class='ocrx_word' id='word_1_238' title='bbox 1150 2456 1167 2498; x_wconf 90' lang='lat' dir='ltr'><strong>a</strong></span> <span class='ocrx_word' id='word_1_239' title='bbox 1188 2438 1308 2500; x_wconf 91' lang='lat' dir='ltr'><strong>nemine</strong></span> <span class='ocrx_word' id='word_1_240' title='bbox 1328 2461 1388 2504; x_wconf 89' lang='lat' dir='ltr'><strong>ne·</strong></span> 
     </span>
     <span class='ocr_line' id='line_1_28' title="bbox 196 2518 1388 2604; baseline 0.004 -21"><span class='ocrx_word' id='word_1_241' title='bbox 196 2518 227 2583; x_wconf 88' lang='lat' dir='ltr'><strong>Si</strong></span> <span class='ocrx_word' id='word_1_242' title='bbox 246 2520 303 2582; x_wconf 90' lang='lat' dir='ltr'><strong>rite</strong></span> <span class='ocrx_word' id='word_1_243' title='bbox 321 2519 507 2600; x_wconf 84' lang='lat' dir='ltr'><strong>indagemus,</strong></span> <span class='ocrx_word' id='word_1_244' title='bbox 529 2540 585 2602; x_wconf 82' lang='lat' dir='ltr'><strong>quo</strong></span> <span class='ocrx_word' id='word_1_245' title='bbox 603 2532 741 2604; x_wconf 83' lang='lat' dir='ltr'><strong>tempore,</strong></span> <span class='ocrx_word' id='word_1_246' title='bbox 782 2523 845 2600; x_wconf 84' lang='lat' dir='ltr'><strong>gari</strong></span> <span class='ocrx_word' id='word_1_247' title='bbox 861 2531 969 2604; x_wconf 89' lang='lat' dir='ltr'><strong>potest,</strong></span> <span class='ocrx_word' id='word_1_248' title='bbox 981 2521 1018 2582; x_wconf 92' lang='lat' dir='ltr'><strong>ah</strong></span> <span class='ocrx_word' id='word_1_249' title='bbox 1033 2520 1118 2582; x_wconf 89' lang='lat' dir='ltr'><strong>initio</strong></span> <span class='ocrx_word' id='word_1_250' title='bbox 1131 2520 1280 2583; x_wconf 88' lang='lat' dir='ltr'><strong>Ecclesiae</strong></span> <span class='ocrx_word' id='word_1_251' title='bbox 1298 2525 1388 2588; x_wconf 80' lang='lat' dir='ltr'><strong>chri-</strong></span> 
     </span>
     <span class='ocr_line' id='line_1_29' title="bbox 143 2605 1386 2686; baseline 0.005 -19"><span class='ocrx_word' id='word_1_252' title='bbox 143 2613 172 2667; x_wconf 90' lang='lat' dir='ltr'><strong>et</strong></span> <span class='ocrx_word' id='word_1_253' title='bbox 192 2615 251 2686; x_wconf 81' lang='lat' dir='ltr'><strong>pue</strong></span> <span class='ocrx_word' id='word_1_254' title='bbox 269 2605 418 2668; x_wconf 84' lang='lat' dir='ltr'><strong>occasione</strong></span> <span class='ocrx_word' id='word_1_255' title='bbox 436 2606 505 2668; x_wconf 89' lang='lat' dir='ltr'><strong>libri</strong></span> <span class='ocrx_word' id='word_1_256' title='bbox 523 2608 617 2669; x_wconf 89' lang='lat' dir='ltr'><strong>divini</strong></span> <span class='ocrx_word' id='word_1_257' title='bbox 640 2607 675 2669; x_wconf 92' lang='lat' dir='ltr'><strong>N.</strong></span> <span class='ocrx_word' id='word_1_258' title='bbox 705 2608 740 2670; x_wconf 93' lang='lat' dir='ltr'><strong>T.</strong></span> <span class='ocrx_word' id='word_1_259' title='bbox 783 2606 898 2669; x_wconf 90' lang='lat' dir='ltr'><strong>stiaoae</strong></span> <span class='ocrx_word' id='word_1_260' title='bbox 920 2607 986 2668; x_wconf 81' lang='lat' dir='ltr'><strong>lons</strong></span> <span class='ocrx_word' id='word_1_261' title='bbox 1003 2605 1194 2668; x_wconf 87' lang='lat' dir='ltr'><strong>revelationis</strong></span> <span class='ocrx_word' id='word_1_262' title='bbox 1213 2605 1280 2681; x_wconf 79' lang='lat' dir='ltr'><strong>suit,</strong></span> <span class='ocrx_word' id='word_1_263' title='bbox 1302 2609 1386 2672; x_wconf 92' lang='lat' dir='ltr'><strong>idem</strong></span> 
     </span>
     <span class='ocr_line' id='line_1_30' title="bbox 141 2688 1385 2772; baseline 0.004 -22"><span class='ocrx_word' id='word_1_264' title='bbox 141 2688 301 2770; x_wconf 87' lang='lat' dir='ltr'><strong>conscripti</strong></span> <span class='ocrx_word' id='word_1_265' title='bbox 314 2689 385 2766; x_wconf 89' lang='lat' dir='ltr'><strong>sint,</strong></span> <span class='ocrx_word' id='word_1_266' title='bbox 400 2690 566 2753; x_wconf 84' lang='lat' dir='ltr'><strong>traditionis</strong></span> <span class='ocrx_word' id='word_1_267' title='bbox 581 2691 698 2753; x_wconf 87' lang='lat' dir='ltr'><strong>divinae</strong></span> <span class='ocrx_word' id='word_1_268' title='bbox 711 2692 741 2753; x_wconf 91' lang='lat' dir='ltr'><strong>in</strong></span> <span class='ocrx_word' id='word_1_269' title='bbox 782 2691 944 2754; x_wconf 88' lang='lat' dir='ltr'><strong>etiamnum</strong></span> <span class='ocrx_word' id='word_1_270' title='bbox 972 2697 1092 2765; x_wconf 88' lang='lat' dir='ltr'><strong>manet,</strong></span> <span class='ocrx_word' id='word_1_271' title='bbox 1113 2689 1169 2750; x_wconf 90' lang='lat' dir='ltr'><strong>nisi</strong></span> <span class='ocrx_word' id='word_1_272' title='bbox 1196 2691 1385 2772; x_wconf 84' lang='lat' dir='ltr'><strong>ostendatur,</strong></span> 
     </span>
     <span class='ocr_line' id='line_1_31' title="bbox 138 2771 1383 2856; baseline 0.003 -21"><span class='ocrx_word' id='word_1_273' title='bbox 138 2771 296 2853; x_wconf 82' lang='lat' dir='ltr'><strong>Religione</strong></span> <span class='ocrx_word' id='word_1_274' title='bbox 313 2772 475 2836; x_wconf 85' lang='lat' dir='ltr'><strong>christiana</strong></span> <span class='ocrx_word' id='word_1_275' title='bbox 491 2776 647 2838; x_wconf 87' lang='lat' dir='ltr'><strong>existentia</strong></span> <span class='ocrx_word' id='word_1_276' title='bbox 663 2777 741 2838; x_wconf 89' lang='lat' dir='ltr'><strong>clare</strong></span> <span class='ocrx_word' id='word_1_277' title='bbox 783 2773 876 2854; x_wconf 90' lang='lat' dir='ltr'><strong>priori</strong></span> <span class='ocrx_word' id='word_1_278' title='bbox 901 2774 975 2836; x_wconf 80' lang='lat' dir='ltr'><strong>sonti</strong></span> <span class='ocrx_word' id='word_1_279' title='bbox 995 2773 1136 2851; x_wconf 80' lang='lat' dir='ltr'><strong>abrogato</strong></span> <span class='ocrx_word' id='word_1_280' title='bbox 1164 2773 1255 2836; x_wconf 89' lang='lat' dir='ltr'><strong>alium</strong></span> <span class='ocrx_word' id='word_1_281' title='bbox 1276 2795 1330 2856; x_wconf 88' lang='lat' dir='ltr'><strong>per</strong></span> <span class='ocrx_word' id='word_1_282' title='bbox 1352 2777 1383 2839; x_wconf 92' lang='lat' dir='ltr'><strong>S.</strong></span> 
     </span>
     <span class='ocr_line' id='line_1_32' title="bbox 140 2856 1387 2939; baseline 0.005 -21"><span class='ocrx_word' id='word_1_283' title='bbox 140 2857 229 2919; x_wconf 90' lang='lat' dir='ltr'><strong>nohis</strong></span> <span class='ocrx_word' id='word_1_284' title='bbox 248 2857 468 2920; x_wconf 80' lang='lat' dir='ltr'><strong>manifestatur.</strong></span> <span class='ocrx_word' id='word_1_285' title='bbox 782 2856 964 2939; x_wconf 88' lang='lat' dir='ltr'><strong>Scripturam</strong></span> <span class='ocrx_word' id='word_1_286' title='bbox 991 2857 1182 2920; x_wconf 89' lang='lat' dir='ltr'><strong>substitutum</strong></span> <span class='ocrx_word' id='word_1_287' title='bbox 1215 2857 1320 2922; x_wconf 84' lang='lat' dir='ltr'><strong>luisse.</strong></span> <span class='ocrx_word' id='word_1_288' title='bbox 1349 2860 1387 2924; x_wconf 89' lang='lat' dir='ltr'><strong>Ut</strong></span> 
     </span>
     <span class='ocr_line' id='line_1_33' title="bbox 190 2939 1385 3023; baseline 0.003 -21"><span class='ocrx_word' id='word_1_289' title='bbox 190 2941 220 3004; x_wconf 88' lang='lat' dir='ltr'><strong>l.</strong></span> <span class='ocrx_word' id='word_1_290' title='bbox 240 2939 374 3004; x_wconf 91' lang='lat' dir='ltr'><strong>Christus</strong></span> <span class='ocrx_word' id='word_1_291' title='bbox 392 2943 471 3003; x_wconf 91' lang='lat' dir='ltr'><strong>enim</strong></span> <span class='ocrx_word' id='word_1_292' title='bbox 490 2941 554 3023; x_wconf 92' lang='lat' dir='ltr'><strong>ipse</strong></span> <span class='ocrx_word' id='word_1_293' title='bbox 572 2942 646 3004; x_wconf 89' lang='lat' dir='ltr'><strong>nihil</strong></span> <span class='ocrx_word' id='word_1_294' title='bbox 665 2944 740 3005; x_wconf 89' lang='lat' dir='ltr'><strong>scri-</strong></span> <span class='ocrx_word' id='word_1_295' title='bbox 782 2950 880 3005; x_wconf 89' lang='lat' dir='ltr'><strong>autem</strong></span> <span class='ocrx_word' id='word_1_296' title='bbox 899 2942 928 3006; x_wconf 92' lang='lat' dir='ltr'><strong>id</strong></span> <span class='ocrx_word' id='word_1_297' title='bbox 948 2941 1172 3017; x_wconf 88' lang='lat' dir='ltr'><strong>ostenderetur,</strong></span> <span class='ocrx_word' id='word_1_298' title='bbox 1194 2941 1385 3021; x_wconf 87' lang='lat' dir='ltr'><strong>probandum</strong></span> 
     </span>
     <span class='ocr_line' id='line_1_34' title="bbox 140 3024 1387 3107; baseline 0.003 -20"><span class='ocrx_word' id='word_1_299' title='bbox 140 3032 191 3106; x_wconf 91' lang='lat' dir='ltr'><strong>pto</strong></span> <span class='ocrx_word' id='word_1_300' title='bbox 206 3025 339 3105; x_wconf 88' lang='lat' dir='ltr'><strong>reliquit,</strong></span> <span class='ocrx_word' id='word_1_301' title='bbox 352 3024 424 3101; x_wconf 92' lang='lat' dir='ltr'><strong>imo,</strong></span> <span class='ocrx_word' id='word_1_302' title='bbox 438 3036 582 3106; x_wconf 90' lang='lat' dir='ltr'><strong>quantum</strong></span> <span class='ocrx_word' id='word_1_303' title='bbox 601 3027 740 3106; x_wconf 83' lang='lat' dir='ltr'><strong>legimus,</strong></span> <span class='ocrx_word' id='word_1_304' title='bbox 781 3027 869 3103; x_wconf 87' lang='lat' dir='ltr'><strong>iuret,</strong></span> <span class='ocrx_word' id='word_1_305' title='bbox 891 3027 991 3088; x_wconf 86' lang='lat' dir='ltr'><strong>omnio</strong></span> <span class='ocrx_word' id='word_1_306' title='bbox 1009 3045 1062 3102; x_wconf 91' lang='lat' dir='ltr'><strong>ea,</strong></span> <span class='ocrx_word' id='word_1_307' title='bbox 1082 3042 1159 3107; x_wconf 85' lang='lat' dir='ltr'><strong>quae</strong></span> <span class='ocrx_word' id='word_1_308' title='bbox 1177 3025 1213 3086; x_wconf 88' lang='lat' dir='ltr'><strong>ab</strong></span> <span class='ocrx_word' id='word_1_309' title='bbox 1232 3025 1387 3107; x_wconf 88' lang='lat' dir='ltr'><strong>Apostolis</strong></span> 
     </span>
     <span class='ocr_line' id='line_1_35' title="bbox 140 3109 1385 3192; baseline 0.003 -22"><span class='ocrx_word' id='word_1_310' title='bbox 140 3109 742 3190; x_wconf 84' lang='lat' dir='ltr'><strong>nepraecepitquidem,utaliquidscri·</strong></span> <span class='ocrx_word' id='word_1_311' title='bbox 783 3120 923 3174; x_wconf 87' lang='lat' dir='ltr'><strong>oretenus</strong></span> <span class='ocrx_word' id='word_1_312' title='bbox 942 3109 1112 3192; x_wconf 86' lang='lat' dir='ltr'><strong>praedicato</strong></span> <span class='ocrx_word' id='word_1_313' title='bbox 1134 3109 1277 3186; x_wconf 84' lang='lat' dir='ltr'><strong>tuorum,</strong></span> <span class='ocrx_word' id='word_1_314' title='bbox 1299 3126 1385 3192; x_wconf 68' lang='lat' dir='ltr'><strong>postu</strong></span> 
     </span>
     <span class='ocr_line' id='line_1_36' title="bbox 140 3191 1454 3276; baseline 0.003 -22"><span class='ocrx_word' id='word_1_315' title='bbox 140 3191 345 3255; x_wconf 86' lang='lat' dir='ltr'><strong>beretur.Non</strong></span> <span class='ocrx_word' id='word_1_316' title='bbox 358 3193 410 3254; x_wconf 89' lang='lat' dir='ltr'><strong>ait:</strong></span> <span class='ocrx_word' id='word_1_317' title='bbox 423 3193 535 3255; x_wconf 85' lang='lat' dir='ltr'><strong>Euntes</strong></span> <span class='ocrx_word' id='word_1_318' title='bbox 546 3194 678 3270; x_wconf 88' lang='lat' dir='ltr'><strong>scribite,</strong></span> <span class='ocrx_word' id='word_1_319' title='bbox 690 3195 741 3258; x_wconf 90' lang='lat' dir='ltr'><strong>sed</strong></span> <span class='ocrx_word' id='word_1_320' title='bbox 783 3195 902 3257; x_wconf 91' lang='lat' dir='ltr'><strong>modum</strong></span> <span class='ocrx_word' id='word_1_321' title='bbox 923 3194 954 3255; x_wconf 89' lang='lat' dir='ltr'><strong>iu</strong></span> <span class='ocrx_word' id='word_1_322' title='bbox 976 3193 1060 3256; x_wconf 91' lang='lat' dir='ltr'><strong>libris</strong></span> <span class='ocrx_word' id='word_1_323' title='bbox 1079 3193 1230 3255; x_wconf 84' lang='lat' dir='ltr'><strong>canonicis</strong></span> <span class='ocrx_word' id='word_1_324' title='bbox 1247 3212 1385 3258; x_wconf 81' lang='lat' dir='ltr'><strong>couscri-</strong></span> <span class='ocrx_word' id='word_1_325' title='bbox 1453 3273 1454 3276; x_wconf 8' lang='grc' dir='ltr'><strong>Ἴ</strong></span> 
     </span>
     <span class='ocr_line' id='line_1_37' title="bbox 139 3276 1386 3359; baseline 0.003 -20"><span class='ocrx_word' id='word_1_326' title='bbox 139 3277 520 3358; x_wconf 79' lang='lat' dir='ltr'><strong>Praedicoteiioonpeliom</strong></span> <span class='ocrx_word' id='word_1_327' title='bbox 533 3278 616 3340; x_wconf 87' lang='lat' dir='ltr'><strong>omni</strong></span> <span class='ocrx_word' id='word_1_328' title='bbox 626 3286 743 3342; x_wconf 84' lang='lat' dir='ltr'><strong>orecte·</strong></span> <span class='ocrx_word' id='word_1_329' title='bbox 782 3287 832 3359; x_wconf 88' lang='lat' dir='ltr'><strong>pta</strong></span> <span class='ocrx_word' id='word_1_330' title='bbox 851 3297 926 3340; x_wconf 89' lang='lat' dir='ltr'><strong>esse.</strong></span> <span class='ocrx_word' id='word_1_331' title='bbox 944 3277 975 3340; x_wconf 91' lang='lat' dir='ltr'><strong>Id</strong></span> <span class='ocrx_word' id='word_1_332' title='bbox 994 3285 1094 3340; x_wconf 89' lang='lat' dir='ltr'><strong>autem</strong></span> <span class='ocrx_word' id='word_1_333' title='bbox 1112 3276 1232 3358; x_wconf 89' lang='lat' dir='ltr'><strong>probari</strong></span> <span class='ocrx_word' id='word_1_334' title='bbox 1250 3280 1386 3343; x_wconf 85' lang='lat' dir='ltr'><strong>nullate·</strong></span> 
     </span>
     <span class='ocr_line' id='line_1_38' title="bbox 140 3357 1383 3444; baseline 0.002 -22"><span class='ocrx_word' id='word_1_335' title='bbox 140 3376 204 3422; x_wconf 86' lang='lat' dir='ltr'><strong>roc.</strong></span> <span class='ocrx_word' id='word_1_336' title='bbox 233 3357 264 3421; x_wconf 92' lang='lat' dir='ltr'><strong>Si</strong></span> <span class='ocrx_word' id='word_1_337' title='bbox 293 3369 394 3421; x_wconf 90' lang='lat' dir='ltr'><strong>autem</strong></span> <span class='ocrx_word' id='word_1_338' title='bbox 417 3360 534 3424; x_wconf 88' lang='lat' dir='ltr'><strong>Christo</strong></span> <span class='ocrx_word' id='word_1_339' title='bbox 557 3363 741 3444; x_wconf 90' lang='lat' dir='ltr'><strong>propositum</strong></span> <span class='ocrx_word' id='word_1_340' title='bbox 782 3381 838 3424; x_wconf 88' lang='lat' dir='ltr'><strong>nus</strong></span> <span class='ocrx_word' id='word_1_341' title='bbox 852 3370 959 3444; x_wconf 88' lang='lat' dir='ltr'><strong>potest.</strong></span> <span class='ocrx_word' id='word_1_342' title='bbox 977 3360 1051 3422; x_wconf 91' lang='lat' dir='ltr'><strong>Nam</strong></span> <span class='ocrx_word' id='word_1_343' title='bbox 1066 3365 1125 3423; x_wconf 88' lang='lat' dir='ltr'><strong>don</strong></span> <span class='ocrx_word' id='word_1_344' title='bbox 1140 3378 1219 3424; x_wconf 81' lang='lat' dir='ltr'><strong>oracta</strong></span> <span class='ocrx_word' id='word_1_345' title='bbox 1236 3361 1383 3441; x_wconf 78' lang='lat' dir='ltr'><strong>integram</strong></span> 
     </span>
     <span class='ocr_line' id='line_1_39' title="bbox 140 3442 1381 3526; baseline 0.004 -22"><span class='ocrx_word' id='word_1_346' title='bbox 140 3443 258 3518; x_wconf 86' lang='lat' dir='ltr'><strong>inisset,</strong></span> <span class='ocrx_word' id='word_1_347' title='bbox 275 3442 399 3504; x_wconf 83' lang='lat' dir='ltr'><strong>verbum</strong></span> <span class='ocrx_word' id='word_1_348' title='bbox 410 3443 462 3506; x_wconf 84' lang='lat' dir='ltr'><strong>Dei</strong></span> <span class='ocrx_word' id='word_1_349' title='bbox 474 3447 644 3508; x_wconf 90' lang='lat' dir='ltr'><strong>coarctandi</strong></span> <span class='ocrx_word' id='word_1_350' title='bbox 656 3456 741 3511; x_wconf 86' lang='lat' dir='ltr'><strong>etre·</strong></span> <span class='ocrx_word' id='word_1_351' title='bbox 781 3446 945 3508; x_wconf 88' lang='lat' dir='ltr'><strong>doctrinam</strong></span> <span class='ocrx_word' id='word_1_352' title='bbox 975 3444 1084 3508; x_wconf 87' lang='lat' dir='ltr'><strong>Christi</strong></span> <span class='ocrx_word' id='word_1_353' title='bbox 1114 3446 1285 3526; x_wconf 84' lang='lat' dir='ltr'><strong>complexus</strong></span> <span class='ocrx_word' id='word_1_354' title='bbox 1311 3457 1381 3523; x_wconf 89' lang='lat' dir='ltr'><strong>est,</strong></span> 
     </span>
     <span class='ocr_line' id='line_1_40' title="bbox 141 3524 1384 3612; baseline 0.005 -24"><span class='ocrx_word' id='word_1_355' title='bbox 141 3525 310 3604; x_wconf 79' lang='lat' dir='ltr'><strong>stringendi</strong></span> <span class='ocrx_word' id='word_1_356' title='bbox 323 3525 361 3598; x_wconf 85' lang='lat' dir='ltr'><strong>ad</strong></span> <span class='ocrx_word' id='word_1_357' title='bbox 379 3524 581 3610; x_wconf 88' lang='lat' dir='ltr'><strong>Scripturam,</strong></span> <span class='ocrx_word' id='word_1_358' title='bbox 595 3530 743 3612; x_wconf 88' lang='lat' dir='ltr'><strong>imprimis</strong></span> <span class='ocrx_word' id='word_1_359' title='bbox 782 3529 937 3611; x_wconf 78' lang='lat' dir='ltr'><strong>quod&#39;ipsi</strong></span> <span class='ocrx_word' id='word_1_360' title='bbox 954 3528 1154 3592; x_wconf 89' lang='lat' dir='ltr'><strong>Protestantes</strong></span> <span class='ocrx_word' id='word_1_361' title='bbox 1172 3548 1232 3592; x_wconf 90' lang='lat' dir='ltr'><strong>non</strong></span> <span class='ocrx_word' id='word_1_362' title='bbox 1250 3528 1384 3594; x_wconf 84' lang='lat' dir='ltr'><strong>diffiten-</strong></span> 
     </span>
     <span class='ocr_line' id='line_1_41' title="bbox 141 3609 1385 3695; baseline 0.005 -23"><span class='ocrx_word' id='word_1_363' title='bbox 141 3627 207 3672; x_wconf 88' lang='lat' dir='ltr'><strong>rem</strong></span> <span class='ocrx_word' id='word_1_364' title='bbox 227 3609 301 3671; x_wconf 89' lang='lat' dir='ltr'><strong>tanti</strong></span> <span class='ocrx_word' id='word_1_365' title='bbox 320 3613 465 3675; x_wconf 90' lang='lat' dir='ltr'><strong>momenti</strong></span> <span class='ocrx_word' id='word_1_366' title='bbox 488 3613 638 3695; x_wconf 89' lang='lat' dir='ltr'><strong>Apostolis</strong></span> <span class='ocrx_word' id='word_1_367' title='bbox 661 3615 742 3677; x_wconf 91' lang='lat' dir='ltr'><strong>indi·</strong></span> <span class='ocrx_word' id='word_1_368' title='bbox 782 3622 849 3690; x_wconf 91' lang='lat' dir='ltr'><strong>tur,</strong></span> <span class='ocrx_word' id='word_1_369' title='bbox 870 3624 944 3676; x_wconf 90' lang='lat' dir='ltr'><strong>ets.</strong></span> <span class='ocrx_word' id='word_1_370' title='bbox 966 3612 1058 3676; x_wconf 88' lang='lat' dir='ltr'><strong>libros</strong></span> <span class='ocrx_word' id='word_1_371' title='bbox 1081 3613 1191 3691; x_wconf 81' lang='lat' dir='ltr'><strong>legenti</strong></span> <span class='ocrx_word' id='word_1_372' title='bbox 1216 3631 1251 3676; x_wconf 89' lang='lat' dir='ltr'><strong>ac</strong></span> <span class='ocrx_word' id='word_1_373' title='bbox 1277 3615 1385 3678; x_wconf 89' lang='lat' dir='ltr'><strong>conie-</strong></span> 
     </span>
     <span class='ocr_line' id='line_1_42' title="bbox 134 3693 1388 3779; baseline 0.005 -23"><span class='ocrx_word' id='word_1_374' title='bbox 134 3701 252 3772; x_wconf 75' lang='lat' dir='ltr'><strong>cisset,</strong></span> <span class='ocrx_word' id='word_1_375' title='bbox 271 3693 375 3774; x_wconf 84' lang='lat' dir='ltr'><strong>eisque</strong></span> <span class='ocrx_word' id='word_1_376' title='bbox 393 3699 605 3778; x_wconf 87' lang='lat' dir='ltr'><strong>praecepisset,</strong></span> <span class='ocrx_word' id='word_1_377' title='bbox 619 3705 652 3760; x_wconf 89' lang='lat' dir='ltr'><strong>ut</strong></span> <span class='ocrx_word' id='word_1_378' title='bbox 665 3699 741 3761; x_wconf 89' lang='lat' dir='ltr'><strong>scri·</strong></span> <span class='ocrx_word' id='word_1_379' title='bbox 781 3699 859 3760; x_wconf 90' lang='lat' dir='ltr'><strong>renti</strong></span> <span class='ocrx_word' id='word_1_380' title='bbox 874 3706 967 3779; x_wconf 90' lang='lat' dir='ltr'><strong>patet.</strong></span> <span class='ocrx_word' id='word_1_381' title='bbox 979 3696 1081 3778; x_wconf 88' lang='lat' dir='ltr'><strong>Neque</strong></span> <span class='ocrx_word' id='word_1_382' title='bbox 1091 3696 1211 3778; x_wconf 88' lang='lat' dir='ltr'><strong>probari</strong></span> <span class='ocrx_word' id='word_1_383' title='bbox 1224 3704 1323 3779; x_wconf 88' lang='lat' dir='ltr'><strong>potest</strong></span> <span class='ocrx_word' id='word_1_384' title='bbox 1337 3717 1388 3762; x_wconf 90' lang='lat' dir='ltr'><strong>sa-</strong></span> 
     </span>
     <span class='ocr_line' id='line_1_43' title="bbox 143 3777 1389 3863; baseline 0.006 -23"><span class='ocrx_word' id='word_1_385' title='bbox 143 3777 270 3856; x_wconf 90' lang='lat' dir='ltr'><strong>herent,</strong></span> <span class='ocrx_word' id='word_1_386' title='bbox 294 3795 331 3838; x_wconf 89' lang='lat' dir='ltr'><strong>ne</strong></span> <span class='ocrx_word' id='word_1_387' title='bbox 350 3796 482 3860; x_wconf 89' lang='lat' dir='ltr'><strong>unquam</strong></span> <span class='ocrx_word' id='word_1_388' title='bbox 501 3780 633 3844; x_wconf 83' lang='lat' dir='ltr'><strong>Ecclesia</strong></span> <span class='ocrx_word' id='word_1_389' title='bbox 653 3782 741 3845; x_wconf 89' lang='lat' dir='ltr'><strong>unico</strong></span> <span class='ocrx_word' id='word_1_390' title='bbox 782 3799 848 3844; x_wconf 91' lang='lat' dir='ltr'><strong>cros</strong></span> <span class='ocrx_word' id='word_1_391' title='bbox 865 3780 901 3844; x_wconf 91' lang='lat' dir='ltr'><strong>N.</strong></span> <span class='ocrx_word' id='word_1_392' title='bbox 922 3780 957 3844; x_wconf 94' lang='lat' dir='ltr'><strong>T.</strong></span> <span class='ocrx_word' id='word_1_393' title='bbox 976 3781 1136 3863; x_wconf 87' lang='lat' dir='ltr'><strong>scriptores</strong></span> <span class='ocrx_word' id='word_1_394' title='bbox 1163 3797 1264 3844; x_wconf 81' lang='lat' dir='ltr'><strong>omrteo</strong></span> <span class='ocrx_word' id='word_1_395' title='bbox 1293 3783 1389 3847; x_wconf 81' lang='lat' dir='ltr'><strong>simul</strong></span> 
     </span>
     <span class='ocr_line' id='line_1_44' title="bbox 142 3859 1386 3946; baseline 0.002 -20"><span class='ocrx_word' id='word_1_396' title='bbox 142 3881 160 3926; x_wconf 88' lang='lat' dir='ltr'><strong>a</strong></span> <span class='ocrx_word' id='word_1_397' title='bbox 174 3880 205 3924; x_wconf 91' lang='lat' dir='ltr'><strong>e</strong></span> <span class='ocrx_word' id='word_1_398' title='bbox 213 3860 374 3926; x_wconf 87' lang='lat' dir='ltr'><strong>constituto</strong></span> <span class='ocrx_word' id='word_1_399' title='bbox 382 3859 581 3926; x_wconf 84' lang='lat' dir='ltr'><strong>Revelationis</strong></span> <span class='ocrx_word' id='word_1_400' title='bbox 594 3866 675 3928; x_wconf 79' lang='lat' dir='ltr'><strong>sonte</strong></span> <span class='ocrx_word' id='word_1_401' title='bbox 686 3867 741 3929; x_wconf 90' lang='lat' dir='ltr'><strong>de·</strong></span> <span class='ocrx_word' id='word_1_402' title='bbox 780 3873 890 3930; x_wconf 82' lang='lat' dir='ltr'><strong>comtos</strong></span> <span class='ocrx_word' id='word_1_403' title='bbox 907 3865 1041 3927; x_wconf 78' lang='lat' dir='ltr'><strong>omnia‘a</strong></span> <span class='ocrx_word' id='word_1_404' title='bbox 1056 3863 1170 3932; x_wconf 87' lang='lat' dir='ltr'><strong>Christo</strong></span> <span class='ocrx_word' id='word_1_405' title='bbox 1186 3872 1215 3926; x_wconf 92' lang='lat' dir='ltr'><strong>et</strong></span> <span class='ocrx_word' id='word_1_406' title='bbox 1231 3865 1386 3946; x_wconf 87' lang='lat' dir='ltr'><strong>Apostolis</strong></span> 
     </span>
     <span class='ocr_line' id='line_1_45' title="bbox 142 3944 1387 4026; baseline 0.003 -18"><span class='ocrx_word' id='word_1_407' title='bbox 142 3945 326 4008; x_wconf 89' lang='lat' dir='ltr'><strong>stitueretur.</strong></span> <span class='ocrx_word' id='word_1_408' title='bbox 342 3944 499 4026; x_wconf 77' lang='lat' dir='ltr'><strong>Apostolos</strong></span> <span class='ocrx_word' id='word_1_409' title='bbox 517 3959 616 4012; x_wconf 90' lang='lat' dir='ltr'><strong>autem</strong></span> <span class='ocrx_word' id='word_1_410' title='bbox 629 3950 686 4012; x_wconf 88' lang='lat' dir='ltr'><strong>tale</strong></span> <span class='ocrx_word' id='word_1_411' title='bbox 698 3950 743 4014; x_wconf 93' lang='lat' dir='ltr'><strong>di·</strong></span> <span class='ocrx_word' id='word_1_412' title='bbox 782 3960 922 4012; x_wconf 87' lang='lat' dir='ltr'><strong>oretenus</strong></span> <span class='ocrx_word' id='word_1_413' title='bbox 933 3947 1302 4026; x_wconf 79' lang='lat' dir='ltr'><strong>traditadngmotahtteris</strong></span> <span class='ocrx_word' id='word_1_414' title='bbox 1313 3969 1387 4014; x_wconf 92' lang='lat' dir='ltr'><strong>con-</strong></span> 
     </span>
     <span class='ocr_line' id='line_1_46' title="bbox 142 4025 1387 4114; baseline 0.006 -24"><span class='ocrx_word' id='word_1_415' title='bbox 142 4025 244 4092; x_wconf 81' lang='lat' dir='ltr'><strong>vinuin</strong></span> <span class='ocrx_word' id='word_1_416' title='bbox 260 4038 450 4114; x_wconf 89' lang='lat' dir='ltr'><strong>praeceptum</strong></span> <span class='ocrx_word' id='word_1_417' title='bbox 466 4050 526 4093; x_wconf 90' lang='lat' dir='ltr'><strong>non</strong></span> <span class='ocrx_word' id='word_1_418' title='bbox 539 4032 691 4110; x_wconf 90' lang='lat' dir='ltr'><strong>hahuisse,</strong></span> <span class='ocrx_word' id='word_1_419' title='bbox 707 4052 743 4097; x_wconf 83' lang='lat' dir='ltr'><strong>ex</strong></span> <span class='ocrx_word' id='word_1_420' title='bbox 782 4034 925 4112; x_wconf 73' lang='lat' dir='ltr'><strong>signasse.</strong></span> <span class='ocrx_word' id='word_1_421' title='bbox 952 4032 984 4096; x_wconf 94' lang='lat' dir='ltr'><strong>ld</strong></span> <span class='ocrx_word' id='word_1_422' title='bbox 1010 4031 1091 4096; x_wconf 90' lang='lat' dir='ltr'><strong>enim</strong></span> <span class='ocrx_word' id='word_1_423' title='bbox 1113 4032 1321 4096; x_wconf 90' lang='lat' dir='ltr'><strong>tantummodo</strong></span> <span class='ocrx_word' id='word_1_424' title='bbox 1340 4033 1387 4098; x_wconf 72' lang='lat' dir='ltr'><strong>vel</strong></span> 
     </span>
     <span class='ocr_line' id='line_1_47' title="bbox 135 4111 1451 4199; baseline 0.004 -25"><span class='ocrx_word' id='word_1_425' title='bbox 135 4111 276 4192; x_wconf 89' lang='lat' dir='ltr'><strong>ipsorum</strong></span> <span class='ocrx_word' id='word_1_426' title='bbox 296 4113 403 4192; x_wconf 70' lang='lat' dir='ltr'><strong>agendi</strong></span> <span class='ocrx_word' id='word_1_427' title='bbox 422 4115 509 4177; x_wconf 93' lang='lat' dir='ltr'><strong>modo</strong></span> <span class='ocrx_word' id='word_1_428' title='bbox 540 4124 633 4195; x_wconf 89' lang='lat' dir='ltr'><strong>patet.</strong></span> <span class='ocrx_word' id='word_1_429' title='bbox 663 4115 742 4179; x_wconf 93' lang='lat' dir='ltr'><strong>Con·</strong></span> <span class='ocrx_word' id='word_1_430' title='bbox 783 4135 836 4199; x_wconf 91' lang='lat' dir='ltr'><strong>per</strong></span> <span class='ocrx_word' id='word_1_431' title='bbox 854 4118 1062 4199; x_wconf 75' lang='lat' dir='ltr'><strong>Apostolorum</strong></span> <span class='ocrx_word' id='word_1_432' title='bbox 1081 4115 1386 4194; x_wconf 86' lang='lat' dir='ltr'><strong>conventionem,rel</strong></span> <span class='ocrx_word' id='word_1_433' title='bbox 1450 4181 1451 4186; x_wconf 64' lang='grc'>,</span> 
     </span>
     <span class='ocr_line' id='line_1_48' title="bbox 135 4197 1385 4282; baseline 0.006 -28"><span class='ocrx_word' id='word_1_434' title='bbox 135 4203 202 4256; x_wconf 77' lang='lat' dir='ltr'><strong>stat</strong></span> <span class='ocrx_word' id='word_1_435' title='bbox 218 4197 311 4274; x_wconf 88' lang='lat' dir='ltr'><strong>enim,</strong></span> <span class='ocrx_word' id='word_1_436' title='bbox 327 4197 483 4279; x_wconf 83' lang='lat' dir='ltr'><strong>Apostolos</strong></span> <span class='ocrx_word' id='word_1_437' title='bbox 498 4199 656 4278; x_wconf 87' lang='lat' dir='ltr'><strong>plerosque</strong></span> <span class='ocrx_word' id='word_1_438' title='bbox 668 4200 743 4262; x_wconf 87' lang='lat' dir='ltr'><strong>nihil</strong></span> <span class='ocrx_word' id='word_1_439' title='bbox 782 4219 836 4282; x_wconf 85' lang='lat' dir='ltr'><strong>per</strong></span> <span class='ocrx_word' id='word_1_440' title='bbox 852 4200 1010 4282; x_wconf 89' lang='lat' dir='ltr'><strong>specialem</strong></span> <span class='ocrx_word' id='word_1_441' title='bbox 1029 4197 1159 4280; x_wconf 91' lang='lat' dir='ltr'><strong>Spiritus</strong></span> <span class='ocrx_word' id='word_1_442' title='bbox 1170 4197 1202 4261; x_wconf 92' lang='lat' dir='ltr'><strong>S.</strong></span> <span class='ocrx_word' id='word_1_443' title='bbox 1215 4199 1385 4264; x_wconf 88' lang='lat' dir='ltr'><strong>ordinatio-</strong></span> 
     </span>
     <span class='ocr_line' id='line_1_49' title="bbox 144 4277 1385 4364; baseline 0.009 -29"><span class='ocrx_word' id='word_1_444' title='bbox 144 4277 311 4358; x_wconf 88' lang='lat' dir='ltr'><strong>scripsisse,</strong></span> <span class='ocrx_word' id='word_1_445' title='bbox 327 4291 442 4345; x_wconf 89' lang='lat' dir='ltr'><strong>ceteros</strong></span> <span class='ocrx_word' id='word_1_446' title='bbox 467 4291 567 4344; x_wconf 86' lang='lat' dir='ltr'><strong>autem</strong></span> <span class='ocrx_word' id='word_1_447' title='bbox 586 4289 653 4361; x_wconf 89' lang='lat' dir='ltr'><strong>post</strong></span> <span class='ocrx_word' id='word_1_448' title='bbox 670 4300 741 4362; x_wconf 92' lang='lat' dir='ltr'><strong>pro·</strong></span> <span class='ocrx_word' id='word_1_449' title='bbox 783 4303 851 4348; x_wconf 89' lang='lat' dir='ltr'><strong>uem</strong></span> <span class='ocrx_word' id='word_1_450' title='bbox 870 4293 900 4347; x_wconf 88' lang='lat' dir='ltr'><strong>et</strong></span> <span class='ocrx_word' id='word_1_451' title='bbox 920 4283 1114 4348; x_wconf 88' lang='lat' dir='ltr'><strong>directionem</strong></span> <span class='ocrx_word' id='word_1_452' title='bbox 1136 4284 1199 4346; x_wconf 89' lang='lat' dir='ltr'><strong>lieri</strong></span> <span class='ocrx_word' id='word_1_453' title='bbox 1223 4283 1385 4364; x_wconf 91' lang='lat' dir='ltr'><strong>potuisset.</strong></span> 
     </span>
    </p>
   </div>
   <div class='ocr_carea' id='block_1_3' title="bbox 145 4358 1328 4452">
    <p class='ocr_par' dir='ltr' id='par_1_3' title="bbox 145 4358 1328 4452">
     <span class='ocr_line' id='line_1_50' title="bbox 145 4358 1328 4452; baseline 0.02 -36"><span class='ocrx_word' id='word_1_454' title='bbox 145 4358 518 4446; x_wconf 78' lang='lat' dir='ltr'><strong>mulgetumlirangalium.</strong></span> <span class='ocrx_word' id='word_1_455' title='bbox 528 4364 744 4436; x_wconf 84' lang='lat' dir='ltr'><strong>Matthaeusin·</strong></span> <span class='ocrx_word' id='word_1_456' title='bbox 813 4389 844 4446; x_wconf 83' lang='grc' dir='ltr'><strong>(ι)</strong></span> <span class='ocrx_word' id='word_1_457' title='bbox 859 4389 867 4434; x_wconf 90' lang='grc' dir='ltr'>ι</span> <span class='ocrx_word' id='word_1_458' title='bbox 882 4391 912 4436; x_wconf 79' lang='lat' dir='ltr'><strong>m</strong></span> <span class='ocrx_word' id='word_1_459' title='bbox 927 4392 1008 4440; x_wconf 79' lang='lat' dir='ltr'><strong>rhea.</strong></span> <span class='ocrx_word' id='word_1_460' title='bbox 1113 4391 1142 4451; x_wconf 76' lang='lat'><strong>(2)</strong></span> <span class='ocrx_word' id='word_1_461' title='bbox 1160 4390 1181 4452; x_wconf 85' lang='lat' dir='ltr'><strong>i·</strong></span> <span class='ocrx_word' id='word_1_462' title='bbox 1195 4391 1248 4451; x_wconf 79' lang='lat' dir='ltr'><strong>tao,</strong></span> <span class='ocrx_word' id='word_1_463' title='bbox 1263 4392 1328 4442; x_wconf 74' lang='lat' dir='ltr'><strong>ms.</strong></span> 
     </span>
    </p>
   </div>
   <div class='ocr_carea' id='block_1_4' title="bbox 0 34 1479 4736">
    <p class='ocr_par' dir='ltr' id='par_1_4' title="bbox 0 34 1479 4736">
     <span class='ocr_line' id='line_1_51' title="bbox 0 34 1479 4736; baseline 0 0"><span class='ocrx_word' id='word_1_464' title='bbox 0 34 1479 4736; x_wconf 95' lang='lat' dir='ltr'><strong> </strong></span> 
     </span>
    </p>
   </div>
  </div>
 </body>
</html>
