2934 4736
450 204 525 250 raas
541 205 706 252 rrr.sscrro
720 207 741 250 r.
761 205 854 252 arear
872 207 905 250 rr.
1203 191 1264 254 3d5

48 279 171 346 didisse
191 280 432 365 in⁴1leum,qui
462 289 508 345 est
533 303 611 346 nnus
632 283 664 346 in
703 301 736 344 re
749 276 939 348 Muratorius
951 281 1011 365 (Ξ),
1027 283 1308 368 Malillcu(3)‚Re·

49 367 204 444 essentia,
222 375 251 428 et
271 366 367 430 trinus
381 367 411 428 in
431 367 577 448 personis.
703 367 1125 448 naahttm(l),hsaemnnos
1137 369 1198 452 (5),
1212 369 1305 438 Card.

93 451 128 514 3.
145 451 195 514 Ad
220 451 390 530 dogmatum
412 451 550 514 notitiam
578 451 609 513 in
628 471 663 514 a·
702 451 789 522 Beue
802 452 862 534 (d),
879 451 1028 516 Binterim
1042 452 1102 534 (l).

48 532 144 596 nimis
162 532 300 598 fidelium
313 536 543 600 conservandam
556 555 662 614 magno
746 535 778 598 5.
812 536 962 600 Haeretici
986 554 1105 618 quoque
1136 535 1307 602 traditionis

49 617 143 680 etiarn
161 618 369 682 emolumento
388 628 458 681 sunt
474 619 554 682 ritus
576 623 605 682 et
618 621 663 701 sc·
702 625 732 679 et
758 619 828 681 tidei
857 619 889 682 in
911 618 1044 683 Ecclesia
1069 619 1195 700 ,vigentis
1216 629 1306 684 testes
1341 640 1343 645 ·

47 700 495 785 sta,quihuscertaequaedam
508 703 662 766 doctrinae
701 711 771 764 sunt
792 711 852 766 tum
872 703 903 766 in
921 723 957 766 eo
976 702 1056 785 quod
1073 704 1215 780 retinent,
1235 724 1304 768 cum

47 796 279 864 annectuntur,
299 795 328 848 et
357 806 485 868 quorum
505 787 661 852 occasione
702 805 768 848 sese
782 787 819 850 ab
832 787 966 851 Ecclesia
976 796 1127 869 separant,
1141 796 1202 849 tum
1222 787 1253 850 in
1268 809 1303 852 eo

48 869 382 953 populuschristianus
397 870 663 934 circaeastlemve-
701 871 781 950 quod
808 871 995 952 impugnant.
1016 871 1133 934 Etenim
1160 871 1304 936 haeretici

44 954 159 1017 ritates
177 955 287 1019 instrui
305 955 470 1018 consueuit.
487 953 552 1018 'lali
571 955 660 1018 modo
701 961 771 1015 ante
788 956 923 1036 proprias
937 955 1143 1018 innovationes
1154 955 1185 1018 in
1200 955 1304 1020 Eccle-

43 1037 258 1116 plurimarnm
276 1039 445 1117 dogmatum
461 1039 534 1102 tides
546 1039 576 1101 in
595 1039 659 1102 viva
701 1037 745 1098 sia
767 1039 914 1101 catholica
932 1039 1060 1101 instituti
1079 1047 1150 1101 sunt
1169 1058 1203 1101 ac
1224 1059 1303 1103 cnu-

45 1121 292 1186 Christianornm
317 1123 463 1184 memoria
486 1132 660 1187 conservata
700 1121 774 1200 triti;
795 1141 861 1185 cum
879 1142 949 1186 vero
977 1123 1095 1186 nonnisi
1120 1123 1151 1184 in
1174 1123 1303 1204 quibus·

45 1205 118 1269 init.
146 1203 197 1270 Sic
216 1226 244 1270 a.
263 1227 293 1286 g.
312 1207 483 1287 Baptismus
498 1207 529 1271 in
549 1208 658 1272 remis·
700 1206 766 1268 dam
781 1207 984 1288 peculiaribus
996 1207 1139 1284 articulis,
1152 1226 1235 1288 »quos
1251 1216 1303 1270 aut

45 1290 170 1354 sionem
187 1299 377 1372 peccatorum
393 1293 481 1354 etiam
493 1291 659 1356 infantibus
699 1299 819 1368 negant,
835 1299 887 1354 aut
904 1291 1061 1366 invehunt,
1080 1291 1242 1372 averitatis
1254 1311 1302 1354 se·

46 1376 182 1438 collatus
209 1374 374 1438 doctrinam
393 1375 430 1438 de
458 1376 658 1440 transfusione
698 1374 772 1436 mita
793 1373 951 1452 aberrent,
972 1375 1018 1437 his
1036 1375 1162 1454 demtis,
1185 1376 1301 1457 reliqua

45 1458 170 1538 peccati
197 1458 350 1540 originalis
367 1459 398 1521 in
420 1468 550 1522 mentem
568 1479 656 1523 revo—
698 1459 830 1538 protiteri
849 1466 978 1540 pergunt
1000 1477 1067 1522 cum
1093 1457 1227 1534 Ecclesia
1250 1479 1301 1522 ca-

46 1552 106 1621 cat,
129 1544 347 1607 Eucharistiae
364 1545 526 1627 perceptio,
544 1552 605 1606 tum
619 1546 656 1606 ti-
699 1541 818 1604 thelica.
834 1541 1022 1625 Quapropter
1039 1543 1070 1606 in
1086 1543 1219 1605 articulis
1237 1562 1301 1606 om·

46 1627 116 1689 dem
141 1627 180 1689 de
198 1628 272 1690 reali
290 1627 398 1691 Christi
425 1629 457 1690 in
481 1629 535 1690 hoc
554 1647 656 1690 sacra·
696 1625 797 1703 nibus,
817 1646 892 1708 quos
915 1645 1090 1694 coramuaes
1107 1646 1175 1689 cum
1193 1627 1299 1690 Eccle-

46 1720 157 1774 mento
174 1713 346 1794 praesentia
358 1721 449 1788 ‚tum
481 1713 654 1774 memoriam
696 1709 741 1770 sia
759 1710 884 1789 habent,
907 1719 997 1774 testes
1015 1719 1086 1775 sunt
1103 1711 1199 1773 avitae
1218 1711 1299 1774 illius

45 1797 205 1877 passionis
221 1804 251 1858 et
277 1796 381 1858 mortis
408 1795 517 1859 Christi
535 1796 654 1874 excitat,
696 1793 788 1873 fidei,
807 1795 933 1877 quaein
953 1795 1086 1858 Ecclesia
1116 1794 1297 1874 obtinebat,

45 1881 174 1943 Festum
187 1881 353 1960 Paschatis,
369 1883 398 1943 et
414 1880 473 1942 diei
490 1882 657 1944 dominicae
697 1878 814 1958 quando
833 1880 890 1961 ipsi
905 1879 942 1941 ab
958 1898 992 1941 ea
1010 1879 1134 1956 digressi
1150 1886 1232 1952 sunt,
1248 1889 1300 1942 ant

46 1983 101 2044 pro
120 1962 249 2026 sabbato
271 1964 433 2026 celebratio
458 1965 655 2027 resurrectio·
697 1962 734 2024 ab
752 1983 787 2025 ea
805 1964 927 2026 luerunt
942 1964 1069 2044 expulsi.
1087 1961 1163 2026 Hinc
1177 1981 1300 2044 quoen-

47 2066 120 2110 nem
142 2046 251 2110 Christi
273 2057 344 2111 ante
360 2050 462 2112 oculos
480 2048 580 2129 ponit,
596 2050 655 2112 Ee·
696 2046 840 2128 tiqniores
852 2048 996 2110 haeretici
1008 2055 1089 2122 sunt,
1103 2065 1138 2109 eo
1150 2047 1298 2129 illustrius
1394 2071 1398 2084 ¹

47 2139 132 2195 stum
155 2133 336 2196 Pentecostes
360 2132 510 2210 missionis
528 2131 655 2215 Spiritus
698 2132 898 2194 testimonium
927 2131 1085 2214 perhibent
1114 2131 1296 2208 veritatum,

49 2215 80 2277 Sc
102 2225 137 2278 et
157 2216 319 2294 gratiarum
343 2217 379 2279 ab
404 2215 469 2298 ipso
494 2217 655 2280 effusarum
697 2235 771 2296 quas
798 2216 931 2295 Ecclesia
956 2217 1089 2298 professa
1111 2223 1168 2277 est.
1187 2212 1306 2302 Verum·

48 2301 199 2363 solemnis
215 2301 381 2363 recordatio
400 2311 446 2363 est
457 2302 517 2382 (l).
696 2319 756 2367 non
774 2301 875 2375 minus
888 2302 1071 2384 luculentum
1084 2297 1225 2379 antiquae
1244 2299 1299 2362 Ec·

91 2383 127 2446 d.
149 2384 235 2448 Libri
252 2384 654 2466 publicaEcclesiaruman·
696 2384 805 2448 clasiae
845 2385 1010 2448 catholicae
1043 2383 1111 2446 ndei
1143 2392 1173 2444 ct
1202 2383 1298 2448 aritae

51 2469 192 2532 ctoritate
212 2468 285 2531 editi
303 2470 414 2550 optima
436 2468 597 2532 earundem
618 2471 656 2532 n·
697 2469 864 2531 traditionis
882 2477 1089 2548 argumentum
1104 2467 1296 2548 suppeditant

51 2553 120 2614 dem
136 2561 292 2615 testantur.
305 2552 390 2616 Tales
404 2562 473 2616 sunt
488 2555 558 2618 libri
573 2573 655 2635 sym·
697 2551 838 2616 haeretici
850 2555 879 2616 in
893 2573 928 2616 ea
939 2561 1021 2635 parte
1033 2551 1308 2632 doetrinae,qnam·

51 2637 153 2712 lotia,
169 2637 222 2718 qui
241 2656 385 2699 summam
403 2639 555 2704 doctrinae
574 2639 655 2700 chri·
680 2637 754 2717 -ipsi
768 2638 883 2699 adhorti
896 2646 976 2699 sunt.
989 2635 1235 2717 Quandoquidem
1251 2635 1297 2696 ni-

52 2721 169 2784 stianae
199 2721 350 2799 exhibent,
380 2723 451 2786 tiara·
477 2723 602 2786 rituales
629 2731 656 2787 et
696 2721 720 2782 si
740 2721 984 2784 illadoctricain
1004 2720 1136 2788 Ecclesia
1154 2719 1298 2781 uniuscn-

54 2804 208 2886 liturgici,
247 2807 299 2888 qui
334 2806 468 2887 publicas
493 2805 654 2882 Ecclesiae
695 2804 802 2887 iusque
814 2814 911 2868 sectae
924 2803 1212 2878 aetatainvalnisset,
1229 2821 1296 2864 eam

55 2891 205 2952 orationes
228 2891 408 2972 modumque
432 2900 654 2954 sacrosanctum
696 2907 848 2971 nunquam
876 2890 1100 2970 impugnassent
1132 2885 1295 2964 haeretici,

54 2972 261 3036 Eucharistiae
278 2985 495 3038 sacramentum
512 2975 655 3038 otiorendi
695 2991 793 3056 neque
811 2981 845 3036 ut
859 2983 1015 3036 novatores
1031 2972 1068 3034 ab
1085 2969 1218 3034 Ecclesia
1240 2970 1296 3031 da·

55 3059 221 3135 continent,
238 3060 587 3124 etiihrisacrameutales
602 3079 655 3122 sen
697 3059 790 3120 mnati
810 3058 936 3122 luissent
953 3066 982 3120 et
999 3055 1114 3118 reiecti.
1134 3051 1183 3114 Sic
1211 3072 1238 3117 e.
1263 3073 1294 3132 g.

54 3143 306 3219 mmanwntaria,
324 3144 355 3206 in
378 3143 488 3224 quihus
506 3142 654 3222 materia,
695 3141 798 3205 Ariani
817 3143 904 3204 fidem
924 3139 1073 3204 Ecclesiae
1092 3147 1154 3198 tum
1172 3137 1208 3198 de
1228 3139 1296 3200 uni-

56 3225 149 3288 iorma
167 3235 197 3288 et
215 3246 356 3290 numeras
380 3236 654 3306 sacramentorum,
697 3234 756 3288 tate
774 3227 845 3303 Ilei,
864 3234 927 3288 tum
950 3224 986 3286 de
1015 3222 1168 3286 divinitate
1186 3220 1296 3284 Christi

54 3309 188 3392 ritusque
216 3310 247 3372 in
274 3330 375 3373 eorum
398 3313 656 3376 administratione
697 3310 868 3388 ostendunt;
889 3327 956 3370 nam
976 3308 1006 3368 in
1032 3305 1124 3388 priori
1144 3306 1294 3384 dogmate,

57 3392 235 3457 observandi
264 3394 510 3469 determinantur.
541 3396 602 3459 lam
620 3397 653 3462 S.
696 3395 726 3457 in
739 3413 797 3476 qno
813 3413 879 3456 cum
897 3391 1055 3456 Catholicis
1066 3389 1297 3468 consenserunt,¹

56 3477 242 3560 Augustinus
259 3499 294 3541 ex
311 3480 440 3562 publicis
453 3479 604 3543 Ecclesiae
619 3500 655 3542 o·
697 3498 714 3539 a
731 3478 851 3542 nemine
870 3475 1034 3557 impugnati
1050 3483 1131 3552 sunt,
1147 3473 1177 3535 in
1193 3484 1295 3555 poste-

55 3561 221 3626 rationibus
239 3563 345 3642 dogma
359 3565 396 3626 dc
413 3565 544 3626 efficacia
562 3573 591 3627 ct
604 3583 657 3626 ne·
696 3563 770 3624 riori
788 3581 876 3639 vero,
896 3561 975 3642 qnod
1000 3567 1162 3638 negarunt,
1182 3559 1295 3622 acerri-

16 3720 19 3726 Ι
56 3644 191 3710 cessitate
216 3647 328 3726 gratiae
356 3657 459 3710 contra
482 3647 656 3727 Pelagianos
697 3665 761 3708 mos
778 3643 1297 3710 adversariosintchatholiccsna·

54 3729 200 3810 probavit.
220 3729 268 3794 Sic
283 3731 393 3813 pariter
406 3753 441 3794 ex
460 3731 549 3795 variis
567 3733 655 3796 litur-
696 3731 908 3792 ctietideoceu
920 3726 1292 3792 haereticidamnatisunt.

54 3813 105 3890 giis
122 3815 202 3878 ratio
226 3816 366 3879 sacrificii
392 3815 423 3878 in
444 3815 654 3896 Eucharistia,
695 3813 1092 3890 Hancobcansanrht'staria
1106 3807 1295 3876 ecclesiastica

54 3898 160 3978 dogma
177 3899 216 3962 de
234 3899 575 3978 transsubstantiatione,
584 3919 654 3982 per·
696 3907 726 3960 at
743 3898 903 3979 praecipue
920 3898 1045 3962 historia
1060 3898 1229 3978 dopmnum
1256 3889 1294 3952 ad

53 3991 221 4064 petuusque
240 4002 293 4065 pro
308 3984 455 4048 defunctis
466 3985 572 4048 orandi
583 4004 655 4048 usus
694 3979 845 4044 Ecclesiae
858 3981 1047 4045 traditionem
1060 3973 1294 4057 cognoscendam

52 4066 168 4130 ostendi
186 4075 297 4150 potest.
316 4067 446 4148 Legendi
462 4077 531 4133 sunt
546 4069 602 4131 lrac
618 4067 655 4131 de
696 4085 803 4146 magna
820 4067 1022 4130 emolumenta
1041 4064 1137 4128 aiiert.

125 4281 159 4325 lle
172 4279 244 4326 rebus
253 4281 334 4338 liturg.
393 4281 424 4340 (dt
440 4281 654 4339 carlemannus.
735 4283 756 4336 Gt
771 4283 854 4328 ilerum
872 4283 950 4336 liturg.
961 4278 1001 4322 lrh.

89 4339 112 4398 t)
127 4339 286 4395 liturgiarum
298 4341 450 4386 ortentnlium
462 4341 580 4388 collectio.
726 4343 756 4400 i⁷l
765 4339 1001 4396 lienttwirrdighcttau
1011 4333 1294 4384 darchrtstlmthdirehe.

79 4216 111 4396 {gp
127 4218 163 4267 Cl.
177 4220 254 4267 Frtnt.
269 4225 285 4268 t.
301 4220 337 4278 lll,
353 4220 374 4283 fl.
389 4220 441 4268 272.
589 4211 591 4218 ¹
726 4221 757 4340 qi)
773 4223 851 4270 codex
862 4223 987 4277 liturgicus
999 4219 1114 4264 Ecclesiae
1130 4218 1262 4266 unlversae.
