2962 4736
217 149 279 214 496
630 163 814 212 momoria
837 159 999 210 macconis

175 263 227 308 cas
244 241 463 321 examinarunt,
480 242 774 326 aporiareiecerunl,
815 242 938 318 nnorcl,
958 257 1025 302 curn
1047 250 1160 316 nmen,
1194 245 1229 301 ul
1255 235 1415 319 proba-lum

175 329 235 392 lide
253 328 341 406 digna
367 347 435 392 roro
458 329 585 410 amplexi
610 336 692 390 sunl.
712 327 775 390 llu-
816 323 1107 406 iuil,=indcscclililis
1120 324 1169 386 sil.
1186 321 1249 384 lloc
1269 322 1417 403 principio

177 411 265 476 bilari
281 431 350 490 erpo
364 412 480 494 nequii,
492 411 654 476 Ecclesiam
671 411 778 475 Callic-
815 419 926 472 aleluia
955 407 1051 470 ullalc'
1066 408 1224 469 difficultas
1246 407 1338 468 lacile
1357 409 1417 469 sol·

177 496 265 558 licam
294 497 399 577 quouis
425 497 544 560 sacculo
576 496 653 558 reris
683 495 775 558 fuisse
815 494 905 556 rilur.
924 491 996 554 llam
1015 491 1148 554 Ecclesia
1173 490 1331 567 Romana,
1352 492 1419 552 licel

177 580 330 644 miraculis
344 581 533 644 illustratam.
553 578 595 642 Nc
616 578 773 642 minimum
815 573 1258 658 posllupcndum'Graecorum
1284 575 1418 636 scirisrna

175 674 277 726 aulem
295 664 419 726 dubium
436 664 547 728 moueri
563 672 661 744 polest
674 664 712 726 da
729 681 776 726 uc·
815 661 846 722 in
861 662 925 724 sola
942 662 1061 742 Europa
1082 658 1233 722 dominari
1249 657 1415 736 uideretur,

177 747 265 812 rilule
281 747 503 826 miraculorum,
524 766 600 830 quae
628 748 659 810 in
677 748 774 815 causis
815 745 927 826 ubique
944 755 1041 806 lumen
1053 743 1184 822 gencium
1200 743 1277 804 filios
1288 743 1347 804 sibi
1363 744 1416 805 oln-

177 831 406 894 lrcalilicalicnis
426 839 455 896 el
473 823 708 896 canonizationis
723 850 773 912 ap·
816 838 975 910 sequcnles
990 845 1108 910 semper
1127 827 1242 903 habuit,
1264 835 1294 888 el
1313 827 1411 889 hahet.

179 915 304 998 poubuln
322 917 453 979 luccunl.
473 913 586 996 Siquis
603 915 683 978 enim
695 933 776 977 surn-
816 912 848 975 ln
865 913 934 974 Asia
949 913 1028 976 enirn
1044 913 1122 974 inlcr
1135 909 1276 988 Graecos,
1296 920 1330 972 et
1348 911 1416 972 lsla·

178 1019 260 1062 mum
279 1000 407 1077 rigorem
422 999 602 1073 conciderat,
614 1000 667 1080 qui
683 1000 713 1060 in
730 997 776 1060 in·
817 997 915 1072 milas,
937 997 969 1058 in
987 996 1105 1074 Russia,
1132 996 1162 1056 in
1181 995 1275 1076 plagis
1292 995 1415 1071 indicio,

178 1083 325 1166 quitando
343 1083 465 1146 uerilule
491 1084 632 1146 lnislorica
653 1092 683 1146 el
707 1083 775 1163 plri-
816 1079 846 1142 in
862 1081 982 1158 Africa,
1012 1091 1043 1144 el
1062 1081 1092 1142 in
1116 1079 1286 1158 regionibns
1315 1089 1417 1160 prole·

178 1166 331 1248 losoplrica
360 1167 571 1230 miraculorum
604 1167 774 1243 adhibelur,
816 1165 1106 1246 alaonlicissplures
1142 1163 1247 1244 quouis
1282 1172 1417 1244 tempore

179 1252 522 1330 cridenlcrcogncscel,
549 1269 667 1313 omnem
686 1251 775 1312 sidem
816 1247 923 1312 Christi
954 1249 985 1310 in
1017 1249 1104 1310 terris
1125 1245 1242 1310 vicario
1280 1247 1417 1310 obsecuti

181 1335 352 1398 hisloricam
369 1353 386 1396 e
401 1336 499 1398 medio
519 1335 678 1398 lollennlorn
697 1353 774 1410 esse,
815 1341 896 1407 sunl,
917 1341 947 1396 el
973 1331 1196 1414 obsequuntur,
1226 1331 1416 1412 eandemque

179 1421 204 1484 ai
229 1420 280 1482 lali
309 1419 422 1502 iudicio
447 1439 505 1482 non
527 1419 671 1482 credilur.
700 1417 776 1481 Voce
816 1432 883 1478 cum
911 1417 975 1498 ipso
994 1418 1091 1480 'liclem
1117 1425 1147 1478 el
1171 1416 1415 1477 communionem

178 1511 277 1568 aulem
300 1503 444 1568 miracula
463 1505 542 1566 sicul
559 1501 703 1578 huminis,
724 1521 777 1583 per
817 1502 942 1582 professi
955 1509 1035 1578 sunl,
1052 1501 1279 1581 elprolilenlur.
1294 1499 1349 1561 His
1363 1501 1416 1562 ed-

178 1605 268 1670 quem
294 1587 390 1664 ssent,
420 1588 461 1650 ila
490 1588 579 1650 eliam
613 1586 775 1663 Ecclesiae,
796 1559 847 1668 ,lili
862 1592 970 1665 polest,
987 1586 1065 1666 quod
1086 1602 1152 1646 curu
1171 1583 1276 1646 Graeci
1299 1584 1340 1646 ab
1362 1585 1417 1646 Ec-

179 1690 256 1752 quoa
273 1670 370 1751 ipsum
390 1671 493 1749 genuit
515 1680 545 1732 el
562 1671 647 1747 alarii,
663 1671 775 1734 sancli-
796 1669 799 1782 p
816 1669 907 1730 clesia
921 1669 1054 1732 Romana
1065 1670 1236 1744 delicerent,
1250 1669 1356 1748 plures
1375 1687 1418 1730 se·

179 1764 270 1816 talem
299 1756 487 1832 confirmant,
507 1756 577 1836 quiin
594 1755 721 1818 daemon
739 1754 776 1816 au
797 1785 799 1828 1
817 1754 1039 1833 plemlrionnlcs
1047 1753 1149 1834 populi
1172 1753 1229 1832 ipsi
1254 1752 1333 1813 unili
1356 1753 1417 1814 lue-

179 1839 414 1902 conlnnnnntlum
433 1858 564 1902 errorem
585 1838 646 1900 reri
675 1839 775 1902 nunni·
816 1837 887 1913 rinl,
908 1846 937 1900 el
953 1857 1021 1900 cunr
1047 1837 1206 1912 Lullrerus,
1226 1844 1256 1899 el
1278 1835 1416 1898 Calvinus

179 1925 227 1988 uis
247 1923 390 1984 miracula
412 1925 554 2004 perlicere
573 1923 707 2004 nequit(
728 1925 753 2002 ).
818 1923 926 1984 mullos
944 1923 1131 1997 seducerent,
1156 1921 1187 1982 in
1207 1920 1349 1982 Arnerica
1369 1939 1416 1982 or-

224 2009 289 2072 oni.
312 2008 341 2071 l.
371 2005 403 2069 Si
420 2006 610 2070 Callicliciles
628 2016 674 2068 csl
690 2025 777 2068 uerae
818 2004 944 2068 chonam
957 2006 1218 2086 lrrlespraerlicala,
1232 2005 1338 2066 ellale
1352 2025 1419 2086 pro·

179 2092 330 2154 Ecclesiae
349 2099 434 2168 nola,
454 2091 613 2154 dicendum
642 2099 698 2166 esl,
718 2090 778 2153 Ec·
818 2098 923 2172 pognia
941 2091 991 2153 sil.
1012 2091 1186 2153 Nullalenns
1204 2089 1295 2166 igilur
1312 2089 1417 2150 Eccle-

180 2174 485 2238 clesiamEomannm
507 2177 565 2236 ianr
586 2184 654 2236 ante
679 2175 778 2256 aliqua
798 2195 801 2314 4
818 2171 1352 2250 siaRomnnnanoloCallrolioilalis,
1370 2183 1419 2236 aut

180 2259 340 2322 succulae
368 2259 490 2322 rerilalu
517 2258 673 2322 deiecisse.
705 2257 777 2320 llam
819 2257 978 2320 arerilule
998 2274 1128 2339 unquam
1150 2258 1271 2319 deiecit.

180 2340 265 2404 Sacc.
290 2341 327 2404 lll
361 2343 492 2405 Ecclesia
517 2343 648 2419 Graeca,
668 2361 721 2404 scu
743 2363 779 2403 o·
862 2342 926 2405 ool.
957 2344 988 2404 8.
1017 2343 1173 2404 Praesules
1196 2341 1340 2403 calholici
1368 2359 1419 2404 ne·

180 2426 315 2488 rienlalis
331 2427 368 2488 ab
383 2426 687 2490 Ecclesiaellunranae
700 2445 781 2488 corn·
820 2435 935 2506 queunt
951 2427 988 2488 cle
1007 2425 1106 2488 diuina
1124 2427 1279 2502 missione,
1296 2433 1326 2488 el
1345 2446 1418 2507 apo-

168 2509 324 2574 munione
341 2509 747 2591 seiunctaelinrlependcnsl
764 2543 780 2556 ·
820 2510 925 2572 ololica
949 2510 1136 2572 successione
1160 2511 1293 2587 gloriarm
1321 2510 1419 2591 siqui·

180 2604 228 2658 clo
246 2605 301 2656 esl:
321 2595 515 2674 quamobrem
535 2594 781 2656 Ecclesiallmna-
801 2639 802 2654 ,
820 2593 887 2654 clem
917 2613 1055 2656 suminus
1089 2593 1226 2656 Poulilex
1251 2595 1376 2672 eligitur
1404 2616 1420 2656 a

181 2697 220 2742 na
237 2679 274 2740 acl
289 2678 381 2739 solam
396 2675 543 2759 Europam
554 2679 690 2740 reslriclu
703 2677 779 2740 haud
801 2714 803 2752 ,
820 2676 1044 2755 Cardinalibus,
1069 2678 1121 2760 qui
1134 2686 1203 2740 sunl
1222 2678 1420 2742 inslilulionis

179 2763 309 2843 ampelius
326 2762 779 2845 Cullrulicctlicipolcra13quoil
801 2771 803 2854 p
822 2761 980 2839 humanae,
1011 2762 1149 2844 Episcopi
1177 2781 1194 2824 a
1212 2761 1346 2839 Regillus
1365 2764 1420 2824 eli·

182 2865 292 2912 namen
317 2847 409 2907 mullo
434 2847 532 2908 minus
557 2845 941 2924 vindicaresilnilguulur,
974 2848 1102 2908 clolim
1135 2847 1324 2910 necessarius
1354 2857 1418 2909 erat

181 2939 289 3012 polasl,
308 2937 462 3011 postquam
480 2928 566 2994 Sacc.
586 2931 648 2993 lllll
670 2933 784 2992 nrullac
820 2931 922 3011 populi
940 2949 1115 2994 consensus.

181 3015 352 3096 provinciae
367 3033 424 3094 per¹
436 3015 679 3078 reformationem
699 3015 737 3077 ab
756 3015 781 3076 i·
861 3016 947 3094 Eccp.
976 3013 1129 3078 Ordinatio
1148 3013 1186 3076 ab
1203 3013 1354 3078 eleclionc
1378 3015 1420 3076 aii·

176 3117 233 3181 psa
247 3107 402 3179 separatae
419 3106 500 3160 sunl.
819 3096 929 3176 slingui
942 3098 1040 3161 leben.
1052 3100 1336 3180 Elignnlurquirlern
1346 3099 1420 3160 Pon-

222 3183 308 3261 Rcsp.
325 3181 383 3262 Ipsi
400 3181 560 3244 adversarii
576 3182 718 3259 solentur,
740 3183 776 3244 cd
820 3182 912 3244 lificcs
931 3203 949 3244 a
965 3183 1182 3258 cardinalibus,
1196 3195 1226 3246 et
1243 3183 1387 3264 Episcopi
1402 3203 1420 3244 o

173 3266 410 3334 ncallnolicilalern
449 3268 686 3328 constituendam
720 3264 1420 3347 non'RegibussedordinanluralrEpisco·
1472 3331 1473 3342 ,

174 3348 295 3430 'requiri
311 3349 498 3412 dillusionem
514 3352 664 3431 plapsicom
679 3358 708 3412 el
724 3353 778 3413 cl·
819 3349 877 3429 pis,
897 3351 948 3430 qui
967 3361 1035 3412 sunl
1065 3350 1260 3412 inslilulionis
1289 3351 1417 3427 divinae,

174 3433 322 3512 colmam,
341 3434 393 3495 sed
418 3435 553 3496 sufficere
573 3435 778 3514 plonemoro-
818 3435 1131 3514 cnvernnposiolomm
1146 3434 1419 3497 successoresllo·
1472 3473 1473 3486 ,

173 3517 251 3591 3lcm,
267 3533 345 3596 princ
360 3518 390 3578 in
413 3536 448 3580 eo
463 3518 616 3594 consislil,
645 3529 678 3580 ul
696 3521 725 3580 in
743 3538 777 3582 o·
818 3519 875 3578 uus
889 3515 1256 3580 eleulionisllinislrorum
1274 3519 1311 3580 ad
1333 3519 1417 3580 disci·
1472 3579 1473 3582 ,

173 3600 304 3674 {annilius
324 3601 426 3664 mundi
446 3602 555 3680 cogniti
575 3603 709 3684 partibus
729 3603 778 3664 in·
818 3602 953 3683 plicam,
986 3604 1092 3664 nnooas
1122 3621 1190 3664 vero
1220 3603 1423 3664 ordinacionis

173 3685 339 3769 3leninnlur
355 3684 448 3766 aliqui
462 3705 545 3747 veroa
564 3683 712 3752 Ecclesiae
727 3687 779 3748 ucl-
819 3704 872 3766 pcc
887 3686 1107 3764 imposilionem
1127 3703 1232 3747 manus
1251 3687 1427 3768 Episcopo-«2

173 3769 359 3835 lacerantes:
380 3787 457 3849 quisae
478 3771 628 3833 senlcnliu
646 3770 777 3832 reclissi-
819 3789 883 3832 rurn
900 3771 937 3831 ad
957 3769 1086 3832 divinum
1104 3769 1236 3853 perlinat
1253 3770 1426 3832 inslilulio·.

116 3917 120 3930 ,
173 3867 232 3916 une
246 3861 464 3934 propugnatur,
476 3855 616 3932 quoniam
636 3855 708 3917 alios
725 3855 778 3916 lri·
819 3872 900 3920 nem.

182 3935 240 3998 bus
259 3933 407 4016 prioribus
424 3936 550 3997 saeculis
573 3938 704 4000 Ecclesia
721 3939 780 4002 Ca·
863 3937 927 4012 Oli.
955 3939 985 4001 9.
1014 3937 1048 4001 In
1078 3896 1143 4020 ipso
1173 3937 1320 4000 cnllredra
1343 3891 1441 4000 I‘elri¹
1472 3961 1473 3966 ¹

183 4021 296 4082 tlrulicu
328 4039 387 4082 non
413 4019 577 4097 exlilissel,
611 4034 640 4082 et
667 4022 780 4084 ullirnis
820 4022 969 4087 successio
984 4025 1146 4102 apostolica
1163 4025 1285 4102 saepius
1304 4023 1363 4084 iuil
1381 4024 1423 4082 in·

184 4104 289 4166 niuali
310 4104 505 4184 lempurlliuS,
532 4103 563 4165 iu
591 4105 700 4185 quibus
720 4125 781 4167 mo·
820 4113 964 4186 lerrupla.
984 4105 1122 4168 Nonnulli
1141 4106 1220 4167 enirn
1238 4115 1292 4167 aiil
1309 4107 1423 4167 violen-

184 4201 245 4264 gna
265 4187 391 4249 alolcclio
415 4188 564 4268 praediola
583 4189 706 4269 eslii),
726 4191 781 4252 de·
822 4197 890 4268 ier,
920 4199 971 4254 aul
1001 4191 1174 4268 lrauoihus,
1202 4199 1234 4254 cl
1256 4188 1430 4254 simoniaco

213 4292 246 4350 ln
262 4293 294 4338 cr.
310 4294 330 4356 n.
346 4297 374 4342 cc
389 4295 615 4355 ranuncula
801 4307 806 4338 ι
852 4290 1088 4358 ‹anrrauaono
1181 4365 1184 4370 Δ
1244 4281 1251 4292 ”
1399 4272 1405 4281 ’
