<?xml version="1.0" encoding="UTF-8"?>
<!DOCTYPE html PUBLIC "-//W3C//DTD XHTML 1.0 Transitional//EN"
    "http://www.w3.org/TR/xhtml1/DTD/xhtml1-transitional.dtd">
<html xmlns="http://www.w3.org/1999/xhtml" xml:lang="en" lang="en">
 <head>
  <title>
</title>
<meta http-equiv="Content-Type" content="text/html;charset=utf-8" />
  <meta name='ocr-system' content='tesseract 3.04.00' />
  <meta name='ocr-capabilities' content='ocr_page ocr_carea ocr_par ocr_line ocrx_word'/>
</head>
<body>
  <div class='ocr_page' id='page_1' title='image "./institutionesth00knolgoog_0189.png"; bbox 0 0 2928 4734; ppageno 0'>
   <div class='ocr_carea' id='block_1_1' title="bbox 447 141 1274 208">
    <p class='ocr_par' dir='ltr' id='par_1_1' title="bbox 447 141 1274 208">
     <span class='ocr_line' id='line_1_1' title="bbox 447 141 1274 208; baseline 0.005 -4"><span class='ocrx_word' id='word_1_1' title='bbox 447 156 521 204; x_wconf 77' lang='lat' dir='ltr'>runs</span> <span class='ocrx_word' id='word_1_2' title='bbox 542 158 577 204; x_wconf 92' lang='lat' dir='ltr'>u.</span> <span class='ocrx_word' id='word_1_3' title='bbox 600 156 702 204; x_wconf 82' lang='lat' dir='ltr'>sacrm</span> <span class='ocrx_word' id='word_1_4' title='bbox 722 156 756 204; x_wconf 92' lang='lat' dir='ltr'>u.</span> <span class='ocrx_word' id='word_1_5' title='bbox 778 155 873 206; x_wconf 79' lang='lat' dir='ltr'>meur</span> <span class='ocrx_word' id='word_1_6' title='bbox 893 156 926 205; x_wconf 93' lang='lat' dir='ltr'>n.</span> <span class='ocrx_word' id='word_1_7' title='bbox 1212 141 1274 208; x_wconf 79' lang='lat' dir='ltr'>tlt</span> 
     </span>
    </p>
   </div>
   <div class='ocr_carea' id='block_1_2' title="bbox 66 233 1328 1074">
    <p class='ocr_par' dir='ltr' id='par_1_2' title="bbox 66 233 1328 1074">
     <span class='ocr_line' id='line_1_2' title="bbox 73 233 1313 320; baseline 0.004 -20"><span class='ocrx_word' id='word_1_8' title='bbox 73 233 118 300; x_wconf 86' lang='lat' dir='ltr'>les</span> <span class='ocrx_word' id='word_1_9' title='bbox 130 234 255 300; x_wconf 84' lang='lat' dir='ltr'>relsnlis</span> <span class='ocrx_word' id='word_1_10' title='bbox 269 235 315 300; x_wconf 80' lang='lat' dir='ltr'>rel</span> <span class='ocrx_word' id='word_1_11' title='bbox 328 234 463 300; x_wconf 75' lang='lat' dir='ltr'><strong>fulminis</strong></span> <span class='ocrx_word' id='word_1_12' title='bbox 477 237 600 299; x_wconf 87' lang='lat' dir='ltr'>ellectus</span> <span class='ocrx_word' id='word_1_13' title='bbox 614 255 674 300; x_wconf 90' lang='lat' dir='ltr'>non</span> <span class='ocrx_word' id='word_1_14' title='bbox 715 235 975 319; x_wconf 82' lang='lat' dir='ltr'>patbesisqucque</span> <span class='ocrx_word' id='word_1_15' title='bbox 993 235 1030 304; x_wconf 91' lang='lat' dir='ltr'>de</span> <span class='ocrx_word' id='word_1_16' title='bbox 1048 237 1128 302; x_wconf 84' lang='lat' dir='ltr'>dura</span> <span class='ocrx_word' id='word_1_17' title='bbox 1146 238 1313 320; x_wconf 75' lang='lat' dir='ltr'>sanguinis,</span> 
     </span>
     <span class='ocr_line' id='line_1_3' title="bbox 74 317 1314 404; baseline 0.004 -22"><span class='ocrx_word' id='word_1_18' title='bbox 74 317 252 400; x_wconf 77' lang='lat' dir='ltr'>cognovisse,</span> <span class='ocrx_word' id='word_1_19' title='bbox 273 322 348 384; x_wconf 88' lang='lat' dir='ltr'>tales</span> <span class='ocrx_word' id='word_1_20' title='bbox 366 329 488 384; x_wconf 82' lang='lat' dir='ltr'>eventus</span> <span class='ocrx_word' id='word_1_21' title='bbox 511 321 588 383; x_wconf 92' lang='lat' dir='ltr'>baud</span> <span class='ocrx_word' id='word_1_22' title='bbox 602 339 671 384; x_wconf 87' lang='lat' dir='ltr'>sae·</span> <span class='ocrx_word' id='word_1_23' title='bbox 698 320 761 384; x_wconf 63' lang='lat' dir='ltr'>,cui</span> <span class='ocrx_word' id='word_1_24' title='bbox 780 328 873 384; x_wconf 86' lang='lat' dir='ltr'>toturn</span> <span class='ocrx_word' id='word_1_25' title='bbox 896 318 1041 404; x_wconf 85' lang='lat' dir='ltr'>Spinnnao</span> <span class='ocrx_word' id='word_1_26' title='bbox 1062 330 1190 402; x_wconf 86' lang='lat' dir='ltr'>systema</span> <span class='ocrx_word' id='word_1_27' title='bbox 1207 322 1314 388; x_wconf 90' lang='lat' dir='ltr'>inniti·</span> 
     </span>
     <span class='ocr_line' id='line_1_4' title="bbox 71 403 1325 487; baseline 0.002 -17"><span class='ocrx_word' id='word_1_28' title='bbox 71 404 135 485; x_wconf 86' lang='lat' dir='ltr'>pius</span> <span class='ocrx_word' id='word_1_29' title='bbox 148 403 336 481; x_wconf 80' lang='lat' dir='ltr'><strong>observasse,</strong></span> <span class='ocrx_word' id='word_1_30' title='bbox 355 404 466 486; x_wconf 89' lang='lat' dir='ltr'>talique</span> <span class='ocrx_word' id='word_1_31' title='bbox 480 404 564 483; x_wconf 77' lang='lat' dir='ltr'>signo</span> <span class='ocrx_word' id='word_1_32' title='bbox 582 412 674 468; x_wconf 89' lang='lat' dir='ltr'>uatu-</span> <span class='ocrx_word' id='word_1_33' title='bbox 714 413 773 482; x_wconf 89' lang='lat' dir='ltr'>tur,</span> <span class='ocrx_word' id='word_1_34' title='bbox 792 405 902 468; x_wconf 88' lang='lat' dir='ltr'>rationi</span> <span class='ocrx_word' id='word_1_35' title='bbox 927 422 963 470; x_wconf 90' lang='lat' dir='ltr'>ac</span> <span class='ocrx_word' id='word_1_36' title='bbox 987 405 1187 487; x_wconf 78' lang='lat' dir='ltr'>experientiae</span> <span class='ocrx_word' id='word_1_37' title='bbox 1207 407 1325 480; x_wconf 69' lang='lat' dir='ltr'>odiar-⁸</span> 
     </span>
     <span class='ocr_line' id='line_1_5' title="bbox 68 484 1315 571; baseline 0.005 -21"><span class='ocrx_word' id='word_1_38' title='bbox 68 489 121 550; x_wconf 83' lang='lat' dir='ltr'>rali</span> <span class='ocrx_word' id='word_1_39' title='bbox 135 489 171 552; x_wconf 93' lang='lat' dir='ltr'>ad</span> <span class='ocrx_word' id='word_1_40' title='bbox 191 507 270 571; x_wconf 89' lang='lat' dir='ltr'>opus</span> <span class='ocrx_word' id='word_1_41' title='bbox 284 487 412 552; x_wconf 84' lang='lat' dir='ltr'>maxime</span> <span class='ocrx_word' id='word_1_42' title='bbox 423 487 549 551; x_wconf 90' lang='lat' dir='ltr'>arduum</span> <span class='ocrx_word' id='word_1_43' title='bbox 574 496 605 551; x_wconf 88' lang='lat' dir='ltr'>et</span> <span class='ocrx_word' id='word_1_44' title='bbox 622 507 674 570; x_wconf 89' lang='lat' dir='ltr'>pe·</span> <span class='ocrx_word' id='word_1_45' title='bbox 713 498 804 552; x_wconf 92' lang='lat' dir='ltr'>satur.</span> <span class='ocrx_word' id='word_1_46' title='bbox 825 484 888 560; x_wconf 84' lang='lat' dir='ltr'>Qua</span> <span class='ocrx_word' id='word_1_47' title='bbox 902 489 982 552; x_wconf 88' lang='lat' dir='ltr'>euim</span> <span class='ocrx_word' id='word_1_48' title='bbox 995 491 1110 553; x_wconf 89' lang='lat' dir='ltr'>ratione</span> <span class='ocrx_word' id='word_1_49' title='bbox 1125 497 1225 554; x_wconf 90' lang='lat' dir='ltr'>tantus</span> <span class='ocrx_word' id='word_1_50' title='bbox 1240 511 1315 556; x_wconf 92' lang='lat' dir='ltr'>san-</span> 
     </span>
     <span class='ocr_line' id='line_1_6' title="bbox 67 571 1328 656; baseline 0.006 -23"><span class='ocrx_word' id='word_1_51' title='bbox 67 571 283 654; x_wconf 88' lang='lat' dir='ltr'>riculipleuum</span> <span class='ocrx_word' id='word_1_52' title='bbox 296 572 431 636; x_wconf 87' lang='lat' dir='ltr'>adactum</span> <span class='ocrx_word' id='word_1_53' title='bbox 448 572 551 636; x_wconf 84' lang='lat' dir='ltr'>luisse.</span> <span class='ocrx_word' id='word_1_54' title='bbox 563 572 602 635; x_wconf 73' lang='lat' dir='ltr'>ht</span> <span class='ocrx_word' id='word_1_55' title='bbox 615 591 670 634; x_wconf 92' lang='lat' dir='ltr'>un·</span> <span class='ocrx_word' id='word_1_56' title='bbox 711 572 811 650; x_wconf 74' lang='lat' dir='ltr'>guinis</span> <span class='ocrx_word' id='word_1_57' title='bbox 829 574 925 635; x_wconf 84' lang='lat' dir='ltr'>lluxus</span> <span class='ocrx_word' id='word_1_58' title='bbox 943 572 1065 650; x_wconf 78' lang='lat' dir='ltr'>cogitari</span> <span class='ocrx_word' id='word_1_59' title='bbox 1084 582 1195 656; x_wconf 90' lang='lat' dir='ltr'>posset,</span> <span class='ocrx_word' id='word_1_60' title='bbox 1211 589 1244 637; x_wconf 89' lang='lat' dir='ltr'>ut</span> <span class='ocrx_word' id='word_1_61' title='bbox 1258 577 1328 640; x_wconf 82' lang='lat' dir='ltr'>de·&#39;</span> 
     </span>
     <span class='ocr_line' id='line_1_7' title="bbox 68 655 1312 739; baseline 0.003 -21"><span class='ocrx_word' id='word_1_62' title='bbox 68 655 236 720; x_wconf 83' lang='lat' dir='ltr'>deuamvnx</span> <span class='ocrx_word' id='word_1_63' title='bbox 248 663 313 719; x_wconf 90' lang='lat' dir='ltr'>orta</span> <span class='ocrx_word' id='word_1_64' title='bbox 324 665 382 733; x_wconf 88' lang='lat' dir='ltr'>est,</span> <span class='ocrx_word' id='word_1_65' title='bbox 394 675 483 739; x_wconf 90' lang='lat' dir='ltr'>quam</span> <span class='ocrx_word' id='word_1_66' title='bbox 498 675 530 719; x_wconf 93' lang='lat' dir='ltr'>se</span> <span class='ocrx_word' id='word_1_67' title='bbox 542 655 670 718; x_wconf 82' lang='lat' dir='ltr'>audiris·</span> <span class='ocrx_word' id='word_1_68' title='bbox 712 664 833 738; x_wconf 86' lang='lat' dir='ltr'>repente</span> <span class='ocrx_word' id='word_1_69' title='bbox 848 675 953 718; x_wconf 86' lang='lat' dir='ltr'>omues</span> <span class='ocrx_word' id='word_1_70' title='bbox 970 657 1071 733; x_wconf 83' lang='lat' dir='ltr'>fluvii,</span> <span class='ocrx_word' id='word_1_71' title='bbox 1088 656 1156 734; x_wconf 85' lang='lat' dir='ltr'>riri,</span> <span class='ocrx_word' id='word_1_72' title='bbox 1177 660 1312 739; x_wconf 91' lang='lat' dir='ltr'>paludes,</span> 
     </span>
     <span class='ocr_line' id='line_1_8' title="bbox 66 739 1313 822; baseline 0.003 -20"><span class='ocrx_word' id='word_1_73' title='bbox 66 739 227 822; x_wconf 85' lang='lat' dir='ltr'>selloyses</span> <span class='ocrx_word' id='word_1_74' title='bbox 238 741 379 804; x_wconf 76' lang='lat' dir='ltr'>testatur?</span> <span class='ocrx_word' id='word_1_75' title='bbox 389 759 426 802; x_wconf 90' lang='lat' dir='ltr'>an</span> <span class='ocrx_word' id='word_1_76' title='bbox 440 742 496 817; x_wconf 88' lang='lat' dir='ltr'>sel,</span> <span class='ocrx_word' id='word_1_77' title='bbox 509 760 548 802; x_wconf 88' lang='lat' dir='ltr'>aa</span> <span class='ocrx_word' id='word_1_78' title='bbox 559 741 671 803; x_wconf 81' lang='lat' dir='ltr'>fulmen</span> <span class='ocrx_word' id='word_1_79' title='bbox 712 739 794 802; x_wconf 89' lang='lat' dir='ltr'>lacus</span> <span class='ocrx_word' id='word_1_80' title='bbox 822 748 879 802; x_wconf 87' lang='lat' dir='ltr'>etc.</span> <span class='ocrx_word' id='word_1_81' title='bbox 906 740 937 802; x_wconf 92' lang='lat' dir='ltr'>iu</span> <span class='ocrx_word' id='word_1_82' title='bbox 965 739 1140 820; x_wconf 74' lang='lat' dir='ltr'>sanguinem</span> <span class='ocrx_word' id='word_1_83' title='bbox 1159 749 1313 806; x_wconf 80' lang='lat' dir='ltr'>verteren-</span> 
     </span>
     <span class='ocr_line' id='line_1_9' title="bbox 66 823 1312 906; baseline 0.002 -20"><span class='ocrx_word' id='word_1_84' title='bbox 66 842 154 888; x_wconf 83' lang='lat' dir='ltr'>scncs</span> <span class='ocrx_word' id='word_1_85' title='bbox 164 825 340 888; x_wconf 88' lang='lat' dir='ltr'>articulatos</span> <span class='ocrx_word' id='word_1_86' title='bbox 350 825 455 901; x_wconf 90' lang='lat' dir='ltr'>edidit,</span> <span class='ocrx_word' id='word_1_87' title='bbox 468 832 498 887; x_wconf 89' lang='lat' dir='ltr'>et</span> <span class='ocrx_word' id='word_1_88' title='bbox 516 834 673 906; x_wconf 87' lang='lat' dir='ltr'>praecepta</span> <span class='ocrx_word' id='word_1_89' title='bbox 712 831 760 886; x_wconf 90' lang='lat' dir='ltr'>tur</span> <span class='ocrx_word' id='word_1_90' title='bbox 771 823 836 904; x_wconf 82' lang='lat' dir='ltr'>(l)?</span> <span class='ocrx_word' id='word_1_91' title='bbox 847 823 1062 906; x_wconf 84' lang='lat' dir='ltr'>-ryuodnam,</span> <span class='ocrx_word' id='word_1_92' title='bbox 1077 844 1135 886; x_wconf 91' lang='lat' dir='ltr'>non</span> <span class='ocrx_word' id='word_1_93' title='bbox 1151 825 1247 892; x_wconf 86' lang='lat' dir='ltr'>dicam</span> <span class='ocrx_word' id='word_1_94' title='bbox 1258 846 1312 889; x_wconf 91' lang='lat' dir='ltr'>ae-</span> 
     </span>
     <span class='ocr_line' id='line_1_10' title="bbox 67 906 1312 990; baseline 0.006 -22"><span class='ocrx_word' id='word_1_95' title='bbox 67 906 674 983; x_wconf 79' lang='lat' dir='ltr'>aununtiarit‘l-mcsOrientalium,cu·</span> <span class='ocrx_word' id='word_1_96' title='bbox 712 908 819 989; x_wconf 89' lang='lat' dir='ltr'>quale,</span> <span class='ocrx_word' id='word_1_97' title='bbox 836 906 889 970; x_wconf 84' lang='lat' dir='ltr'>sed</span> <span class='ocrx_word' id='word_1_98' title='bbox 906 909 951 971; x_wconf 87' lang='lat' dir='ltr'>rel</span> <span class='ocrx_word' id='word_1_99' title='bbox 970 908 1068 971; x_wconf 90' lang='lat' dir='ltr'>simile</span> <span class='ocrx_word' id='word_1_100' title='bbox 1093 910 1260 990; x_wconf 87' lang='lat' dir='ltr'>exemplum</span> <span class='ocrx_word' id='word_1_101' title='bbox 1279 910 1312 974; x_wconf 91' lang='lat' dir='ltr'>in</span> 
     </span>
     <span class='ocr_line' id='line_1_11' title="bbox 67 989 1312 1074; baseline 0.006 -23"><span class='ocrx_word' id='word_1_102' title='bbox 67 991 157 1068; x_wconf 74' lang='lat' dir='ltr'>girata</span> <span class='ocrx_word' id='word_1_103' title='bbox 170 991 304 1056; x_wconf 89' lang='lat' dir='ltr'>bominis</span> <span class='ocrx_word' id='word_1_104' title='bbox 325 1011 377 1074; x_wconf 91' lang='lat' dir='ltr'>per</span> <span class='ocrx_word' id='word_1_105' title='bbox 391 992 511 1054; x_wconf 88' lang='lat' dir='ltr'>modurn</span> <span class='ocrx_word' id='word_1_106' title='bbox 526 991 673 1055; x_wconf 85' lang='lat' dir='ltr'>sermonis</span> <span class='ocrx_word' id='word_1_107' title='bbox 713 990 835 1054; x_wconf 91' lang='lat' dir='ltr'>historia</span> <span class='ocrx_word' id='word_1_108' title='bbox 861 989 992 1070; x_wconf 72' lang='lat' dir='ltr'>legitur?</span> <span class='ocrx_word' id='word_1_109' title='bbox 1005 1027 1045 1038; x_wconf 89' lang='lat'>-—</span> <span class='ocrx_word' id='word_1_110' title='bbox 1061 990 1090 1054; x_wconf 90' lang='lat' dir='ltr'>Si</span> <span class='ocrx_word' id='word_1_111' title='bbox 1114 994 1216 1074; x_wconf 76' lang='lat' dir='ltr'>plagae</span> <span class='ocrx_word' id='word_1_112' title='bbox 1236 993 1312 1058; x_wconf 88' lang='lat' dir='ltr'>istae</span> 
     </span>
    </p>
   </div>
   <div class='ocr_carea' id='block_1_3' title="bbox 70 1075 1401 1157">
    <p class='ocr_par' dir='ltr' id='par_1_3' title="bbox 70 1075 1401 1157">
     <span class='ocr_line' id='line_1_12' title="bbox 70 1075 1401 1157; baseline 0.005 -21"><span class='ocrx_word' id='word_1_113' title='bbox 70 1077 255 1156; x_wconf 86' lang='lat' dir='ltr'>proponendi</span> <span class='ocrx_word' id='word_1_114' title='bbox 273 1075 369 1157; x_wconf 85' lang='lat' dir='ltr'>lloyse</span> <span class='ocrx_word' id='word_1_115' title='bbox 387 1076 533 1157; x_wconf 80' lang='lat' dir='ltr'>posterior</span> <span class='ocrx_word' id='word_1_116' title='bbox 549 1083 618 1153; x_wconf 88' lang='lat' dir='ltr'>est&#39;,</span> <span class='ocrx_word' id='word_1_117' title='bbox 638 1093 672 1136; x_wconf 92' lang='lat' dir='ltr'>ac</span> <span class='ocrx_word' id='word_1_118' title='bbox 711 1075 920 1155; x_wconf 85' lang='lat' dir='ltr'>phoenomena</span> <span class='ocrx_word' id='word_1_119' title='bbox 930 1094 1011 1138; x_wconf 85' lang='lat' dir='ltr'>mere</span> <span class='ocrx_word' id='word_1_120' title='bbox 1023 1077 1170 1140; x_wconf 88' lang='lat' dir='ltr'>naturalia</span> <span class='ocrx_word' id='word_1_121' title='bbox 1178 1077 1310 1156; x_wconf 87' lang='lat' dir='ltr'>luerunt,</span> <span class='ocrx_word' id='word_1_122' title='bbox 1396 1101 1401 1116; x_wconf 91' lang='lat'><strong>·</strong></span> 
     </span>
    </p>
   </div>
   <div class='ocr_carea' id='block_1_4' title="bbox 56 1157 1359 4262">
    <p class='ocr_par' dir='ltr' id='par_1_4' title="bbox 56 1157 1359 4262">
     <span class='ocr_line' id='line_1_13' title="bbox 73 1157 1312 1244; baseline 0.002 -22"><span class='ocrx_word' id='word_1_123' title='bbox 73 1161 175 1239; x_wconf 78' lang='lat' dir='ltr'>porris,</span> <span class='ocrx_word' id='word_1_124' title='bbox 190 1180 251 1222; x_wconf 87' lang='lat' dir='ltr'>non</span> <span class='ocrx_word' id='word_1_125' title='bbox 270 1161 417 1224; x_wconf 74' lang='lat' dir='ltr'>historicis</span> <span class='ocrx_word' id='word_1_126' title='bbox 433 1159 611 1222; x_wconf 88' lang='lat' dir='ltr'>communis.</span> <span class='ocrx_word' id='word_1_127' title='bbox 628 1158 670 1222; x_wconf 77' lang='lat' dir='ltr'>ll·</span> <span class='ocrx_word' id='word_1_128' title='bbox 711 1177 803 1240; x_wconf 90' lang='lat' dir='ltr'>quare</span> <span class='ocrx_word' id='word_1_129' title='bbox 823 1166 901 1222; x_wconf 87' lang='lat' dir='ltr'>terra</span> <span class='ocrx_word' id='word_1_130' title='bbox 918 1157 1028 1223; x_wconf 87' lang='lat' dir='ltr'>Gessen</span> <span class='ocrx_word' id='word_1_131' title='bbox 1048 1160 1080 1222; x_wconf 92' lang='lat' dir='ltr'>in</span> <span class='ocrx_word' id='word_1_132' title='bbox 1098 1161 1195 1224; x_wconf 88' lang='lat' dir='ltr'>medio</span> <span class='ocrx_word' id='word_1_133' title='bbox 1214 1162 1312 1244; x_wconf 79' lang='lat' dir='ltr'>begy-</span> 
     </span>
     <span class='ocr_line' id='line_1_14' title="bbox 56 1242 1313 1326; baseline 0.007 -25"><span class='ocrx_word' id='word_1_134' title='bbox 56 1243 304 1308; x_wconf 82' lang='lat' dir='ltr'>&#39;ventusdemum</span> <span class='ocrx_word' id='word_1_135' title='bbox 317 1242 670 1326; x_wconf 83' lang='lat' dir='ltr'>subsequentesdirinaru</span> <span class='ocrx_word' id='word_1_136' title='bbox 712 1243 755 1323; x_wconf 93' lang='lat' dir='ltr'>pti</span> <span class='ocrx_word' id='word_1_137' title='bbox 770 1243 885 1323; x_wconf 89' lang='lat' dir='ltr'>posita,</span> <span class='ocrx_word' id='word_1_138' title='bbox 901 1243 1012 1306; x_wconf 89' lang='lat' dir='ltr'>abillis</span> <span class='ocrx_word' id='word_1_139' title='bbox 1029 1243 1123 1307; x_wconf 89' lang='lat' dir='ltr'>libera</span> <span class='ocrx_word' id='word_1_140' title='bbox 1146 1246 1313 1310; x_wconf 82' lang='lat' dir='ltr'>remansit?</span> 
     </span>
     <span class='ocr_line' id='line_1_15' title="bbox 70 1323 1312 1410; baseline 0.002 -22"><span class='ocrx_word' id='word_1_141' title='bbox 70 1323 175 1408; x_wconf 87' lang='lat' dir='ltr'>lloysis</span> <span class='ocrx_word' id='word_1_142' title='bbox 193 1328 379 1390; x_wconf 80' lang='lat' dir='ltr'>vocatiouem</span> <span class='ocrx_word' id='word_1_143' title='bbox 399 1336 428 1390; x_wconf 86' lang='lat' dir='ltr'>et</span> <span class='ocrx_word' id='word_1_144' title='bbox 441 1328 592 1391; x_wconf 84' lang='lat' dir='ltr'>veritatem</span> <span class='ocrx_word' id='word_1_145' title='bbox 613 1325 671 1389; x_wconf 90' lang='lat' dir='ltr'>mi·</span> <span class='ocrx_word' id='word_1_146' title='bbox 710 1345 802 1407; x_wconf 90' lang='lat' dir='ltr'>quare</span> <span class='ocrx_word' id='word_1_147' title='bbox 817 1325 969 1390; x_wconf 70' lang='lat' dir='ltr'>israelitae</span> <span class='ocrx_word' id='word_1_148' title='bbox 986 1328 1075 1390; x_wconf 88' lang='lat' dir='ltr'>etiam</span> <span class='ocrx_word' id='word_1_149' title='bbox 1092 1329 1123 1390; x_wconf 87' lang='lat' dir='ltr'>in</span> <span class='ocrx_word' id='word_1_150' title='bbox 1137 1328 1312 1410; x_wconf 84' lang='lat' dir='ltr'>aliisllegy-</span> 
     </span>
     <span class='ocr_line' id='line_1_16' title="bbox 70 1409 1312 1492; baseline 0.002 -19"><span class='ocrx_word' id='word_1_151' title='bbox 70 1411 164 1474; x_wconf 89' lang='lat' dir='ltr'>raculi</span> <span class='ocrx_word' id='word_1_152' title='bbox 181 1420 264 1483; x_wconf 69' lang='lat' dir='ltr'>extra</span> <span class='ocrx_word' id='word_1_153' title='bbox 279 1411 403 1474; x_wconf 88' lang='lat' dir='ltr'>dubium</span> <span class='ocrx_word' id='word_1_154' title='bbox 418 1420 544 1492; x_wconf 88' lang='lat' dir='ltr'>ponunt.</span> <span class='ocrx_word' id='word_1_155' title='bbox 711 1409 751 1490; x_wconf 90' lang='lat' dir='ltr'>pti</span> <span class='ocrx_word' id='word_1_156' title='bbox 764 1410 936 1490; x_wconf 79' lang='lat' dir='ltr'>regionibus</span> <span class='ocrx_word' id='word_1_157' title='bbox 948 1411 1040 1492; x_wconf 81' lang='lat' dir='ltr'>plagis</span> <span class='ocrx_word' id='word_1_158' title='bbox 1048 1411 1179 1475; x_wconf 87' lang='lat' dir='ltr'>istisnon</span> <span class='ocrx_word' id='word_1_159' title='bbox 1190 1414 1312 1476; x_wconf 88' lang='lat' dir='ltr'>luerunt</span> 
     </span>
     <span class='ocr_line' id='line_1_17' title="bbox 109 1493 1311 1576; baseline 0.001 -16"><span class='ocrx_word' id='word_1_160' title='bbox 109 1495 177 1560; x_wconf 86' lang='lat' dir='ltr'>Obi.</span> <span class='ocrx_word' id='word_1_161' title='bbox 207 1495 239 1558; x_wconf 73' lang='lat'>2.</span> <span class='ocrx_word' id='word_1_162' title='bbox 259 1495 367 1575; x_wconf 81' lang='lat' dir='ltr'>Plagae</span> <span class='ocrx_word' id='word_1_163' title='bbox 388 1496 575 1576; x_wconf 79' lang='lat' dir='ltr'>aegyptiacae</span> <span class='ocrx_word' id='word_1_164' title='bbox 596 1513 670 1558; x_wconf 92' lang='lat' dir='ltr'>cau·</span> <span class='ocrx_word' id='word_1_165' title='bbox 710 1493 1311 1560; x_wconf 76' lang='lat' dir='ltr'>inlectii-haecsaneinurdinenaturali</span> 
     </span>
     <span class='ocr_line' id='line_1_18' title="bbox 70 1576 1310 1659; baseline 0.004 -20"><span class='ocrx_word' id='word_1_166' title='bbox 70 1577 109 1642; x_wconf 86' lang='lat' dir='ltr'>sis</span> <span class='ocrx_word' id='word_1_167' title='bbox 122 1580 313 1643; x_wconf 90' lang='lat' dir='ltr'>naturalibus</span> <span class='ocrx_word' id='word_1_168' title='bbox 322 1576 450 1642; x_wconf 83' lang='lat' dir='ltr'>adscribi</span> <span class='ocrx_word' id='word_1_169' title='bbox 463 1585 596 1659; x_wconf 89' lang='lat' dir='ltr'>possunt;</span> <span class='ocrx_word' id='word_1_170' title='bbox 608 1579 672 1642; x_wconf 88' lang='lat' dir='ltr'>iue-</span> <span class='ocrx_word' id='word_1_171' title='bbox 709 1577 848 1658; x_wconf 82' lang='lat' dir='ltr'>explicari</span> <span class='ocrx_word' id='word_1_172' title='bbox 857 1596 914 1640; x_wconf 88' lang='lat' dir='ltr'>non</span> <span class='ocrx_word' id='word_1_173' title='bbox 927 1587 1106 1659; x_wconf 90' lang='lat' dir='ltr'>possunt.-</span> <span class='ocrx_word' id='word_1_174' title='bbox 1115 1578 1177 1642; x_wconf 88' lang='lat' dir='ltr'>Imo</span> <span class='ocrx_word' id='word_1_175' title='bbox 1187 1581 1212 1642; x_wconf 92' lang='lat' dir='ltr'>si</span> <span class='ocrx_word' id='word_1_176' title='bbox 1221 1582 1310 1644; x_wconf 89' lang='lat' dir='ltr'>etiam</span> 
     </span>
     <span class='ocr_line' id='line_1_19' title="bbox 70 1662 1312 1744; baseline 0.002 -20"><span class='ocrx_word' id='word_1_177' title='bbox 70 1670 140 1725; x_wconf 91' lang='lat' dir='ltr'>runt</span> <span class='ocrx_word' id='word_1_178' title='bbox 162 1665 244 1726; x_wconf 88' lang='lat' dir='ltr'>enim</span> <span class='ocrx_word' id='word_1_179' title='bbox 266 1664 417 1726; x_wconf 83' lang='lat' dir='ltr'>naturales</span> <span class='ocrx_word' id='word_1_180' title='bbox 434 1663 555 1726; x_wconf 79' lang='lat' dir='ltr'>electus</span> <span class='ocrx_word' id='word_1_181' title='bbox 576 1663 670 1744; x_wconf 88' lang='lat' dir='ltr'>pesti·</span> <span class='ocrx_word' id='word_1_182' title='bbox 709 1663 932 1738; x_wconf 86' lang='lat' dir='ltr'>concederetur,</span> <span class='ocrx_word' id='word_1_183' title='bbox 943 1662 1044 1744; x_wconf 81' lang='lat' dir='ltr'>plagas</span> <span class='ocrx_word' id='word_1_184' title='bbox 1053 1664 1312 1744; x_wconf 76' lang='lat' dir='ltr'>praedictasnam</span> 
     </span>
     <span class='ocr_line' id='line_1_20' title="bbox 69 1745 1310 1829; baseline 0.003 -22"><span class='ocrx_word' id='word_1_185' title='bbox 69 1745 191 1823; x_wconf 85' lang='lat' dir='ltr'>lectiae,</span> <span class='ocrx_word' id='word_1_186' title='bbox 212 1748 337 1829; x_wconf 87' lang='lat' dir='ltr'>quaein</span> <span class='ocrx_word' id='word_1_187' title='bbox 364 1746 494 1828; x_wconf 82' lang='lat' dir='ltr'>Aegypto</span> <span class='ocrx_word' id='word_1_188' title='bbox 512 1748 670 1824; x_wconf 80' lang='lat' dir='ltr'>grassaba·</span> <span class='ocrx_word' id='word_1_189' title='bbox 709 1745 811 1808; x_wconf 82' lang='lat' dir='ltr'>naliter</span> <span class='ocrx_word' id='word_1_190' title='bbox 823 1746 1000 1823; x_wconf 83' lang='lat' dir='ltr'>contigisse,</span> <span class='ocrx_word' id='word_1_191' title='bbox 1016 1747 1239 1811; x_wconf 87' lang='lat' dir='ltr'>concedendum</span> <span class='ocrx_word' id='word_1_192' title='bbox 1262 1757 1310 1811; x_wconf 88' lang='lat' dir='ltr'>tn-</span> 
     </span>
     <span class='ocr_line' id='line_1_21' title="bbox 70 1829 1311 1912; baseline 0.005 -22"><span class='ocrx_word' id='word_1_193' title='bbox 70 1837 127 1893; x_wconf 90' lang='lat' dir='ltr'>tur.</span> <span class='ocrx_word' id='word_1_194' title='bbox 150 1830 229 1894; x_wconf 87' lang='lat' dir='ltr'>Lues</span> <span class='ocrx_word' id='word_1_195' title='bbox 246 1831 324 1894; x_wconf 90' lang='lat' dir='ltr'>enim</span> <span class='ocrx_word' id='word_1_196' title='bbox 350 1831 446 1912; x_wconf 87' lang='lat' dir='ltr'>pisces</span> <span class='ocrx_word' id='word_1_197' title='bbox 468 1848 535 1892; x_wconf 92' lang='lat' dir='ltr'>cum</span> <span class='ocrx_word' id='word_1_198' title='bbox 562 1849 668 1893; x_wconf 89' lang='lat' dir='ltr'>croco·</span> <span class='ocrx_word' id='word_1_199' title='bbox 709 1848 777 1892; x_wconf 86' lang='lat' dir='ltr'>rnen</span> <span class='ocrx_word' id='word_1_200' title='bbox 791 1837 846 1905; x_wconf 92' lang='lat' dir='ltr'>est,</span> <span class='ocrx_word' id='word_1_201' title='bbox 862 1829 927 1892; x_wconf 92' lang='lat' dir='ltr'>illas</span> <span class='ocrx_word' id='word_1_202' title='bbox 939 1829 1029 1892; x_wconf 89' lang='lat' dir='ltr'>luisse</span> <span class='ocrx_word' id='word_1_203' title='bbox 1040 1841 1161 1894; x_wconf 88' lang='lat' dir='ltr'>eremus</span> <span class='ocrx_word' id='word_1_204' title='bbox 1174 1833 1311 1896; x_wconf 86' lang='lat' dir='ltr'>insolitos</span> 
     </span>
     <span class='ocr_line' id='line_1_22' title="bbox 72 1913 1310 1994; baseline 0.002 -18"><span class='ocrx_word' id='word_1_205' title='bbox 72 1913 138 1978; x_wconf 91' lang='lat' dir='ltr'>dilis</span> <span class='ocrx_word' id='word_1_206' title='bbox 152 1923 182 1978; x_wconf 92' lang='lat' dir='ltr'>et</span> <span class='ocrx_word' id='word_1_207' title='bbox 200 1916 267 1977; x_wconf 89' lang='lat' dir='ltr'>aliis</span> <span class='ocrx_word' id='word_1_208' title='bbox 285 1913 486 1978; x_wconf 87' lang='lat' dir='ltr'>animantibus</span> <span class='ocrx_word' id='word_1_209' title='bbox 504 1915 584 1977; x_wconf 82' lang='lat' dir='ltr'>tiuxu</span> <span class='ocrx_word' id='word_1_210' title='bbox 596 1933 667 1977; x_wconf 87' lang='lat' dir='ltr'>san·</span> <span class='ocrx_word' id='word_1_211' title='bbox 708 1920 738 1975; x_wconf 87' lang='lat' dir='ltr'>et</span> <span class='ocrx_word' id='word_1_212' title='bbox 755 1932 874 1994; x_wconf 86' lang='lat' dir='ltr'>prorsus</span> <span class='ocrx_word' id='word_1_213' title='bbox 892 1913 1067 1992; x_wconf 71' lang='lat' dir='ltr'>singulares,</span> <span class='ocrx_word' id='word_1_214' title='bbox 1081 1922 1111 1976; x_wconf 91' lang='lat' dir='ltr'>et</span> <span class='ocrx_word' id='word_1_215' title='bbox 1127 1916 1195 1978; x_wconf 89' lang='lat' dir='ltr'>ideo</span> <span class='ocrx_word' id='word_1_216' title='bbox 1214 1917 1310 1978; x_wconf 85' lang='lat' dir='ltr'>maxi·</span> 
     </span>
     <span class='ocr_line' id='line_1_23' title="bbox 70 1997 1306 2082; baseline 0.002 -22"><span class='ocrx_word' id='word_1_217' title='bbox 70 1998 167 2076; x_wconf 75' lang='lat' dir='ltr'>guinis</span> <span class='ocrx_word' id='word_1_218' title='bbox 181 1998 336 2082; x_wconf 82' lang='lat' dir='ltr'>corripuit,</span> <span class='ocrx_word' id='word_1_219' title='bbox 350 1999 458 2061; x_wconf 88' lang='lat' dir='ltr'>etinde</span> <span class='ocrx_word' id='word_1_220' title='bbox 475 1999 607 2060; x_wconf 88' lang='lat' dir='ltr'>colorata</span> <span class='ocrx_word' id='word_1_221' title='bbox 624 2008 669 2061; x_wconf 91' lang='lat' dir='ltr'>est</span> <span class='ocrx_word' id='word_1_222' title='bbox 709 2015 789 2060; x_wconf 90' lang='lat' dir='ltr'>mum</span> <span class='ocrx_word' id='word_1_223' title='bbox 810 1997 984 2059; x_wconf 84' lang='lat' dir='ltr'>miraculum</span> <span class='ocrx_word' id='word_1_224' title='bbox 1004 1997 1035 2059; x_wconf 91' lang='lat' dir='ltr'>in</span> <span class='ocrx_word' id='word_1_225' title='bbox 1054 1998 1109 2060; x_wconf 91' lang='lat' dir='ltr'>boc</span> <span class='ocrx_word' id='word_1_226' title='bbox 1127 2007 1306 2078; x_wconf 87' lang='lat' dir='ltr'>occurreret,</span> 
     </span>
     <span class='ocr_line' id='line_1_24' title="bbox 70 2079 1311 2164; baseline 0.005 -22"><span class='ocrx_word' id='word_1_227' title='bbox 70 2082 453 2163; x_wconf 86' lang='lat' dir='ltr'>aquahuminum.lulectio</span> <span class='ocrx_word' id='word_1_228' title='bbox 465 2101 608 2164; x_wconf 89' lang='lat' dir='ltr'>aquarum</span> <span class='ocrx_word' id='word_1_229' title='bbox 623 2101 670 2145; x_wconf 90' lang='lat' dir='ltr'>ra·</span> <span class='ocrx_word' id='word_1_230' title='bbox 708 2081 787 2161; x_wconf 88' lang='lat' dir='ltr'>quod</span> <span class='ocrx_word' id='word_1_231' title='bbox 806 2079 917 2162; x_wconf 79' lang='lat' dir='ltr'>Moyses</span> <span class='ocrx_word' id='word_1_232' title='bbox 939 2081 1111 2144; x_wconf 89' lang='lat' dir='ltr'>huiusmodi</span> <span class='ocrx_word' id='word_1_233' title='bbox 1128 2091 1251 2146; x_wconf 88' lang='lat' dir='ltr'>eventus</span> <span class='ocrx_word' id='word_1_234' title='bbox 1269 2083 1311 2148; x_wconf 92' lang='lat' dir='ltr'>ita</span> 
     </span>
     <span class='ocr_line' id='line_1_25' title="bbox 70 2165 1308 2247; baseline 0.003 -21"><span class='ocrx_word' id='word_1_235' title='bbox 70 2184 122 2228; x_wconf 91' lang='lat' dir='ltr'>uas</span> <span class='ocrx_word' id='word_1_236' title='bbox 133 2187 253 2244; x_wconf 78' lang='lat' dir='ltr'>-geuus</span> <span class='ocrx_word' id='word_1_237' title='bbox 264 2165 482 2247; x_wconf 81' lang='lat' dir='ltr'>amphibiorum</span> <span class='ocrx_word' id='word_1_238' title='bbox 501 2199 516 2214; x_wconf 92' lang='lat'><strong>·</strong></span> <span class='ocrx_word' id='word_1_239' title='bbox 528 2166 560 2226; x_wconf 90' lang='lat' dir='ltr'>in</span> <span class='ocrx_word' id='word_1_240' title='bbox 575 2174 669 2230; x_wconf 89' lang='lat' dir='ltr'>terras</span> <span class='ocrx_word' id='word_1_241' title='bbox 707 2165 897 2246; x_wconf 87' lang='lat' dir='ltr'>praeviderit,</span> <span class='ocrx_word' id='word_1_242' title='bbox 914 2175 946 2226; x_wconf 90' lang='lat' dir='ltr'>ut</span> <span class='ocrx_word' id='word_1_243' title='bbox 961 2165 1026 2245; x_wconf 91' lang='lat' dir='ltr'>ipso</span> <span class='ocrx_word' id='word_1_244' title='bbox 1041 2166 1162 2228; x_wconf 90' lang='lat' dir='ltr'>iubente</span> <span class='ocrx_word' id='word_1_245' title='bbox 1186 2176 1213 2229; x_wconf 91' lang='lat' dir='ltr'>et</span> <span class='ocrx_word' id='word_1_246' title='bbox 1230 2167 1308 2230; x_wconf 91' lang='lat' dir='ltr'>inci·</span> 
     </span>
     <span class='ocr_line' id='line_1_26' title="bbox 71 2248 1310 2334; baseline 0.003 -23"><span class='ocrx_word' id='word_1_247' title='bbox 71 2248 410 2332; x_wconf 84' lang='lat' dir='ltr'>expulit.Scioipbumet</span> <span class='ocrx_word' id='word_1_248' title='bbox 420 2267 587 2314; x_wconf 90' lang='lat' dir='ltr'>muscarum</span> <span class='ocrx_word' id='word_1_249' title='bbox 595 2251 670 2313; x_wconf 87' lang='lat' dir='ltr'>mul·</span> <span class='ocrx_word' id='word_1_250' title='bbox 708 2258 813 2330; x_wconf 86' lang='lat' dir='ltr'>pereat</span> <span class='ocrx_word' id='word_1_251' title='bbox 831 2258 860 2311; x_wconf 90' lang='lat' dir='ltr'>et</span> <span class='ocrx_word' id='word_1_252' title='bbox 874 2249 1056 2312; x_wconf 87' lang='lat' dir='ltr'>desinerent.</span> <span class='ocrx_word' id='word_1_253' title='bbox 1080 2249 1181 2331; x_wconf 88' lang='lat' dir='ltr'>Neque</span> <span class='ocrx_word' id='word_1_254' title='bbox 1197 2250 1310 2334; x_wconf 84' lang='lat' dir='ltr'>lloyses</span> 
     </span>
     <span class='ocr_line' id='line_1_27' title="bbox 72 2333 1309 2416; baseline 0.003 -20"><span class='ocrx_word' id='word_1_255' title='bbox 72 2333 162 2396; x_wconf 86' lang='lat' dir='ltr'>titudo</span> <span class='ocrx_word' id='word_1_256' title='bbox 178 2355 301 2413; x_wconf 78' lang='lat' dir='ltr'>magnae</span> <span class='ocrx_word' id='word_1_257' title='bbox 313 2334 416 2416; x_wconf 88' lang='lat' dir='ltr'>copiae</span> <span class='ocrx_word' id='word_1_258' title='bbox 427 2353 547 2398; x_wconf 82' lang='lat' dir='ltr'>crorum</span> <span class='ocrx_word' id='word_1_259' title='bbox 559 2333 588 2396; x_wconf 92' lang='lat' dir='ltr'>in</span> <span class='ocrx_word' id='word_1_260' title='bbox 603 2335 669 2416; x_wconf 91' lang='lat' dir='ltr'>pul·</span> <span class='ocrx_word' id='word_1_261' title='bbox 707 2333 851 2413; x_wconf 87' lang='lat' dir='ltr'>potuisset</span> <span class='ocrx_word' id='word_1_262' title='bbox 870 2334 969 2414; x_wconf 80' lang='lat' dir='ltr'>plagas</span> <span class='ocrx_word' id='word_1_263' title='bbox 986 2334 1172 2415; x_wconf 82' lang='lat' dir='ltr'>aegyptiacas</span> <span class='ocrx_word' id='word_1_264' title='bbox 1190 2333 1309 2400; x_wconf 87' lang='lat' dir='ltr'>Iudaeis</span> 
     </span>
     <span class='ocr_line' id='line_1_28' title="bbox 70 2417 1307 2498; baseline 0.003 -20"><span class='ocrx_word' id='word_1_265' title='bbox 70 2435 135 2481; x_wconf 88' lang='lat' dir='ltr'>rere</span> <span class='ocrx_word' id='word_1_266' title='bbox 152 2419 401 2492; x_wconf 88' lang='lat' dir='ltr'>delitescentium,</span> <span class='ocrx_word' id='word_1_267' title='bbox 418 2428 476 2482; x_wconf 89' lang='lat' dir='ltr'>eta</span> <span class='ocrx_word' id='word_1_268' title='bbox 493 2436 598 2496; x_wconf 84' lang='lat' dir='ltr'>magno</span> <span class='ocrx_word' id='word_1_269' title='bbox 616 2438 667 2481; x_wconf 88' lang='lat' dir='ltr'>so·</span> <span class='ocrx_word' id='word_1_270' title='bbox 707 2435 762 2479; x_wconf 86' lang='lat' dir='ltr'>ceu</span> <span class='ocrx_word' id='word_1_271' title='bbox 783 2417 936 2498; x_wconf 89' lang='lat' dir='ltr'>splendida</span> <span class='ocrx_word' id='word_1_272' title='bbox 949 2417 1262 2497; x_wconf 86' lang='lat' dir='ltr'>miracularenditare,</span> <span class='ocrx_word' id='word_1_273' title='bbox 1277 2420 1307 2484; x_wconf 93' lang='lat' dir='ltr'>ni</span> 
     </span>
     <span class='ocr_line' id='line_1_29' title="bbox 71 2499 1309 2568; baseline 0.006 -7"><span class='ocrx_word' id='word_1_274' title='bbox 71 2499 105 2562; x_wconf 93' lang='lat' dir='ltr'>lis</span> <span class='ocrx_word' id='word_1_275' title='bbox 117 2512 200 2565; x_wconf 85' lang='lat' dir='ltr'>aestu</span> <span class='ocrx_word' id='word_1_276' title='bbox 215 2503 425 2566; x_wconf 83' lang='lat' dir='ltr'>caletactorum</span> <span class='ocrx_word' id='word_1_277' title='bbox 448 2501 540 2566; x_wconf 89' lang='lat' dir='ltr'>tribui</span> <span class='ocrx_word' id='word_1_278' title='bbox 564 2501 665 2566; x_wconf 88' lang='lat' dir='ltr'>debet.</span> <span class='ocrx_word' id='word_1_279' title='bbox 708 2499 780 2561; x_wconf 85' lang='lat' dir='ltr'>baec</span> <span class='ocrx_word' id='word_1_280' title='bbox 795 2501 836 2562; x_wconf 90' lang='lat' dir='ltr'>ita</span> <span class='ocrx_word' id='word_1_281' title='bbox 853 2500 989 2565; x_wconf 85' lang='lat' dir='ltr'>inissent.</span> <span class='ocrx_word' id='word_1_282' title='bbox 1009 2501 1063 2564; x_wconf 92' lang='lat' dir='ltr'>llla</span> <span class='ocrx_word' id='word_1_283' title='bbox 1078 2503 1157 2566; x_wconf 90' lang='lat' dir='ltr'>euim</span> <span class='ocrx_word' id='word_1_284' title='bbox 1173 2523 1309 2568; x_wconf 86' lang='lat' dir='ltr'>comme-</span> 
     </span>
     <span class='ocr_line' id='line_1_30' title="bbox 71 2581 1306 2668; baseline 0.005 -24"><span class='ocrx_word' id='word_1_285' title='bbox 71 2581 203 2648; x_wconf 86' lang='lat' dir='ltr'>lnsecuta</span> <span class='ocrx_word' id='word_1_286' title='bbox 220 2597 265 2648; x_wconf 87' lang='lat' dir='ltr'>est</span> <span class='ocrx_word' id='word_1_287' title='bbox 279 2585 409 2668; x_wconf 82' lang='lat' dir='ltr'>pulveris</span> <span class='ocrx_word' id='word_1_288' title='bbox 421 2585 551 2649; x_wconf 88' lang='lat' dir='ltr'>ardentis</span> <span class='ocrx_word' id='word_1_289' title='bbox 569 2586 668 2666; x_wconf 88' lang='lat' dir='ltr'>pluria</span> <span class='ocrx_word' id='word_1_290' title='bbox 708 2584 1306 2668; x_wconf 87' lang='lat' dir='ltr'>murat,utiueorumcouspectuperacta,</span> 
     </span>
     <span class='ocr_line' id='line_1_31' title="bbox 73 2667 1308 2750; baseline 0.003 -22"><span class='ocrx_word' id='word_1_291' title='bbox 73 2669 279 2733; x_wconf 89' lang='lat' dir='ltr'>-calidissimis</span> <span class='ocrx_word' id='word_1_292' title='bbox 294 2671 354 2733; x_wconf 90' lang='lat' dir='ltr'>illis</span> <span class='ocrx_word' id='word_1_293' title='bbox 365 2669 535 2748; x_wconf 83' lang='lat' dir='ltr'>regionibus</span> <span class='ocrx_word' id='word_1_294' title='bbox 550 2688 609 2730; x_wconf 91' lang='lat' dir='ltr'>nun</span> <span class='ocrx_word' id='word_1_295' title='bbox 622 2669 668 2732; x_wconf 92' lang='lat' dir='ltr'>iu·</span> <span class='ocrx_word' id='word_1_296' title='bbox 706 2674 846 2748; x_wconf 86' lang='lat' dir='ltr'>tanquam</span> <span class='ocrx_word' id='word_1_297' title='bbox 858 2667 1308 2750; x_wconf 74' lang='lat' dir='ltr'>publicallamiuterlsradlitas</span> 
     </span>
     <span class='ocr_line' id='line_1_32' title="bbox 72 2751 1309 2834; baseline 0.002 -22"><span class='ocrx_word' id='word_1_298' title='bbox 72 2752 164 2828; x_wconf 87' lang='lat' dir='ltr'>solita,</span> <span class='ocrx_word' id='word_1_299' title='bbox 178 2755 291 2816; x_wconf 87' lang='lat' dir='ltr'>ethaeo</span> <span class='ocrx_word' id='word_1_300' title='bbox 304 2756 403 2816; x_wconf 90' lang='lat' dir='ltr'>ulcera</span> <span class='ocrx_word' id='word_1_301' title='bbox 418 2753 553 2834; x_wconf 82' lang='lat' dir='ltr'>produxit</span> <span class='ocrx_word' id='word_1_302' title='bbox 566 2753 595 2816; x_wconf 90' lang='lat' dir='ltr'>in</span> <span class='ocrx_word' id='word_1_303' title='bbox 616 2753 667 2815; x_wconf 90' lang='lat' dir='ltr'>bo·</span> <span class='ocrx_word' id='word_1_304' title='bbox 706 2758 736 2813; x_wconf 90' lang='lat' dir='ltr'>el</span> <span class='ocrx_word' id='word_1_305' title='bbox 759 2751 917 2834; x_wconf 75' lang='lat' dir='ltr'>Aegyptios</span> <span class='ocrx_word' id='word_1_306' title='bbox 941 2753 1214 2834; x_wconf 80' lang='lat' dir='ltr'>frequentissimum</span> <span class='ocrx_word' id='word_1_307' title='bbox 1245 2761 1309 2815; x_wconf 88' lang='lat' dir='ltr'>erat</span> 
     </span>
     <span class='ocr_line' id='line_1_33' title="bbox 73 2835 1309 2918; baseline 0.004 -23"><span class='ocrx_word' id='word_1_308' title='bbox 73 2835 200 2902; x_wconf 88' lang='lat' dir='ltr'>minibus</span> <span class='ocrx_word' id='word_1_309' title='bbox 214 2847 242 2900; x_wconf 85' lang='lat' dir='ltr'>et</span> <span class='ocrx_word' id='word_1_310' title='bbox 257 2837 411 2914; x_wconf 91' lang='lat' dir='ltr'>iumentis,</span> <span class='ocrx_word' id='word_1_311' title='bbox 432 2838 567 2918; x_wconf 88' lang='lat' dir='ltr'>pestique</span> <span class='ocrx_word' id='word_1_312' title='bbox 584 2844 666 2899; x_wconf 90' lang='lat' dir='ltr'>attu-</span> <span class='ocrx_word' id='word_1_313' title='bbox 706 2837 933 2898; x_wconf 89' lang='lat' dir='ltr'>commercium.</span> <span class='ocrx_word' id='word_1_314' title='bbox 950 2836 1050 2900; x_wconf 86' lang='lat' dir='ltr'>ludaei</span> <span class='ocrx_word' id='word_1_315' title='bbox 1061 2837 1211 2918; x_wconf 78' lang='lat' dir='ltr'>Aegyptiis</span> <span class='ocrx_word' id='word_1_316' title='bbox 1223 2845 1309 2900; x_wconf 91' lang='lat' dir='ltr'>erant</span> 
     </span>
     <span class='ocr_line' id='line_1_34' title="bbox 73 2917 1359 3002; baseline 0.003 -24"><span class='ocrx_word' id='word_1_317' title='bbox 73 2917 104 2980; x_wconf 87' lang='lat' dir='ltr'>lit</span> <span class='ocrx_word' id='word_1_318' title='bbox 117 2921 345 2984; x_wconf 86' lang='lat' dir='ltr'>incrementum.</span> <span class='ocrx_word' id='word_1_319' title='bbox 365 2921 513 2983; x_wconf 88' lang='lat' dir='ltr'>-Paulo</span> <span class='ocrx_word' id='word_1_320' title='bbox 532 2928 599 3002; x_wconf 91' lang='lat' dir='ltr'>post</span> <span class='ocrx_word' id='word_1_321' title='bbox 613 2941 665 2983; x_wconf 82' lang='lat' dir='ltr'>ex·</span> <span class='ocrx_word' id='word_1_322' title='bbox 707 2919 843 2995; x_wconf 83' lang='lat' dir='ltr'>immixti,</span> <span class='ocrx_word' id='word_1_323' title='bbox 857 2921 996 3001; x_wconf 90' lang='lat' dir='ltr'>aquibus</span> <span class='ocrx_word' id='word_1_324' title='bbox 1011 2921 1054 2982; x_wconf 93' lang='lat' dir='ltr'>illi</span> <span class='ocrx_word' id='word_1_325' title='bbox 1073 2921 1136 2982; x_wconf 89' lang='lat' dir='ltr'>dire</span> <span class='ocrx_word' id='word_1_326' title='bbox 1156 2920 1306 2982; x_wconf 81' lang='lat' dir='ltr'>vexaban-</span> <span class='ocrx_word' id='word_1_327' title='bbox 1357 2923 1359 2928; x_wconf 84' lang='lat'>&#39;</span> 
     </span>
     <span class='ocr_line' id='line_1_35' title="bbox 74 2997 1307 3087; baseline 0.003 -24"><span class='ocrx_word' id='word_1_328' title='bbox 74 3003 182 3067; x_wconf 88' lang='lat' dir='ltr'>cutiuut</span> <span class='ocrx_word' id='word_1_329' title='bbox 205 3008 351 3087; x_wconf 87' lang='lat' dir='ltr'>procellae</span> <span class='ocrx_word' id='word_1_330' title='bbox 377 3005 524 3082; x_wconf 77' lang='lat' dir='ltr'>ingentem</span> <span class='ocrx_word' id='word_1_331' title='bbox 542 3005 666 3082; x_wconf 75' lang='lat' dir='ltr'>grandi·</span> <span class='ocrx_word' id='word_1_332' title='bbox 707 3011 765 3066; x_wconf 94' lang='lat' dir='ltr'>tur.</span> <span class='ocrx_word' id='word_1_333' title='bbox 785 3003 877 3068; x_wconf 76' lang='lat' dir='ltr'>l&#39;erra</span> <span class='ocrx_word' id='word_1_334' title='bbox 890 2997 1000 3068; x_wconf 78' lang='lat' dir='ltr'>Ge‘ssen</span> <span class='ocrx_word' id='word_1_335' title='bbox 1020 3004 1049 3066; x_wconf 87' lang='lat' dir='ltr'>in</span> <span class='ocrx_word' id='word_1_336' title='bbox 1070 3003 1168 3066; x_wconf 88' lang='lat' dir='ltr'>medio</span> <span class='ocrx_word' id='word_1_337' title='bbox 1184 3003 1307 3084; x_wconf 76' lang='lat' dir='ltr'>Aegypti</span> 
     </span>
     <span class='ocr_line' id='line_1_36' title="bbox 72 3087 1308 3170; baseline 0.004 -24"><span class='ocrx_word' id='word_1_338' title='bbox 72 3104 147 3163; x_wconf 86' lang='lat' dir='ltr'>netu,</span> <span class='ocrx_word' id='word_1_339' title='bbox 167 3109 335 3170; x_wconf 83' lang='lat' dir='ltr'>quaesere</span> <span class='ocrx_word' id='word_1_340' title='bbox 354 3089 428 3150; x_wconf 90' lang='lat' dir='ltr'>nihil</span> <span class='ocrx_word' id='word_1_341' title='bbox 452 3088 587 3151; x_wconf 85' lang='lat' dir='ltr'>miraculi</span> <span class='ocrx_word' id='word_1_342' title='bbox 610 3088 666 3152; x_wconf 84' lang='lat' dir='ltr'>ba·</span> <span class='ocrx_word' id='word_1_343' title='bbox 707 3099 770 3150; x_wconf 87' lang='lat' dir='ltr'>erat</span> <span class='ocrx_word' id='word_1_344' title='bbox 791 3089 897 3168; x_wconf 90' lang='lat' dir='ltr'>posita.</span> <span class='ocrx_word' id='word_1_345' title='bbox 918 3087 1083 3150; x_wconf 89' lang='lat' dir='ltr'>Potuerunt</span> <span class='ocrx_word' id='word_1_346' title='bbox 1096 3096 1127 3148; x_wconf 91' lang='lat' dir='ltr'>et</span> <span class='ocrx_word' id='word_1_347' title='bbox 1138 3087 1308 3151; x_wconf 89' lang='lat' dir='ltr'>debuerunt</span> 
     </span>
     <span class='ocr_line' id='line_1_37' title="bbox 72 3168 1307 3252; baseline 0.003 -21"><span class='ocrx_word' id='word_1_348' title='bbox 72 3168 128 3234; x_wconf 85' lang='lat' dir='ltr'>bet.</span> <span class='ocrx_word' id='word_1_349' title='bbox 148 3171 261 3238; x_wconf 87' lang='lat' dir='ltr'>Ventus</span> <span class='ocrx_word' id='word_1_350' title='bbox 278 3182 433 3236; x_wconf 87' lang='lat' dir='ltr'>aestuosus</span> <span class='ocrx_word' id='word_1_351' title='bbox 457 3174 588 3235; x_wconf 87' lang='lat' dir='ltr'>locustas</span> <span class='ocrx_word' id='word_1_352' title='bbox 611 3173 665 3234; x_wconf 89' lang='lat' dir='ltr'>ad·</span> <span class='ocrx_word' id='word_1_353' title='bbox 707 3189 775 3247; x_wconf 81' lang='lat' dir='ltr'>ergo</span> <span class='ocrx_word' id='word_1_354' title='bbox 787 3171 936 3233; x_wconf 76' lang='lat' dir='ltr'>lsradlitae</span> <span class='ocrx_word' id='word_1_355' title='bbox 950 3191 1009 3232; x_wconf 90' lang='lat' dir='ltr'>uon</span> <span class='ocrx_word' id='word_1_356' title='bbox 1029 3171 1126 3233; x_wconf 89' lang='lat' dir='ltr'>miuus</span> <span class='ocrx_word' id='word_1_357' title='bbox 1143 3191 1232 3252; x_wconf 88' lang='lat' dir='ltr'>quam</span> <span class='ocrx_word' id='word_1_358' title='bbox 1245 3172 1307 3235; x_wconf 81' lang='lat' dir='ltr'>Ae-</span> 
     </span>
     <span class='ocr_line' id='line_1_38' title="bbox 72 3253 1308 3335; baseline 0.004 -21"><span class='ocrx_word' id='word_1_359' title='bbox 72 3253 159 3334; x_wconf 85' lang='lat' dir='ltr'>dunit,</span> <span class='ocrx_word' id='word_1_360' title='bbox 172 3266 202 3320; x_wconf 90' lang='lat' dir='ltr'>et</span> <span class='ocrx_word' id='word_1_361' title='bbox 213 3258 380 3320; x_wconf 88' lang='lat' dir='ltr'>contrarius</span> <span class='ocrx_word' id='word_1_362' title='bbox 395 3257 526 3320; x_wconf 87' lang='lat' dir='ltr'>sustulit.</span> <span class='ocrx_word' id='word_1_363' title='bbox 541 3256 664 3319; x_wconf 88' lang='lat' dir='ltr'>llemum</span> <span class='ocrx_word' id='word_1_364' title='bbox 705 3255 795 3335; x_wconf 72' lang='lat' dir='ltr'>gyptii</span> <span class='ocrx_word' id='word_1_365' title='bbox 820 3254 954 3335; x_wconf 83' lang='lat' dir='ltr'>prodigia</span> <span class='ocrx_word' id='word_1_366' title='bbox 977 3255 1033 3316; x_wconf 89' lang='lat' dir='ltr'>ista</span> <span class='ocrx_word' id='word_1_367' title='bbox 1057 3255 1232 3332; x_wconf 85' lang='lat' dir='ltr'>observare,</span> <span class='ocrx_word' id='word_1_368' title='bbox 1252 3275 1308 3319; x_wconf 88' lang='lat' dir='ltr'>nec</span> 
     </span>
     <span class='ocr_line' id='line_1_39' title="bbox 70 3337 1308 3423; baseline 0.004 -25"><span class='ocrx_word' id='word_1_369' title='bbox 70 3337 347 3410; x_wconf 85' lang='lat' dir='ltr'>luesvehementius</span> <span class='ocrx_word' id='word_1_370' title='bbox 360 3341 390 3403; x_wconf 90' lang='lat' dir='ltr'>in</span> <span class='ocrx_word' id='word_1_371' title='bbox 402 3341 537 3404; x_wconf 86' lang='lat' dir='ltr'>homines</span> <span class='ocrx_word' id='word_1_372' title='bbox 550 3339 667 3403; x_wconf 89' lang='lat' dir='ltr'>irruens</span> <span class='ocrx_word' id='word_1_373' title='bbox 707 3357 778 3400; x_wconf 76' lang='lat' dir='ltr'>stine</span> <span class='ocrx_word' id='word_1_374' title='bbox 799 3337 940 3400; x_wconf 85' lang='lat' dir='ltr'>incuriosi</span> <span class='ocrx_word' id='word_1_375' title='bbox 963 3338 1158 3418; x_wconf 83' lang='lat' dir='ltr'>neglexerunt</span> <span class='ocrx_word' id='word_1_376' title='bbox 1177 3358 1308 3423; x_wconf 88' lang='lat' dir='ltr'>perpen-</span> 
     </span>
     <span class='ocr_line' id='line_1_40' title="bbox 70 3421 1306 3505; baseline 0.003 -23"><span class='ocrx_word' id='word_1_377' title='bbox 70 3421 96 3484; x_wconf 90' lang='lat' dir='ltr'>in</span> <span class='ocrx_word' id='word_1_378' title='bbox 124 3425 228 3505; x_wconf 90' lang='lat' dir='ltr'>primis</span> <span class='ocrx_word' id='word_1_379' title='bbox 259 3425 394 3488; x_wconf 87' lang='lat' dir='ltr'>iuniores</span> <span class='ocrx_word' id='word_1_380' title='bbox 422 3425 559 3500; x_wconf 88' lang='lat' dir='ltr'>sustulit,</span> <span class='ocrx_word' id='word_1_381' title='bbox 592 3442 666 3505; x_wconf 85' lang='lat' dir='ltr'>quos</span> <span class='ocrx_word' id='word_1_382' title='bbox 706 3422 777 3486; x_wconf 89' lang='lat' dir='ltr'>dere</span> <span class='ocrx_word' id='word_1_383' title='bbox 795 3421 891 3500; x_wconf 84' lang='lat' dir='ltr'>signa,</span> <span class='ocrx_word' id='word_1_384' title='bbox 909 3440 987 3502; x_wconf 84' lang='lat' dir='ltr'>quae</span> <span class='ocrx_word' id='word_1_385' title='bbox 1009 3421 1120 3503; x_wconf 89' lang='lat' dir='ltr'>lloyses</span> <span class='ocrx_word' id='word_1_386' title='bbox 1138 3424 1219 3501; x_wconf 89' lang='lat' dir='ltr'>iecit,</span> <span class='ocrx_word' id='word_1_387' title='bbox 1239 3443 1306 3487; x_wconf 90' lang='lat' dir='ltr'>cum</span> 
     </span>
     <span class='ocr_line' id='line_1_41' title="bbox 69 3504 1308 3591; baseline 0.003 -24"><span class='ocrx_word' id='word_1_388' title='bbox 69 3504 177 3588; x_wconf 87' lang='lat' dir='ltr'>lloyses</span> <span class='ocrx_word' id='word_1_389' title='bbox 205 3509 418 3591; x_wconf 81' lang='lat' dir='ltr'>primogenitus</span> <span class='ocrx_word' id='word_1_390' title='bbox 442 3507 665 3570; x_wconf 84' lang='lat' dir='ltr'>vocavit.Nil1il</span> <span class='ocrx_word' id='word_1_391' title='bbox 706 3506 778 3587; x_wconf 92' lang='lat' dir='ltr'>ipsis</span> <span class='ocrx_word' id='word_1_392' title='bbox 801 3507 928 3568; x_wconf 77' lang='lat' dir='ltr'>maxime</span> <span class='ocrx_word' id='word_1_393' title='bbox 952 3507 1094 3569; x_wconf 88' lang='lat' dir='ltr'>interesse</span> <span class='ocrx_word' id='word_1_394' title='bbox 1119 3507 1246 3586; x_wconf 85' lang='lat' dir='ltr'>debuit,</span> <span class='ocrx_word' id='word_1_395' title='bbox 1269 3527 1308 3570; x_wconf 90' lang='lat' dir='ltr'>au</span> 
     </span>
     <span class='ocr_line' id='line_1_42' title="bbox 69 3591 1307 3675; baseline 0.003 -25"><span class='ocrx_word' id='word_1_396' title='bbox 69 3601 163 3654; x_wconf 89' lang='lat' dir='ltr'>autem</span> <span class='ocrx_word' id='word_1_397' title='bbox 180 3593 369 3655; x_wconf 87' lang='lat' dir='ltr'>laciliuserat</span> <span class='ocrx_word' id='word_1_398' title='bbox 384 3591 485 3675; x_wconf 88' lang='lat' dir='ltr'>ldoysi,</span> <span class='ocrx_word' id='word_1_399' title='bbox 498 3610 587 3674; x_wconf 88' lang='lat' dir='ltr'>quam</span> <span class='ocrx_word' id='word_1_400' title='bbox 601 3593 665 3654; x_wconf 83' lang='lat' dir='ltr'>eri·</span> <span class='ocrx_word' id='word_1_401' title='bbox 707 3591 913 3672; x_wconf 87' lang='lat' dir='ltr'>impostorem,</span> <span class='ocrx_word' id='word_1_402' title='bbox 928 3610 964 3652; x_wconf 91' lang='lat' dir='ltr'>an</span> <span class='ocrx_word' id='word_1_403' title='bbox 979 3592 1107 3669; x_wconf 83' lang='lat' dir='ltr'>legatum</span> <span class='ocrx_word' id='word_1_404' title='bbox 1121 3592 1255 3656; x_wconf 87' lang='lat' dir='ltr'>ditinum</span> <span class='ocrx_word' id='word_1_405' title='bbox 1275 3593 1307 3654; x_wconf 89' lang='lat' dir='ltr'>iu</span> 
     </span>
     <span class='ocr_line' id='line_1_43' title="bbox 69 3674 1106 3757; baseline 0.002 -22"><span class='ocrx_word' id='word_1_406' title='bbox 69 3674 148 3739; x_wconf 90' lang='lat' dir='ltr'>tiales</span> <span class='ocrx_word' id='word_1_407' title='bbox 174 3676 227 3738; x_wconf 87' lang='lat' dir='ltr'>bas</span> <span class='ocrx_word' id='word_1_408' title='bbox 244 3677 427 3740; x_wconf 86' lang='lat' dir='ltr'>calamitates</span> <span class='ocrx_word' id='word_1_409' title='bbox 446 3684 585 3757; x_wconf 83' lang='lat' dir='ltr'>tarrquam</span> <span class='ocrx_word' id='word_1_410' title='bbox 607 3677 666 3738; x_wconf 88' lang='lat' dir='ltr'>mi·</span> <span class='ocrx_word' id='word_1_411' title='bbox 706 3676 855 3738; x_wconf 87' lang='lat' dir='ltr'>desertum</span> <span class='ocrx_word' id='word_1_412' title='bbox 874 3675 1106 3757; x_wconf 59' lang='lat' dir='ltr'>sequanturffl).</span> 
     </span>
     <span class='ocr_line' id='line_1_44' title="bbox 68 3756 1306 3842; baseline 0 -24"><span class='ocrx_word' id='word_1_413' title='bbox 68 3762 164 3824; x_wconf 85' lang='lat' dir='ltr'>recula</span> <span class='ocrx_word' id='word_1_414' title='bbox 186 3761 337 3824; x_wconf 83' lang='lat' dir='ltr'>venditare</span> <span class='ocrx_word' id='word_1_415' title='bbox 360 3760 544 3842; x_wconf 88' lang='lat' dir='ltr'>apudsuos,</span> <span class='ocrx_word' id='word_1_416' title='bbox 565 3759 666 3840; x_wconf 85' lang='lat' dir='ltr'>quiin</span> <span class='ocrx_word' id='word_1_417' title='bbox 760 3759 826 3823; x_wconf 89' lang='lat' dir='ltr'>Obi.</span> <span class='ocrx_word' id='word_1_418' title='bbox 847 3759 878 3822; x_wconf 84' lang='lat'>3.</span> <span class='ocrx_word' id='word_1_419' title='bbox 901 3758 1007 3836; x_wconf 71' lang='lat' dir='ltr'>Plagae</span> <span class='ocrx_word' id='word_1_420' title='bbox 1035 3757 1222 3840; x_wconf 70' lang='lat' dir='ltr'>aegyptiacae</span> <span class='ocrx_word' id='word_1_421' title='bbox 1246 3756 1306 3818; x_wconf 86' lang='lat' dir='ltr'>Deo</span> 
     </span>
     <span class='ocr_line' id='line_1_45' title="bbox 70 3842 1307 3924; baseline -0.002 -20"><span class='ocrx_word' id='word_1_422' title='bbox 70 3851 141 3906; x_wconf 86' lang='lat' dir='ltr'>terra</span> <span class='ocrx_word' id='word_1_423' title='bbox 161 3842 274 3908; x_wconf 85' lang='lat' dir='ltr'>Gessea</span> <span class='ocrx_word' id='word_1_424' title='bbox 293 3844 368 3908; x_wconf 90' lang='lat' dir='ltr'>nibil</span> <span class='ocrx_word' id='word_1_425' title='bbox 383 3845 448 3908; x_wconf 84' lang='lat' dir='ltr'>&#39;tale</span> <span class='ocrx_word' id='word_1_426' title='bbox 474 3843 592 3906; x_wconf 84' lang='lat' dir='ltr'>lucrant</span> <span class='ocrx_word' id='word_1_427' title='bbox 613 3862 666 3904; x_wconf 83' lang='lat' dir='ltr'>ex·</span> <span class='ocrx_word' id='word_1_428' title='bbox 706 3852 776 3905; x_wconf 89' lang='lat' dir='ltr'>sunt</span> <span class='ocrx_word' id='word_1_429' title='bbox 793 3842 944 3920; x_wconf 66' lang='lat' dir='ltr'>indiguam</span> <span class='ocrx_word' id='word_1_430' title='bbox 966 3843 1029 3924; x_wconf 87' lang='lat' dir='ltr'>ipse</span> <span class='ocrx_word' id='word_1_431' title='bbox 1047 3844 1140 3917; x_wconf 90' lang='lat' dir='ltr'>enim,</span> <span class='ocrx_word' id='word_1_432' title='bbox 1154 3843 1239 3902; x_wconf 89' lang='lat' dir='ltr'>cuius</span> <span class='ocrx_word' id='word_1_433' title='bbox 1255 3858 1307 3901; x_wconf 90' lang='lat' dir='ltr'>na·</span> 
     </span>
     <span class='ocr_line' id='line_1_46' title="bbox 71 3925 1305 4009; baseline -0.005 -19"><span class='ocrx_word' id='word_1_434' title='bbox 71 3930 152 4006; x_wconf 86' lang='lat' dir='ltr'>perti.</span> <span class='ocrx_word' id='word_1_435' title='bbox 174 3927 218 3990; x_wconf 89' lang='lat' dir='ltr'>lta</span> <span class='ocrx_word' id='word_1_436' title='bbox 236 3948 303 3990; x_wconf 94' lang='lat' dir='ltr'>cum</span> <span class='ocrx_word' id='word_1_437' title='bbox 321 3928 446 4009; x_wconf 83' lang='lat' dir='ltr'>Spinoza</span> <span class='ocrx_word' id='word_1_438' title='bbox 466 3944 525 3989; x_wconf 86' lang='lat' dir='ltr'>nort</span> <span class='ocrx_word' id='word_1_439' title='bbox 546 3927 643 4008; x_wconf 86' lang='lat' dir='ltr'>pauci.</span> <span class='ocrx_word' id='word_1_440' title='bbox 698 3935 773 3988; x_wconf 83' lang='lat' dir='ltr'>tura</span> <span class='ocrx_word' id='word_1_441' title='bbox 791 3935 836 3988; x_wconf 90' lang='lat' dir='ltr'>est</span> <span class='ocrx_word' id='word_1_442' title='bbox 854 3927 996 4001; x_wconf 88' lang='lat' dir='ltr'>bonitas,</span> <span class='ocrx_word' id='word_1_443' title='bbox 1021 3925 1174 3990; x_wconf 84' lang='lat' dir='ltr'>beneficiis</span> <span class='ocrx_word' id='word_1_444' title='bbox 1198 3931 1227 3984; x_wconf 93' lang='lat' dir='ltr'>et</span> <span class='ocrx_word' id='word_1_445' title='bbox 1247 3941 1305 3984; x_wconf 84' lang='lat' dir='ltr'>iton</span> 
     </span>
     <span class='ocr_line' id='line_1_47' title="bbox 105 4006 1305 4092; baseline -0.01 -14"><span class='ocrx_word' id='word_1_446' title='bbox 105 4009 668 4092; x_wconf 80' lang='lat' dir='ltr'>Resp.Pestilenli·a,quaeplagispme·</span> <span class='ocrx_word' id='word_1_447' title='bbox 708 4010 800 4090; x_wconf 77' lang='lat' dir='ltr'>plagis</span> <span class='ocrx_word' id='word_1_448' title='bbox 822 4009 1005 4072; x_wconf 88' lang='lat' dir='ltr'>Pharaonem</span> <span class='ocrx_word' id='word_1_449' title='bbox 1036 4009 1072 4070; x_wconf 90' lang='lat' dir='ltr'>ad</span> <span class='ocrx_word' id='word_1_450' title='bbox 1097 4006 1305 4069; x_wconf 75' lang='lat' dir='ltr'>iliruittendum</span> 
     </span>
     <span class='ocr_line' id='line_1_48' title="bbox 71 4090 1308 4175; baseline 0 -23"><span class='ocrx_word' id='word_1_451' title='bbox 71 4094 203 4172; x_wconf 89' lang='lat' dir='ltr'>mittitur,</span> <span class='ocrx_word' id='word_1_452' title='bbox 213 4106 257 4158; x_wconf 89' lang='lat' dir='ltr'>est</span> <span class='ocrx_word' id='word_1_453' title='bbox 267 4094 666 4158; x_wconf 82' lang='lat' dir='ltr'>rauumcommentumuulli</span> <span class='ocrx_word' id='word_1_454' title='bbox 708 4094 850 4175; x_wconf 89' lang='lat' dir='ltr'>populum</span> <span class='ocrx_word' id='word_1_455' title='bbox 870 4095 1072 4174; x_wconf 89' lang='lat' dir='ltr'>compulisset.</span> <span class='ocrx_word' id='word_1_456' title='bbox 1092 4091 1248 4153; x_wconf 88' lang='lat' dir='ltr'>Praeterea</span> <span class='ocrx_word' id='word_1_457' title='bbox 1261 4090 1308 4152; x_wconf 92' lang='lat' dir='ltr'>iu-</span> 
     </span>
     <span class='ocr_line' id='line_1_49' title="bbox 72 4173 1305 4262; baseline 0 -24"><span class='ocrx_word' id='word_1_458' title='bbox 72 4175 208 4242; x_wconf 86' lang='lat' dir='ltr'>bistorico</span> <span class='ocrx_word' id='word_1_459' title='bbox 227 4181 421 4262; x_wconf 60' lang='lat' dir='ltr'>fundamento</span> <span class='ocrx_word' id='word_1_460' title='bbox 439 4179 586 4245; x_wconf 87' lang='lat' dir='ltr'>innixuru.</span> <span class='ocrx_word' id='word_1_461' title='bbox 606 4177 667 4259; x_wconf 89' lang='lat' dir='ltr'>lly-</span> <span class='ocrx_word' id='word_1_462' title='bbox 706 4179 805 4240; x_wconf 82' lang='lat' dir='ltr'>stiriae</span> <span class='ocrx_word' id='word_1_463' title='bbox 827 4178 944 4239; x_wconf 84' lang='lat' dir='ltr'>divinae</span> <span class='ocrx_word' id='word_1_464' title='bbox 963 4184 1106 4255; x_wconf 83' lang='lat' dir='ltr'>repugnat</span> <span class='ocrx_word' id='word_1_465' title='bbox 1118 4173 1156 4235; x_wconf 90' lang='lat' dir='ltr'>ob</span> <span class='ocrx_word' id='word_1_466' title='bbox 1169 4175 1305 4255; x_wconf 85' lang='lat' dir='ltr'>partica·</span> 
     </span>
    </p>
   </div>
   <div class='ocr_carea' id='block_1_5' title="bbox 97 4277 1134 4352">
    <p class='ocr_par' dir='ltr' id='par_1_5' title="bbox 97 4277 1134 4352">
     <span class='ocr_line' id='line_1_50' title="bbox 97 4277 1134 4352; baseline -0.021 -5"><span class='ocrx_word' id='word_1_467' title='bbox 97 4286 124 4348; x_wconf 72' lang='lat' dir='ltr'>(l)</span> <span class='ocrx_word' id='word_1_468' title='bbox 139 4287 217 4352; x_wconf 64' lang='grc' dir='ltr'>ΕΗ,</span> <span class='ocrx_word' id='word_1_469' title='bbox 233 4288 267 4338; x_wconf 65' lang='grc'>19.</span> <span class='ocrx_word' id='word_1_470' title='bbox 737 4285 772 4346; x_wconf 67' lang='lat'>(2)</span> <span class='ocrx_word' id='word_1_471' title='bbox 782 4283 814 4333; x_wconf 77' lang='lat' dir='ltr'>ci.</span> <span class='ocrx_word' id='word_1_472' title='bbox 830 4283 894 4332; x_wconf 82' lang='lat' dir='ltr'>Bada</span> <span class='ocrx_word' id='word_1_473' title='bbox 908 4284 972 4342; x_wconf 85' lang='lat' dir='ltr'>llayr</span> <span class='ocrx_word' id='word_1_474' title='bbox 986 4281 1002 4326; x_wconf 87' lang='lat' dir='ltr'>l.</span> <span class='ocrx_word' id='word_1_475' title='bbox 1017 4288 1039 4325; x_wconf 81' lang='lat' dir='ltr'>e.</span> <span class='ocrx_word' id='word_1_476' title='bbox 1054 4277 1075 4336; x_wconf 68' lang='lat' dir='ltr'>fl.</span> <span class='ocrx_word' id='word_1_477' title='bbox 1092 4277 1134 4325; x_wconf 75' lang='grc'>153</span> 
     </span>
    </p>
   </div>
   <div class='ocr_carea' id='block_1_6' title="bbox 0 0 1469 4734">
    <p class='ocr_par' dir='ltr' id='par_1_6' title="bbox 0 0 1469 4734">
     <span class='ocr_line' id='line_1_51' title="bbox 0 0 1469 4734; baseline 0 0"><span class='ocrx_word' id='word_1_478' title='bbox 0 0 1469 4734; x_wconf 95' lang='lat' dir='ltr'> </span> 
     </span>
    </p>
   </div>
  </div>
 </body>
</html>
