2910 4732
617 232 711 277 creor
733 233 754 275 v.
1245 211 1265 274 5

76 311 155 374 ruodo
167 331 223 375 nos
238 313 387 376 insincere
404 313 554 393 dignatur.
567 310 670 374 Scien-
709 309 866 372 revelatam
895 308 1070 390 magnificae
1084 355 1089 366 .
1101 307 1202 372 domui
1226 327 1307 372 conr·

76 397 123 472 tia,
141 416 218 478 quae
247 398 387 458 veritates
418 401 453 460 ad
483 397 599 476 Deum,
618 415 670 458 re·
710 414 825 474 parare,
846 395 997 473 t'tcotogc'u
1014 394 1161 473 genuclis
1177 411 1237 454 nou
1256 413 1307 455 so-

75 500 219 562 gnumque
245 481 341 562 ipsius
365 483 477 544 morale
501 475 671 562 spectantes
712 481 771 540 lum
792 479 886 540 oculis
906 477 1027 538 viatoris
1045 479 1125 539 illam
1151 496 1309 540 common·

76 565 184 626 exsola
208 567 328 626 ratione
360 567 477 641 evolvit,
510 565 671 644 l'heologia
712 572 797 640 strat,
817 562 867 624 sed
891 561 1050 622 etaditum
1070 561 1183 641 aperit,
1203 572 1233 622 et
1259 563 1309 624 in·

76 650 231 727 naturalis,
257 669 310 710 seu
326 651 504 728 rationulis;
524 651 670 728 Scientia,
711 666 844 726 gressum
856 647 952 708 docet:
966 645 1125 724 Theologia
1137 655 1236 722 autem
1248 663 1311 726 spc-

77 751 146 812 quae
160 736 282 794 easdem
298 735 436 796 veritates
450 753 486 796 ex
502 734 672 796 Revelatio-
692 727 795 826 ''oiotis’
816 731 897 792 varia
922 731 1040 792 interna
1057 729 1193 792 cubicula
1213 731 1310 811 inspi··

77 835 110 876 ne
131 818 242 894 haurit,
262 816 423 897 theologia
446 821 595 899 positivo,
619 819 672 880 sed
691 835 694 864 ¹
713 816 818 876 cienda
840 815 973 895 praebet.

76 902 198 964 roveloto
218 903 404 964 nominatur.
1021 949 1039 995 ,5

115 987 200 1048 Noto.
226 986 300 1048 Cum
325 985 404 1048 Deus
422 1005 476 1049 nos
495 1007 548 1070 per
566 987 673 1068 duplex
973 943 1002 1014 ς
1042 978 1051 996 “

80 1070 214 1148 medium,
235 1071 376 1132 nimirum
398 1092 452 1152 per
468 1075 628 1147 rationem,
645 1079 674 1132 ct

79 1154 284 1215 revelationem
298 1154 334 1214 ad
349 1158 438 1217 tinem
456 1168 590 1218 nostrum
603 1174 673 1236 per·
755 1155 865 1218 llivisio
888 1153 1068 1232 Theologiae
1092 1154 1231 1234 specialis
1253 1153 1312 1234 peti

80 1239 179 1300 ducere
198 1239 293 1313 velit,
313 1237 379 1301 ideo
404 1241 565 1320 Theologia
584 1249 674 1302 natu·
715 1241 869 1302 cornmode
889 1250 985 1319 potest
999 1259 1035 1300 ex
1051 1239 1150 1317 stirme
1172 1249 1202 1300 ct
1218 1247 1313 1302 moto·

79 1323 142 1382 ralis
160 1331 189 1382 et
207 1323 337 1403 positiva
365 1325 470 1386 intime
497 1325 673 1400 cohaerent,
714 1317 986 1388 riollevela'tionis.
999 1323 1108 1384 -Per
1121 1323 1245 1384 formam
1258 1321 1315 1384 ltc-

79 1415 177 1467 etuna
197 1411 325 1468 atteram
348 1409 449 1488 exigit,
473 1410 566 1486 iuvat,
586 1417 675 1488 atque
715 1409 870 1470 velationis
900 1408 1076 1486 intelligitur
1107 1409 1314 1488 modos,quo

82 1500 234 1552 sustentat.
264 1489 422 1571 Theologia
447 1493 591 1555 naturalis
615 1513 674 1554 non
715 1493 793 1554 Deus
808 1511 852 1564 sc,
873 1493 979 1571 suique
999 1492 1082 1570 regni
1101 1491 1221 1552 moralis
1240 1511 1315 1552 con·

79 1575 238 1652 incongrue
254 1575 312 1636 dici
328 1587 425 1657 potest
441 1579 627 1658 Pucdogogio
639 1577 675 1638 ad
715 1577 899 1638 stitutionem
913 1575 1147 1637 extraordinaria
1165 1576 1211 1636 via
1226 1575 1316 1638 nobis

79 1661 286 1720 revelationem
300 1661 530 1742 divinamqu'ae
547 1662 583 1724 ad
599 1661 676 1722 hanc
717 1661 927 1722 manifestavit.
942 1695 983 1705 -
999 1658 1057 1721 Per
1080 1660 1234 1722 materiam
1256 1659 1315 1720 tte-

80 1743 150 1804 viam
169 1745 291 1820 sternit,
311 1753 341 1805 et
366 1746 526 1808 discentem
547 1764 675 1828 praepa·
716 1745 1006 1806 velationisveniunt
1020 1745 1101 1823 ipsae
1115 1745 1318 1806 acritatcsno·

80 1836 133 1901 rat,
147 1827 218 1888 licet
235 1828 273 1888 de
290 1829 419 1909 reliquo,
438 1840 471 1890 ut
489 1850 541 1892 suo
556 1833 619 1892 loco
633 1829 678 1890 di·
717 1831 763 1892 bis
792 1828 933 1890 divinitus
963 1831 1142 1908 patefactae,
1173 1827 1264 1890 Deum
1288 1830 1316 1888 i-

80 1919 169 1987 cctur,
189 1913 276 1972 valde
299 1913 474 1994 imperfecta
499 1917 557 1981 sit,
582 1925 611 1975 et
640 1914 676 1974 ad
717 1916 858 1994 psiusque
881 1913 964 1990 regni
983 1913 1104 1972 moralis
1126 1913 1316 1974 constitutio·

81 1997 200 2055 salutem
210 1997 425 2076 sempiternam
437 1999 676 2080 consequendam
717 2017 784 2058 nem
811 1997 896 2060 nobis
915 1997 1116 2058 ostendentes.
1135 2029 1177 2040 -
1195 1996 1236 2056 Ex
1254 1998 1316 2058 lor-

82 2097 135 2138 nou
153 2081 351 2162 sufficiat(l).
492 2096 495 2102 ’
719 2102 766 2143 ma
790 2080 988 2142 Revelationis
1013 2081 1202 2140 deducuntur
1225 2081 1317 2140 disci·

338 2209 358 2280 ς
384 2217 406 2262 ⁶
717 2167 816 2248 plluae
830 2165 1026 2242 theologicae,
1039 2183 1115 2244 qnae
1127 2164 1219 2225 totius
1232 2165 1318 2226 liaco-

360 2245 367 2260 '
408 2245 416 2261 “
666 2246 957 2332 'logicesoisidio
976 2251 1177 2326 constituunt,
1198 2267 1231 2308 eu
1251 2267 1317 2308 ma·

718 2336 792 2402 teria
810 2331 1009 2410 Revelationis
1022 2333 1102 2413 ipsae
1118 2341 1217 2410 portes
1232 2333 1316 2394 Tdco·

135 2419 301 2498 Theologia
319 2439 371 2502 pro
394 2419 519 2495 ambitu,
541 2419 570 2480 in
590 2437 677 2498 quem
719 2419 812 2500 logice
829 2417 962 2497 spectatis
982 2419 1191 2478 desumuntur.

83 2504 260 2579 extenditur,
280 2513 360 2566 recte
379 2505 520 2565 dividitur
539 2499 570 2564 in
588 2521 678 2584 geue·
980 2543 999 2614 ς
1028 2548 1048 2594 3

82 2588 171 2649 rotem
188 2597 219 2648 et
233 2589 397 2667 specialem.
416 2588 577 2666 Theologia
592 2606 680 2666 gene·
1001 2578 1009 2596 ⁸
1051 2577 1059 2593 “

83 2671 148 2731 ralis
165 2672 306 2733 veritates
324 2693 341 2733 a
359 2673 419 2734 Deo
437 2674 467 2733 in
489 2673 592 2733 ordine
613 2691 679 2746 m07

82 2756 133 2815 rali
145 2756 351 2818 manilestatas
366 2765 537 2838 pertractat,
550 2775 626 2836 quae
643 2755 678 2816 ad
760 2755 839 2818 Deus
863 2763 896 2814 ut
916 2773 968 2834 pro
990 2772 1044 2814 sua
1066 2752 1182 2826 infinita
1200 2749 1320 2812 miseri-

85 2856 183 2901 omncs
208 2839 383 2921 disciplinas
403 2841 583 2920 theologicas
600 2841 679 2901 rele-
720 2841 821 2903 cordia
839 2841 1005 2900 doctrinam
1025 2836 1130 2898 salutis
1149 2835 1235 2904 nobis
1265 2853 1319 2914 pa-

53 2931 56 2944 ·
85 2933 197 3000 runtur,
215 2943 380 3005 earumque
399 2925 591 2986 fundamenta
606 2943 680 2985 con·
722 2927 881 2998 telaceret,
901 2921 1037 2984 homines
1069 2927 1187 2982 sanctos
1218 2917 1319 2994 elegit,

84 3006 219 3081 stituunt3
240 3009 435 3088 quamobrem
449 3029 507 3069 non
519 3010 681 3085 incongrue
720 3011 770 3090 qui
791 3027 844 3090 per
868 3006 998 3069 divinam
1031 3002 1256 3084 inspirationem
1282 3002 1320 3064 ab

87 3091 239 3172 llcologio
272 3093 507 3173 scandumcotolis
538 3093 681 3174 appellari
720 3097 802 3154 omui
821 3092 938 3154 errandi
957 3089 1091 3170 periculo
1111 3088 1260 3148 immunes
1278 3086 1321 3148 la·

86 3184 189 3252 potest.
210 3174 290 3238 Haec
310 3177 389 3236 euim
408 3176 569 3254 Theologia
587 3175 680 3237 ratio·
721 3175 970 3238 ctilibrossacros
984 3171 1236 3250 conscripserunt,
1248 3189 1322 3250 quo-

87 3259 180 3319 nalem
209 3257 394 3340 Religionis,
424 3271 453 3322 et
483 3261 682 3322 Revelationis
721 3281 789 3322 rum
808 3259 944 3322 collectio
964 3258 995 3321 S.
1016 3257 1183 3336 Scriptura,
1200 3273 1254 3316 seu
1270 3273 1323 3334 per

87 3341 227 3403 theoriam
248 3345 372 3419 evolvit,
388 3343 551 3423 Religionis
564 3345 681 3406 revela·
721 3343 957 3408 antonomasiam
976 3342 1076 3404 Bc'dlio
1090 3340 1212 3414 dicitur,
1231 3357 1322 3418 quarn

87 3434 130 3486 tae
142 3427 327 3488 existentiam
338 3429 455 3507 probat,
472 3438 500 3488 ct
513 3449 571 3490 non
586 3429 680 3490 solum
722 3430 788 3490 ideo
801 3436 880 3488 recte
890 3443 1080 3504 cognoscere,
1089 3423 1322 3487 etseduloscru·

88 3507 163 3570 illius
176 3510 273 3572 sontes
286 3513 428 3590 assignat,
445 3513 495 3574 sed
508 3522 537 3574 et
548 3513 681 3574 eiusdem
722 3513 779 3574 tari
790 3511 972 3587 Tlreologum
989 3509 1086 3569 decet.
1099 3541 1141 3582 -,
1152 3503 1253 3567 Solida
1270 3525 1323 3568 au-

89 3591 302 3674 lnterpretem,
326 3610 355 3657 et
376 3596 504 3658 Iudicem
530 3595 683 3658 authenti·
723 3607 781 3658 tem
802 3601 977 3673 argumenta
997 3592 1136 3672 probant,
1154 3609 1212 3651 non
1229 3599 1320 3650 totam

89 3693 165 3753 turn,
178 3697 212 3738 ac
226 3678 414 3762 infallibilem
431 3681 571 3757 ostendit,
587 3689 618 3741 ut
633 3691 682 3742 tu·
723 3680 886 3742 doctrinam
908 3677 1067 3738 revelatam
1090 3676 1122 3734 in
1140 3673 1171 3735 S.
1188 3672 1323 3752 Scriptu-

90 3767 128 3835 to,
143 3770 172 3821 et
187 3763 252 3822 sine
267 3765 375 3825 erroris
392 3766 522 3844 periculo
538 3763 684 3826 salutares
723 3785 757 3826 ra
775 3761 915 3838 inveniri,
931 3761 982 3822 sed
1003 3761 1114 3833 multa,
1133 3775 1210 3837 quae
1231 3756 1267 3816 ad
1291 3757 1325 3815 ti·

90 3843 238 3906 doctriuae
250 3865 285 3908 ex
297 3847 348 3908 illa
366 3849 432 3908 erui
450 3849 575 3928 possint.
590 3847 684 3911 Hasce
726 3850 792 3910 dem
813 3854 961 3929 spectant,
981 3852 1122 3904 oretenus
1146 3841 1242 3903 solunt
1262 3849 1324 3900 tra·

90 3929 410 3992 autemsaluberrimas
426 3933 574 3994 doctrinas
594 3934 683 4010 eruit,
725 3933 786 3994 dita
815 3931 923 4006 luisse,
948 3947 1024 4009 quae
1052 3924 1238 4007 postmodum
1265 3941 1326 3984 nou

825 1055 914 1100 lllvtsio
928 1053 1069 1110 'l'beologlae
1083 1051 1198 1112 specialis.

138 2317 227 2366 ltivlslo
243 2317 385 2374 Theologiac
401 2319 491 2364 ratione
507 2317 612 2364 emortus.

861 2655 886 2698 Α.
901 2651 1009 2699 subsidia
1024 2651 1174 2707 Theologlae.

90 4019 119 4069 et
136 4031 187 4092 pro
201 4015 345 4076 varietate
367 4016 510 4078 materiae
533 4017 563 4077 in
595 4017 685 4078 variis
724 4018 845 4098 quidem
859 4015 896 4076 ab
908 4011 1089 4074 Auctoribus
1105 4005 1325 4100 hagiographis,

90 4092 250 4176 tiseiptinis
267 4107 427 4178 pertractat
449 4101 600 4182 Theologa'o
618 4119 684 4182 spc·
725 4101 777 4162 sed
793 4100 830 4161 ab
854 4097 920 4160 aliis
937 4097 1085 4169 doctrina,
1106 4101 1136 4153 et
1168 4099 1325 4174 sanctitate

89 4178 178 4242 motu.
726 4181 947 4266 praestantibus
964 4181 1046 4250 viris,
1068 4176 1119 4254 qui
1138 4174 1205 4233 ideo
1224 4173 1327 4232 Eccle-

128 4263 212 4326 Noto.
238 4262 267 4326 Si
286 4265 374 4326 liccat
392 4275 483 4328 totam
500 4267 683 4348 Religionem
725 4271 788 4329 siae
805 4269 910 4328 Patres
929 4274 959 4324 et
976 4264 1113 4324 Doctores
1131 4257 1195 4314 iure
1215 4273 1326 4314 uocau-

118 4365 147 4426 μ)
160 4367 191 4416 CL
205 4371 281 4418 Wicst.
299 4371 319 4432 Ξ.
335 4373 365 4420 to
704 4357 710 4422 Ι
728 4363 787 4425 lura
806 4346 972 4424 “inscripta
991 4351 1070 4402 sum·
1091 4339 1213 4400 comm
1239 4353 1328 4414 prae·
