2960 4734
193 217 255 280 488
591 232 778 279 rusouosunr
797 233 960 279 cananaeus

153 315 308 396 apostolici
319 313 441 378 seminis
456 314 594 378 traduces
605 314 755 377 habent.»
797 333 840 377 se.
858 315 930 378 Inda
945 323 1002 393 est,
1022 317 1101 398 qnod
1113 317 1164 399 qni
1176 317 1242 379 sine
1255 314 1397 382 missione
1462 339 1463 378 t

150 401 182 464 S.
195 401 395 480 Hieronymus
405 399 543 480 (moion
558 419 573 461 c
586 400 618 460 in
630 397 679 460 itia
691 419 758 462 esse
797 399 940 462 honorem
958 402 1016 463 sibi
1030 420 1168 480 arrogare
1183 420 1397 482 praesumpse-
1462 423 1463 470 t

150 483 757 568 Ecclesiupermunendum,quaeabApo-
795 493 876 560 runt,
895 485 1076 568 schismatici
1093 486 1185 547 habiti
1210 495 1293 562 sunt,
1312 503 1347 546 ac
1361 505 1396 549 es

150 569 236 630 statis
256 569 378 632 tundata
397 588 491 650 usqua
510 569 546 631 ad
571 567 649 630 diem
677 568 754 630 hunc
795 587 919 631 numero
939 587 1056 645 eorum,
1073 569 1234 651 dequibus
1250 569 1297 650 (4)
1317 569 1396 632 Deus
1462 565 1463 620 ἲ

150 651 755 734 durat.›S.Aopastinas(E)‹Euctesia
794 651 886 716 dicit:
905 655 974 716 Nan
993 655 1143 717 mittebam
1173 655 1345 732 Prophetas,
1366 663 1403 718 ct
1462 691 1463 694 =

149 736 187 798 ab
199 735 406 817 Apostolorum
424 737 606 818 temporibus
622 755 674 817 per
685 735 756 817 Epi·
794 737 851 816 ipsi
869 739 1038 815 socraticam
1062 757 1125 800 ooo
1143 737 1283 817 loquebar
1301 739 1341 800 ud
1355 739 1402 800 it·-¹

149 839 306 901 scaporum
338 822 542 884 successiones
574 820 755 882 certissimas
794 821 847 899 tos,
867 830 893 883 et
911 823 969 902 ipsi
984 822 1209 902 prophetabant.
1230 821 1271 883 Da
1285 820 1392 882 iisdem

148 906 288 986 usquead
303 915 416 981 nostra,
430 905 610 986 etdeinceps
621 913 754 986 tempora
794 904 925 991 Christus
939 907 987 986 (5)
1005 906 1118 988 inquit:
1144 905 1202 980 Oui
1218 923 1278 966 ooo
1298 907 1394 968 intrat

148 998 328 1069 perseverat,
344 997 373 1052 at
395 989 529 1050 immutat
553 989 614 1052 Deo
632 989 663 1050 in
683 1007 754 1052 cor·
790 1009 847 1070 per
860 990 1010 1053 ostiumin
1025 990 1217 1063 ovitoooium,
1232 991 1285 1051 sed
1294 1007 1398 1051 oscen·

148 1091 220 1155 pore
235 1073 343 1136 Christi
362 1073 538 1135 sacrificium
560 1073 666 1134 tondis.
793 1075 838 1136 dit
848 1075 981 1150 aliunde,
998 1075 1048 1136 ilic
1064 1076 1119 1155 [aar
1132 1081 1185 1149 ost,
1201 1081 1225 1134 ct
1244 1073 1335 1135 iutro.
1355 1074 1398 1136 De

191 1157 221 1218 3.
245 1155 420 1236 Legitimam
449 1156 605 1219 Pastorum
629 1157 752 1220 missio·
793 1158 900 1220 iisdem
932 1159 1065 1240 loquitur
1098 1157 1297 1221 Tertullianus
1326 1159 1397 1238 (6),

148 1257 219 1303 nem
234 1242 432 1304 necessariam
452 1259 529 1318 esse,
544 1259 577 1303 ao
596 1259 695 1304 veram
713 1242 752 1304 A·
794 1242 951 1304 haereticis
971 1242 1153 1304 acclamans:
1177 1239 1281 1312 «Quid
1301 1243 1398 1302 estis?
1462 1257 1463 1304 ξ

148 1325 311 1406 postaticnc
337 1325 488 1388 Euctesiae
507 1334 607 1386 notam
635 1326 750 1387 consti·
793 1327 925 1407 quando,
952 1335 981 1388 et
1007 1325 1086 1387 unde
1105 1325 1242 1388 venistis?
1272 1325 1347 1405 quid
1363 1326 1395 1387 iu
1462 1353 1463 1406 3

148 1419 245 1487 tuere,
267 1409 466 1471 certissimum
486 1418 541 1471 est.
562 1409 635 1470 Nam
652 1429 751 1492 neque
793 1429 860 1472 meo
878 1410 964 1490 agitis
982 1429 1042 1472 non
1064 1409 1150 1471 mei?
1168 1427 1225 1489 quo
1248 1408 1393 1490 deniqne,
1462 1407 1463 1468 5

147 1493 750 1574 inveteri,nuqueiunovoTestamento
791 1493 1147 1574 Marciamiuresptvam
1163 1494 1389 1554 meamcaedis‘.
1462 1531 1463 1562 ,

147 1578 227 1638 uitus
247 1597 377 1658 unquam
392 1577 448 1638 fuit
463 1577 614 1656 legitimus
633 1576 750 1656 Pastor,
792 1598 851 1659 qua
867 1578 1000 1654 licentia,
1012 1575 1180 1651 Valentino,
1196 1577 1296 1638 tontes
1312 1595 1397 1638 meos
1462 1567 1463 1620 Ψ

149 1661 200 1742 qui
219 1680 277 1722 aon
298 1661 386 1723 suerit
407 1661 499 1724 aDeo
517 1662 635 1723 missus:
655 1662 684 1725 iu
699 1681 751 1724 ve·
793 1663 979 1724 transvertis?
1001 1681 1059 1742 qua
1078 1669 1238 1742 potestate,
1260 1659 1395 1740 Apelles,
1462 1677 1463 1738 t

148 1745 205 1806 teri
228 1745 348 1825 quidem
366 1746 466 1806 nultus
486 1745 543 1807 nisi
559 1746 610 1828 qui
626 1745 702 1806 foret
716 1765 751 1808 ex
792 1747 902 1807 tinnites
921 1764 1004 1808 meos
1022 1743 1332 1808 commonesi-—Mea
1351 1755 1409 1806 est·
1462 1739 1463 1762 ¹

149 1829 242 1910 stirpe
255 1829 353 1890 Aaron
366 1829 458 1891 sacris
472 1850 502 1892 se
518 1830 685 1892 immiscere
700 1829 753 1892 de·
793 1831 953 1910 possessio,
974 1831 1044 1892 otim
1062 1829 1210 1912 possideo,
1226 1828 1310 1910 prior
1323 1848 1394 1908 pos·

150 1911 253 1989 bebat,
277 1931 311 1974 ac
331 1932 431 1976 severe
455 1914 577 1994 punitus
597 1914 654 1976 suit
680 1915 751 1996 qui·
792 1914 888 1990 sidae,
918 1913 1013 1976 habeo
1037 1914 1165 1992 origines
1190 1911 1292 1974 firmas
1322 1913 1397 1992 ipsis
1462 1917 1463 2002 t

150 2016 268 2078 cunque
280 2007 439 2060 extraneus
454 1997 609 2060 thuribulo
629 2015 749 2059 manum
792 1997 975 2073 auctoribus,
991 2017 1117 2078 quorum
1133 1997 1188 2058 t'uit
1199 2014 1258 2058 res.
1283 1995 1396 2058 aldam
1462 2055 1463 2076 ,

150 2082 309 2144 admovere
330 2101 421 2144 ausus
448 2083 525 2157 ituit,
546 2091 578 2143 ut
609 2082 753 2164 exemptis
792 2083 883 2143 sentit
900 2083 932 2146 S.
949 2083 1104 2158 Ircttaeus,
1125 2081 1193 2142 dum
1212 2081 1260 2160 (t)
1277 2081 1396 2142 scribit:

149 2163 278 2240 Dathan,
303 2174 332 2228 at
350 2166 435 2242 Gora,
456 2176 486 2228 et
508 2164 595 2228 Ozias
613 2183 751 2245 comper·
795 2166 886 2243 (Eis,
903 2167 955 2246 qui
973 2166 1003 2226 iu
1024 2166 1154 2228 Ecclesia
1168 2173 1250 2240 sunt,
1270 2163 1398 2244 Presby-

151 2258 213 2310 tum
228 2259 284 2328 ast;
298 2249 327 2311 in
342 2269 416 2311 nuovo
429 2250 617 2313 Testamenta
632 2246 662 2310 S.
678 2249 754 2311 Pau·
793 2250 865 2311 teris
884 2250 1028 2312 obaudire
1046 2258 1173 2331 oportet,
1190 2249 1236 2308 his
1255 2249 1308 2329 qui
1330 2269 1397 2310 suc·

151 2333 198 2394 lus
217 2333 266 2413 (3)
294 2334 338 2395 sio
361 2335 553 2415 pronuntiat:
580 2335 642 2398 Neo
667 2333 752 2414 puis-
793 2334 961 2396 cessionem
979 2334 1091 2396 habent
1109 2334 1145 2395 ab
1165 2332 1330 2413 Apostotis,
1345 2332 1397 2413 qui

151 2435 240 2496 potam
261 2419 351 2494 sopit
376 2419 433 2480 sios·
455 2419 607 2492 honorem,
633 2419 684 2480 scd
701 2417 753 2498 pai
780 2419 860 2479 'cum
884 2418 1081 2499 Episcopatus
1109 2417 1299 2479 successione
1321 2417 1396 2478 cha·

150 2509 275 2565 vocator
295 2520 314 2564 o
331 2503 391 2565 Deo
410 2511 552 2581 conpotum
569 2503 694 2566 Aaron:
712 2503 754 2566 sic
792 2502 884 2564 risma
914 2503 1047 2564 veritatis
1081 2511 1195 2564 eertum
1229 2501 1395 2561 secundnm

151 2593 178 2647 et
201 2586 338 2649 Christos
359 2603 421 2648 nos
436 2589 621 2665 semetipsam
638 2587 752 2666 ctarifi·
794 2586 935 2668 placitum
947 2585 1044 2648 Patris
1052 2593 1242 2667 acceperunt.
1253 2583 1397 2666 Ratiquos

151 2671 240 2746 cavit,
254 2677 289 2734 act
305 2671 447 2750 Potaissa
465 2672 559 2750 fieret,
579 2672 629 2732 sed
647 2673 698 2750 qui
713 2673 755 2733 to·
793 2689 875 2745 vero,
896 2670 1106 2750 quiaiasistunt
1124 2689 1140 2730 a
1160 2667 1397 2749 principalisnc-

152 2763 238 2818 cotos
254 2763 295 2818 est
307 2755 437 2818 adeam.-
456 2756 552 2818 Eilios
564 2773 645 2818 uocata
662 2773 691 2817 cs
706 2764 751 2832 to,
794 2755 942 2831 cessione,
968 2763 997 2816 et
1022 2771 1202 2835 quocunque
1220 2753 1288 2814 loco
1308 2753 1397 2813 cotti-

152 2857 204 2920 eyo
222 2840 306 2902 hodic
324 2845 417 2921 penui
435 2848 472 2902 to.
499 2837 531 2901 Si
550 2849 648 2902 antem
667 2838 754 2902 cmi-
794 2847 917 2916 gnntur,
933 2847 1086 2919 suspectos
1104 2837 1228 2911 habere,
1248 2837 1294 2898 vet
1310 2835 1397 2918 quasi

153 2933 216 2984 stus
234 2923 298 3006 ipse
327 2943 387 2986 non
409 2924 474 2986 sine
492 2924 635 2985 missione
658 2922 754 2985 Patris
795 2922 971 2998 haereticos,
992 2931 1022 2984 et
1037 2922 1132 2983 malae
1153 2921 1330 2996 sententiae,
1348 2921 1396 2980 ret

153 3025 264 3069 munus
286 3007 493 3089 propheticum
516 3017 545 3069 et
569 3007 754 3069 sacerdotate
795 3006 879 3087 quasi
899 3006 1081 3084 scindentes,
1111 3013 1140 3067 et
1161 3007 1266 3080 statos,
1292 3013 1321 3065 et
1336 3003 1398 3064 sibi

154 3093 297 3168 exercuit,
310 3093 398 3154 etiam
419 3092 487 3153 novi
505 3091 633 3154 foederis
647 3090 754 3154 Pasto·
796 3092 957 3172 placentes.
981 3109 997 3152 a
1024 3091 1055 3154 S.
1087 3088 1258 3168 Cyprianus
1281 3087 1328 3167 (8)
1356 3088 1400 3149 ait

154 3193 281 3238 resnou
302 3176 366 3237 sine
384 3177 515 3253 legitima
536 3176 677 3238 missione
705 3175 754 3236 di·
795 3175 834 3236 de
851 3174 1020 3248 haereticis:
1043 3193 1060 3236 c
1078 3171 1115 3234 Hi
1129 3180 1208 3248 sunt,
1231 3172 1283 3252 qui
1303 3189 1335 3232 se
1355 3173 1399 3232 ui·

154 3259 209 3320 ctis
228 3261 404 3322 muneribus
422 3260 504 3339 iungi
524 3269 657 3340 possunt.
678 3257 754 3320 Hinc
797 3267 842 3320 tro
859 3259 938 3339 apud
962 3257 1137 3321 temerarios
1163 3274 1314 3318 convenas
1331 3255 1398 3316 sins
1462 3321 1463 3332 ,

62 3373 64 3379 ·
153 3341 241 3405 Rom.
265 3342 306 3421 X,
327 3345 441 3406 theto.
462 3345 583 3404 dicitur:
606 3343 756 3419 mamutio
795 3343 895 3404 divina
913 3343 1108 3423 dispositione
1131 3339 1321 3422 praeficiunt,
1345 3339 1399 3420 qui
1462 3335 1463 3386 i

145 3427 224 3506 'erqo
244 3427 434 3506 inuocabant,
453 3430 486 3490 io
506 3443 591 3506 prtem
607 3445 668 3489 noa
688 3443 754 3490 cra·
780 3446 827 3488 se
844 3427 1028 3508 praepositos
1056 3425 1121 3486 sine
1144 3425 1205 3486 utta
1227 3421 1397 3484 ordinatio·
1462 3425 1463 3490 j

155 3511 313 3575 diducant?
327 3521 379 3576 out
396 3515 538 3592 postmodo
566 3513 685 3575 credent
706 3511 735 3574 ei
745 3559 753 3590 ,
796 3511 843 3572 nis
873 3513 937 3589 tege
968 3509 1150 3586 instituunt,
1187 3507 1238 3589 qui
1275 3507 1400 3568 nemine
1462 3569 1463 3584 ,

155 3613 240 3676 pom
257 3615 319 3658 noo
335 3599 518 3660 audierant?
536 3597 677 3676 quomoda
696 3613 755 3659 ou·
795 3594 1007 3676 Episcopatum
1042 3594 1132 3656 danne
1162 3591 1307 3672 Episcopi
1339 3589 1395 3651 sibi

146 3688 212 3762 {tem
230 3681 352 3744 audient
369 3683 434 3744 aina
447 3681 665 3762 praedicante?
681 3697 755 3760 qoo-
796 3697 905 3741 nomen
924 3686 1091 3741 assumunt.
1110 3695 1126 3738 s
1158 3673 1288 3739 Omnino
1308 3673 1399 3752 igitur

146 3766 240 3830 tmodo
254 3781 323 3830 oero
339 3765 626 3846 praedicabuntaisi
636 3763 758 3828 mittea-
796 3781 919 3826 necasse
948 3771 1014 3842 ast,
1043 3769 1079 3824 ut
1099 3770 1233 3842 pastores
1262 3759 1400 3837 legitima

146 3853 230 3925 ,tart
251 3849 312 3912 tino
338 3850 377 3912 de
403 3867 493 3912 causa
515 3849 623 3930 Ephes.
644 3847 694 3926 tv,
717 3849 752 3910 tt
794 3847 943 3938 gaudeant
954 3845 1108 3909 missione.
1125 3843 1204 3906 Haec
1215 3841 1339 3925 quidem
1353 3861 1402 3903 en·

155 3929 288 3997 Christus
304 3934 425 3997 dicitur:
439 3935 580 4014 occassum
589 3933 755 4014 Apostolos,
796 3931 997 3994 tr'aordinaria
1017 3949 1081 3993 asse
1101 3935 1213 4012 potest„
1231 3926 1276 4004 uti
1293 3925 1352 3987 duit
1372 3927 1403 3986 in

156 4019 297 4097 puosdom
313 4019 577 4099 Prophetas-otios
594 4027 691 4081 autem
701 4035 757 4098 po-
795 4015 960 4097 proptretis,
975 4015 1027 4095 qui
1041 4013 1130 4076 alteo
1142 4011 1179 4074 ad
1191 4011 1401 4073 reformandos

155 4103 756 4179 stores,stdoctorssadcoosummotiooem
795 4099 899 4182 populi
918 4117 1016 4162 mores
1034 4098 1117 4160 missi
1136 4103 1216 4174 sunt,
1234 4102 1264 4157 et
1290 4104 1401 4156 aucto·

155 4194 327 4248 sanctorum
339 4189 373 4249 ita
385 4205 457 4268 opus
467 4185 630 4250 ministerii
640 4185 760 4266 posuis-
819 4203 824 4208 ·
970 4214 973 4222 ·

824 4255 857 4317 (ὅ)
872 4257 942 4304 flebr.
958 4259 980 4315 ὅ,
996 4261 1019 4308 i.
1078 4255 1109 4316 [it
1124 4256 1167 4303 ier.
1178 4255 1217 4314 25,
1227 4253 1267 4300 21.

188 4311 219 4366 (tt
234 4315 259 4357 C·
272 4313 345 4362 ouem
359 4328 410 4375 cap.
427 4318 469 4363 ott.
825 4317 856 4376 (ὅ)
873 4316 905 4364 to.
923 4317 958 4377 to,
974 4317 995 4362 t.
1077 4319 1110 4376 (ει)
1125 4316 1161 4362 tta
1176 4315 1314 4374 Praesurtpt.
1329 4325 1352 4358 c.
1364 4309 1402 4358 tri.

189 4369 617 4432 t2)c.adv.tag,ett’roph.i,n.59
825 4374 856 4428 (Ἰ)
869 4377 894 4423 1..
905 4377 959 4431 t,c.
970 4377 1007 4432 26,
1020 4375 1049 4422 at.
1060 4375 1097 4422 43.
1130 4375 1161 4430 tttt
1175 4374 1200 4420 t..
1213 4373 1245 4420 da
1260 4376 1321 4420 unit.
1338 4371 1401 4419 Ecct.
