2934 4736
200 159 262 228 ²82
584 185 769 238 mosum
789 189 952 237 emmanu

160 277 251 323 causa
269 258 299 320 in
318 257 383 339 ipsa
398 271 538 343 corrupta
556 263 686 332 bominis
705 289 761 332 na·
802 269 896 350 pietas
909 275 1065 349 parentum
1076 265 1107 329 iu
1119 265 1259 343 dlios,ac
1274 263 1413 327 filiorum

160 355 227 408 tura
245 345 405 406 iuvenitur.
432 345 505 408 Cum
532 350 612 411 euim
632 353 762 416 bumana
801 353 831 414 iu
850 361 999 434 parentes.
1019 351 1091 413 ldeo
1118 369 1260 432 persaepe
1289 359 1415 412 statuae

159 430 236 492 ratio
254 447 309 509 per
326 437 479 510 peccatum
503 443 643 516 corrupta
661 449 760 516 esset,
800 437 831 498 iu
847 439 979 519 ipsorum
996 437 1173 518 memoriam
1186 443 1318 510 erectae,
1335 435 1414 496 etin

160 521 190 577 ct
204 515 380 576 sensualitas
397 517 627 596 praevaluisset,
647 523 762 604 quade
801 539 909 599 magno
927 521 1042 582 bonore
1059 519 1180 581 habitae
1196 527 1278 596 suut,
1306 519 1356 580 ita
1381 526 1416 579 ut

160 617 250 660 causa
269 599 407 660 homines
425 599 585 663 difficulter
602 621 635 665 se
657 625 675 666 a
692 624 763 668 sen·
801 605 944 685 paulatim
963 605 1096 667 divinum
1115 603 1188 686 quid
1205 602 1280 684 ipsis
1305 603 1414 664 inesse

159 681 297 747 sibilibus
312 683 348 744 ad
364 701 446 746 mere
464 685 633 765 spirituales
650 708 760 752 eonce-
800 689 974 751 crederetur
996 689 1055 768 (l).
1076 722 1117 732 -
1142 685 1191 749 Sic
1212 695 1315 749 autem
1342 705 1414 748 mor

157 775 227 915 Βίης
252 771 390 844 elevant;
408 768 475 829 ideo
503 770 613 831 lactum
641 781 707 850 est,
727 781 761 835 ut
799 772 954 834 homiuum
968 772 1125 852 stupiditas
1140 789 1321 852 morumque
1343 789 1414 832 cor-

184 871 252 915 cum
277 869 409 935 quoque,
428 869 517 933 quem
537 853 664 918 existere
685 857 759 919 iuti·
799 858 898 938 mptio
915 857 1066 931 excrevit,
1086 866 1120 916 ut
1136 855 1224 917 etiam
1243 855 1410 932 animalia,

129 945 132 953 '
158 957 207 1002 me
224 946 391 1014 senserant,
405 935 435 997 in
451 935 586 998 sensibili
600 941 761 1003 naturavi-
799 942 930 1021 plantae,
948 941 1085 1015 flumina,
1101 939 1241 1015 metalla,
1261 939 1409 1020 lapides,

157 1025 229 1087 dere
241 1023 414 1086 voluissent.
424 1020 589 1084 Erroneam
603 1023 760 1087 bunccon-
799 1035 856 1086 etc.
872 1043 926 1086 ceu
937 1023 1412 1086 divinanuminacolerentur.-

157 1117 275 1190 ceptum
296 1106 425 1169 maxime
439 1107 585 1185 promovit
607 1110 758 1190 corruptio
797 1107 899 1189 Neque
911 1108 1158 1190 praetereundum
1169 1115 1224 1182 est,
1235 1107 1315 1169 mula
1331 1125 1412 1188 quo·

156 1193 337 1270 voluntatis,
362 1191 564 1252 insensuales
591 1192 758 1274 voluptates
798 1211 857 1274 que
870 1202 931 1254 tum
950 1192 1082 1273 physica,
1097 1201 1160 1252 tum
1177 1190 1314 1267 moralia,
1334 1191 1412 1272 qui·

156 1277 324 1342 inordinate
342 1274 479 1335 diffusae.
487 1273 611 1354 Egregie
622 1275 758 1339 iddecla-
798 1276 854 1338 bus
876 1277 1005 1338 mundus
1024 1275 1167 1351 abundat,
1187 1293 1295 1336 novum
1313 1277 1411 1356 polp-

156 1370 203 1424 rat
231 1363 263 1428 S.
288 1358 471 1424 Athanasius
494 1359 545 1440 qui
564 1361 611 1441 (l)
634 1361 755 1440 scribit:
796 1360 917 1422 theismi
934 1378 1029 1440 genus
1051 1359 1234 1440 produxisse.
1261 1356 1301 1420 Ut
1317 1359 1410 1420 enim

158 1465 174 1508 s
203 1445 347 1525 Percepta
378 1443 561 1524 voluptatum
598 1445 757 1526 multiplici
797 1445 916 1506 illorum
932 1453 1090 1506 causamet
1101 1442 1245 1520 originem
1261 1442 1410 1505 homiues

155 1531 268 1612 specie,
289 1537 318 1590 et
335 1533 452 1589 retenta
473 1527 638 1589 divinarunt
656 1548 755 1592 rerum
796 1524 1411 1610 explicarent,cumprincipiobunoprin·

155 1614 318 1689 oblivione,
335 1612 405 1672 dum
425 1611 622 1692 incorporeis
640 1614 756 1676 allecti-
796 1613 907 1693 cipium
927 1614 1038 1674 malum
1066 1611 1302 1685 coniunxerunt,
1326 1611 1409 1673 duos

155 1697 212 1759 bus
228 1698 408 1778 voluptatem
419 1695 563 1772 sentiunt,
578 1729 592 1743 -
607 1715 756 1778 -persua-
795 1695 883 1774 Deos,
904 1695 1015 1759 bonum
1034 1705 1063 1757 et
1088 1695 1197 1756 malum
1213 1741 1222 1772 ,
1241 1703 1406 1756 auctorem

155 1781 226 1843 dent
240 1781 311 1858 sibi,
334 1781 411 1841 ultra
429 1779 558 1841 visibilia
582 1780 657 1842 nibil
675 1801 753 1860 esse,
795 1781 870 1843 lueis
889 1789 917 1842 et
935 1789 1085 1843 auctorem
1117 1777 1311 1841 tenebrarum
1339 1789 1407 1841 sta·

154 1865 206 1927 sed
224 1866 287 1928 sola
306 1865 361 1926 ista
385 1863 532 1925 naturalia
557 1872 589 1926 et
612 1883 755 1946 corporea
795 1874 924 1941 tuentes,
937 1883 1064 1946 quorum
1076 1881 1160 1925 error
1175 1864 1234 1924 iam
1253 1881 1272 1922 a
1291 1862 1409 1925 Zoroa·
1464 1933 1465 1936 Ἴ

154 1949 224 2012 boni
243 1960 377 2011 naturam
397 1948 518 2023 habere;
532 1947 602 2010 irinc
617 1967 652 2012 ex
664 1949 754 2012 rebus
794 1958 875 2025 stro,
892 1948 994 2024 Persa,
1009 1949 1146 2024 traditus,
1165 1947 1356 2023 Doolismus,
1377 1956 1410 2010 et

155 2033 306 2116 corporeis
325 2041 354 2094 et
371 2031 563 2094 sensibilibus
581 2050 641 2094 nnn
660 2053 752 2095 uuum
794 2051 861 2094 cum
876 2031 1220 2109 ablanete,Persa,aevo
1233 2031 1407 2093 christiano
1464 2091 1465 2108 ,

154 2119 212 2181 iam
230 2117 322 2179 Deum
342 2115 400 2178 sibi
415 2117 595 2192 confinxere,
615 2117 667 2178 sed
684 2119 753 2200 plu·
793 2126 1008 2195 renovaretur,
1027 2116 1278 2184 Municlmeismus
1296 2117 1407 2177 nomi·
1464 2135 1465 2206 ,

156 2219 244 2264 res...
264 2201 299 2266 Et
316 2201 412 2284 primo
431 2200 550 2281 quidem
569 2201 664 2278 coelo,
684 2203 751 2280 soli,
794 2211 891 2263 natur.
1199 2268 1202 2274 ,
1329 2202 1335 2223 ‘

155 2287 256 2362 lunae,
272 2285 454 2366 reliquisque
473 2283 565 2346 stellis
576 2283 691 2348 divinos
702 2285 754 2348 ho·
835 2287 924 2350 Noto.
945 2284 1026 2347 inter
1039 2283 1218 2348 recentiores
1229 2282 1318 2344 multi
1335 2283 1406 2366 pbi-

155 2377 528 2432 noresconsecraverunt.r
540 2367 601 2430 Hoc
614 2369 692 2432 idem
705 2380 753 2432 te·
792 2369 953 2450 losophieis
975 2368 1183 2431 reflexionibus
1201 2366 1351 2445 originem
1373 2370 1405 2430 i-

154 2462 249 2517 stotur
266 2455 413 2518 Eusebius
429 2453 492 2534 (2),
512 2453 561 2514 eui
579 2473 752 2534 persuasum
793 2454 967 2516 dololatriae
986 2455 1164 2528 evolventes,
1181 2451 1277 2532 primo
1295 2451 1405 2514 bomi-

153 2547 210 2613 ast‚
229 2545 375 2600 astrorum
394 2538 506 2598 cultum
519 2538 549 2599 in
565 2539 694 2619 Aegypto
709 2539 754 2600 iu·
793 2557 846 2600 ues
864 2539 894 2600 in
921 2547 1028 2599 statum
1054 2546 1200 2612 naturae,
1220 2554 1274 2597 seu
1293 2540 1404 2598 omni-

154 2623 287 2704 cepisse,
304 2631 333 2684 et
347 2621 453 2684 exinde
479 2620 516 2682 ad
538 2620 703 2685 Phoenices
724 2632 754 2684 et
793 2622 899 2683 modae
913 2621 1038 2683 feritatis
1051 2629 1210 2702 reponunt,
1223 2639 1240 2680 a
1251 2637 1312 2700 quo
1325 2621 1403 2683 driu

154 2707 184 2770 in
200 2705 352 2770 Graeciam
367 2704 530 2784 transiisse,
545 2705 753 2786 antiquissima
793 2705 831 2767 ad
853 2706 1085 2781 letiscbismum,
1105 2712 1206 2785 postea
1223 2704 1259 2765 ad
1286 2706 1404 2783 magis-

154 2792 234 2854 enim
251 2791 343 2851 luisse
361 2783 539 2852 Graecorum
560 2790 684 2852 numina
706 2811 753 2854 so·
793 2809 887 2862 mum,
905 2809 940 2852 ao
953 2790 1073 2852 demum
1093 2789 1128 2849 ad
1146 2788 1324 2863 sabismum,
1343 2809 1401 2852 seu
1463 2845 1464 2870 ἶ

153 2876 224 2952 lem,
252 2874 367 2950 lunam,
388 2881 479 2950 astra,
500 2875 615 2935 coelum
639 2883 668 2935 et
691 2883 752 2938 ter·
792 2873 827 2934 ad
852 2874 1055 2952 agnoscendus
1073 2873 1145 2936 deos
1163 2872 1337 2954 personales
1361 2894 1399 2935 a·

153 2959 338 3035 rom,Pluto
355 2958 401 3037 (3)
419 2957 601 3020 latetur.-·-
623 2955 688 3019 Mox
705 2967 752 3020 et·
792 2959 1002 3040 scendunt(5).
1020 2955 1078 3020 Sed
1096 2956 1144 3018 isti
1162 2956 1304 3016 historiae
1322 2975 1401 3018 con·
1463 2955 1464 3020 i

151 3043 210 3104 iam
231 3042 367 3106 homines
390 3042 421 3103 in
447 3040 574 3104 Deorum
593 3059 750 3104 numerum
792 3042 953 3104 tradieunt.
975 3041 1046 3105 Cum
1065 3041 1145 3102 enim
1165 3039 1263 3101 divina
1278 3043 1400 3102 revela·
1463 3029 1464 3065 i

151 3127 256 3203 relati,
285 3135 314 3188 et
339 3125 431 3187 cultui
460 3125 559 3188 divino
586 3127 751 3188 consecrati
792 3126 832 3187 tio
855 3126 961 3188 iamin
980 3124 1149 3206 primordiis
1171 3121 1275 3184 mundi
1294 3124 1396 3203 tacta,

152 3219 233 3288 sunt,
252 3210 331 3291 quud
343 3229 378 3271 es
391 3209 481 3271 variis
499 3209 595 3272 causis
615 3212 748 3290 contigit.
791 3219 820 3271 et
835 3229 887 3291 per
897 3209 1039 3272 Noemum
1054 3216 1213 3292 propagata
1224 3208 1326 3283 luerit,
1337 3219 1399 3270 sta·

152 3291 295 3356 Homines
307 3293 399 3372 enim,
415 3294 534 3372 ingenio
547 3303 576 3356 et
594 3294 751 3356 dexterita-
791 3304 837 3355 tus
857 3303 993 3370 naturae,
1011 3313 1063 3357 seu
1079 3291 1266 3354 omnimodae
1285 3291 1395 3353 teritu-

153 3385 181 3440 te
204 3377 387 3452 eminentes,
408 3379 453 3439 vel
472 3378 574 3456 etiam,
594 3387 627 3441 ut
645 3379 750 3441 maiori
791 3378 827 3439 tis
842 3377 1033 3456 imaginarius
1052 3385 1107 3451 est,
1126 3377 1229 3437 saltem
1244 3375 1275 3436 in
1292 3394 1393 3456 popu-

152 3462 328 3524 auctorilate
346 3462 412 3524 aliis
426 3460 625 3543 imponerent,
646 3462 749 3542 singu·
790 3463 826 3524 lis
848 3461 1012 3544 proxime'a
1025 3460 1129 3522 Noemi
1140 3459 1252 3521 familia
1266 3459 1393 3522 descen·

151 3545 243 3606 larem
263 3564 330 3606 eum
343 3545 405 3607 Diis
415 3546 644 3608 familiaritatem
659 3547 752 3609 simu·
789 3545 941 3623 dentibus,
952 3545 983 3607 iu
997 3544 1117 3626 quibus,
1130 3551 1162 3604 ut
1174 3543 1259 3619 solet,
1272 3543 1393 3605 sulum·

150 3629 259 3702 lantes,
280 3639 345 3710 post
362 3637 485 3691 mortem
501 3629 639 3693 arudiori
657 3650 751 3712 popu·
790 3630 879 3692 modo
898 3630 1077 3712 pedetentim
1103 3626 1254 3690 doctrinae
1271 3629 1393 3689 revela·

151 3714 180 3776 lo
209 3732 262 3778 ceu
282 3713 380 3776 divina
408 3713 531 3777 numina
557 3715 649 3778 babiti
667 3723 746 3778 sunt.
790 3723 836 3776 tae
856 3715 999 3786 memoria
1017 3712 1169 3774 obliterari
1187 3710 1296 3792 coepit.
1314 3709 1394 3774 Dein

150 3797 313 3880 Apotheosi
350 3798 439 3860 etium
477 3798 616 3862 hincinde
646 3817 747 3860 ansam
789 3806 981 3860 monumenta
993 3795 1316 3871 lristoricaostendunt,
1331 3797 1394 3876 pri-

120 3941 122 3950 ,
150 3882 287 3965 praebuit
311 3892 432 3946 rnutuus
459 3883 617 3962 coniugum
641 3901 747 3959 amor,
790 3902 838 3944 mo
857 3883 962 3958 sulem,
980 3882 1080 3944 lunam
1094 3888 1224 3956 clastra,
1247 3897 1325 3959 quae
1350 3879 1388 3941 ob

154 3967 241 4030 timor
259 3987 329 4048 erga
344 3985 428 4046 reges
447 3967 687 4050 potentissimus,
704 3968 748 4030 vel
789 3967 932 4045 fulgorem
953 3975 982 4027 et
1000 3965 1164 4042 regularem
1183 3971 1297 4024 motum
1319 3963 1391 4025 ani-

148 4052 296 4128 grutitudo
315 4052 346 4113 iu
368 4051 519 4134 principes
547 4051 696 4114 beneficos
720 4061 750 4115 et
789 4060 879 4126 mata,
900 4049 1014 4112 ratione
1033 4047 1166 4130 praedita
1187 4066 1222 4108 ae
1247 4065 1392 4128 persona·

819 4149 849 4204 (t)
864 4149 888 4194 V.
899 4149 993 4195 calmet.
1003 4148 1092 4194 dissert.
1101 4147 1130 4193 de
1140 4147 1231 4205 origiue
1241 4145 1390 4192 ldololatrlne

192 4204 212 4254 ll
227 4205 251 4252 ln
266 4209 327 4254 ocul.
342 4208 393 4255 cdv.
409 4209 475 4254 (tent.
788 4206 818 4252 ad
833 4207 872 4253 lib.
883 4208 936 4266 Sap.

189 4265 201 4306 ‘t
227 4263 307 4324 l'roep.
322 4279 358 4313 av.
371 4268 385 4312 l.
402 4266 423 4324 i,
439 4277 460 4311 c.
476 4265 490 4310 o
506 4265 550 4310 stc.
565 4263 588 4309 9.
818 4267 848 4323 (ὅ)
865 4265 890 4312 ν.
904 4266 1080 4313 standenmater
1094 4263 1280 4322 Enovlrlopaedle
1296 4262 1318 4322 l,
1332 4264 1356 4308 ll.
1369 4261 1388 4314 Ι.

189 4321 202 4364 5
226 4322 250 4367 ln
267 4325 355 4383 unoquo
371 4337 408 4382 up.
425 4323 500 4372 liuseb
789 4325 832 4370 rn.
847 4325 868 4384 l,
881 4325 947 4372 antu.
963 4327 1051 4383 Analpt
1062 4325 1106 4370 'lin
1121 4325 1143 4384 2,
1159 4323 1225 4370 nutu.
1239 4321 1261 4382 l.
1272 4321 1319 4368 219
1329 4325 1377 4369 etc.
