2910 4732
593 237 688 282 curun
708 237 731 280 r.
1202 221 1238 286 ll

43 320 121 384 liccat
143 319 431 382 excellentissimam
457 337 541 394 esse,
566 337 644 398 quae
662 328 667 404 p
684 314 794 377 sclrolis
805 311 984 376 nostrisuon
1002 314 1044 376 ita
1062 315 1177 397 pridem
1193 337 1282 400 proe-

43 407 173 466 reritates
193 406 327 466 maxime
351 404 498 465 sublimes
518 404 555 464 ele
568 402 642 479 ileo,
683 397 1139 480 scripturn,ambaeconinnetae
1153 412 1234 482 sunt,
1247 425 1283 466 ae

43 490 181 568 regnique
192 490 291 567 ipsius
301 489 422 549 moralis
432 487 644 548 constitutione
684 485 751 544 ideo
770 483 1081 546 convenientissimum
1098 505 1163 548 osse
1180 505 1283 552 cense-

43 573 226 651 pertractat?
243 607 287 618 —
305 579 362 632 l⁵ro
381 572 486 652 quovis
502 570 645 634 Christia-
684 581 744 641 tur,
761 579 793 627 ut
808 567 981 629 veritatibus
996 569 1064 628 lldei
1082 571 1283 654 eiteeompro-

43 674 77 716 no
88 658 200 716 summi
216 657 351 735 prolecto
366 656 511 718 momenti
520 665 565 716 est
579 656 643 716 cla·
685 653 761 714 batis
774 653 852 712 illico
864 652 1098 712 adversariorum
1117 661 1283 720 sententiae

44 758 84 813 ra,
101 752 131 800 et
149 739 249 801 solida
264 741 394 818 cognitio
414 741 643 800 theoretiearnm
684 737 903 798 soliinncrntnr
919 744 949 796 et
970 737 1161 798 coriluteutur
1178 739 1238 818 (ἱ).

46 821 208 900 Religionis
223 826 400 900 veritatum,
416 843 494 904 quae
515 843 575 884 non
593 842 643 883 su·
933 857 963 928 ς.
984 864 1035 912 Η,

46 908 102 968 lum
117 911 255 968 omnium
268 909 433 968 officiorum
453 910 645 968 lirndameuta

47 994 242 1067 constituunt,
262 991 419 1052 sedetiam
442 992 645 1053 efficacissima
665 996 667 1049 i

47 1077 221 1136 moralitatis
244 1078 353 1136 motiva
379 1080 411 1136 in
429 1096 460 1136 se
477 1077 642 1136 continent.
740 1075 776 1132 A.
796 1072 895 1136 Notio.
915 1069 1063 1158 Scientio,
1082 1089 1159 1152 quae
1187 1075 1283 1136 ollleiu

48 1157 562 1237 -IlcrnumTheologiadogmatica
576 1177 643 1220 cunr
687 1156 804 1237 pietatis
824 1165 1004 1235 pertractat,
1020 1176 1074 1216 seu
1096 1176 1173 1237 quae
1197 1158 1282 1220 tlteo·

49 1241 343 1324 reliquisdiseiplinis
353 1243 527 1322 theologicis
541 1245 646 1304 intime
687 1245 761 1302 riam
780 1243 817 1301 de
836 1240 915 1314 lieo,
936 1242 1078 1320 regnique
1104 1242 1199 1321 ipsius
1216 1261 1284 1303 mo-

49 1325 198 1401 cobaeret,
217 1329 271 1400 ita,
287 1337 320 1387 nt
337 1328 499 1388 earundem
517 1328 562 1388 rel
585 1348 646 1386 rna·
688 1327 758 1386 ruiis
782 1325 994 1385 constitutivae
1016 1325 1055 1386 ad
1079 1344 1213 1386 neronam
1237 1329 1283 1388 oi·

49 1419 100 1482 ter,
120 1413 164 1470 rel
183 1412 306 1486 rectrix,
327 1413 370 1472 rel
389 1423 490 1473 custos
508 1413 572 1471 iure
591 1431 645 1492 ap·
686 1410 771 1469 rendi
791 1409 937 1488 applicat,
959 1409 1113 1488 lbeolopiu
1135 1411 1282 1488 preterita,

48 1495 240 1572 pellemu-
260 1494 320 1556 Nee
340 1497 492 1575 llteolopin
507 1497 647 1575 polemico
688 1493 1104 1572 senatorulicdieitnr,qune
1124 1495 1284 1556 ornniinre
1337 1521 1340 1530 ¹

49 1597 99 1636 suo
114 1581 212 1657 pretio
231 1590 324 1653 earet,
340 1599 417 1659 quae
435 1592 537 1640 contra
551 1581 647 1640 verrios
689 1598 755 1638 curn
774 1579 816 1638 Cl.
837 1578 922 1656 Stapt'
938 1576 1053 1637 deliniri
1070 1587 1165 1656 potest
1186 1598 1286 1641 -so·

49 1678 125 1722 omni
148 1663 647 1740 ternporegliscenteserrorcslir-
690 1664 748 1722 lido
778 1671 807 1721 et
834 1664 950 1722 erudita
980 1663 1124 1739 expositio
1159 1681 1284 1738 eorum,

50 1763 126 1804 mum
148 1747 331 1825 praesidium
351 1750 486 1828 praebet,
506 1767 582 1828 quae
600 1757 647 1810 et·
689 1767 765 1826 quae
781 1763 835 1806 nos
854 1746 934 1806 iuxta
954 1745 1128 1819 dictamina,
1147 1755 1177 1806 et
1197 1748 1287 1808 insli-

50 1831 103 1888 iam
123 1849 158 1890 ex
174 1831 237 1908 ipsa
255 1836 459 1910 oppositurum
475 1833 648 1893 considera-
691 1843 753 1890 tuta
772 1829 932 1906 lleligiours
953 1837 1071 1890 nostroe
1088 1849 1174 1906 agere
1194 1849 1287 1911 opor·

49 1913 126 1973 tione
147 1915 326 1986 claritatem,
345 1929 374 1975 et
396 1917 575 1985 soliditatem
595 1937 647 1976 en·
691 1924 743 1988 tet,
763 1924 795 1974 nt
812 1914 901 1974 linem
919 1921 1053 1974 nostrum
1069 1914 1205 1976 ultimum
1222 1915 1288 1976 leli·

49 1999 215 2072 gnitionurn
230 2009 329 2073 anget,
346 2011 373 2059 et
393 2001 557 2061 adrentum
578 2002 649 2061 clin-
690 2002 764 2060 citer
782 2015 1011 2077 consequamur.

49 2092 191 2142 meterem
213 2083 409 2159 theologicum
443 2087 545 2158 ducit,
564 2090 650 2146 euius
730 2079 1081 2156 omnipotentens
1104 2083 1236 2157 moralis,
1255 2093 1288 2144 ut

51 2175 92 2225 est
110 2177 140 2224 et
157 2167 346 2226 adrersarios
361 2170 530 2244 dogmatum
541 2189 651 2247 eogno-
692 2165 1139 2242 inuueresuoritedelongatur,
1150 2185 1207 2227 uon
1220 2177 1288 2228 tan-

52 2267 144 2321 scere,
165 2262 258 2329 atque
277 2254 425 2328 rel'ellere,
445 2266 474 2314 et
490 2273 552 2314 rem
565 2274 598 2314 cx
618 2274 651 2314 o·
692 2262 752 2314 turn
760 2252 884 2314 solidam
894 2250 1056 2310 officiorum
1064 2258 1230 2312 nostrorum
1238 2270 1290 2312 no·

53 2333 112 2392 mni
133 2347 218 2413 parte
238 2335 439 2397 considerare.
449 2337 512 2399 Non
525 2340 651 2400 satiser-
693 2336 798 2410 titium,
811 2335 862 2395 sed
874 2343 970 2413 aptam
985 2352 1103 2413 quoque
1115 2335 1288 2396 methodum

51 2435 85 2493 go
100 2415 281 2493 'llreologiae
299 2419 651 2502 dogmatico-polemone
690 2419 829 2482 exhibere
841 2417 1291 2497 debetclnistionamperlectio-

53 2501 180 2560 studimn
201 2503 336 2562 ministro
350 2523 434 2565 saeco
449 2507 650 2567 commendari
690 2523 757 2566 nem
778 2504 905 2564 lelieiter
930 2502 1114 2581 acquirendi.
1138 2499 1218 2563 Unde
1236 2521 1289 2565 sua

54 2594 160 2663 potest,
181 2603 270 2664 quem
296 2598 396 2648 monet
413 2588 534 2665 Pacius,
553 2602 650 2670 utpo-
691 2589 774 2668 quasi
783 2599 889 2668 sponte
898 2585 930 2645 in
941 2586 1015 2648 duas
1022 2595 1120 2665 partes
1133 2587 1208 2663 abit,
1220 2588 1289 2648 l:in

57 2672 171 2730 tenerit
189 2671 343 2734 enbortori
361 2676 394 2734 io
412 2675 547 2736 doctrino
563 2694 650 2751 suno,
692 2674 839 2746 Ettritum,
859 2689 912 2732 seu
938 2671 1093 2731 seientiam
1125 2672 1289 2733 officiorum

57 2762 80 2814 et
97 2769 143 2814 eos
157 2754 209 2832 qui
226 2758 432 2820 contradicent
446 2777 574 2838 orprrere
592 2762 651 2838 (l).
695 2757 808 2819 hornini
827 2745 1083 2826 incumbentium,
1100 2763 1129 2814 et
1145 2754 1175 2814 ⁰2.
1196 2755 1225 2815 in
1244 2756 1290 2817 Α·

93 2837 182 2899 Noto.
197 2837 331 2898 Fuerunt
344 2843 655 2923 nonnulli,quineo·
692 2843 799 2914 acesio,
815 2859 867 2900 seu
886 2849 991 2912 ortem,
1011 2858 1069 2918 quo
1087 2838 1192 2898 officiis
1211 2840 1291 2917 opti-

56 2919 161 2996 logiam
183 2924 360 3001 polemicum
380 2929 538 3006 separatim
562 2930 653 2990 ado·
695 2946 742 2986 me
758 2925 907 3000 satisfieri,
927 2933 956 2984 et
973 2922 1134 2983 christiano
1149 2921 1291 3002 perfectio

56 3007 181 3080 ginatica
199 3008 371 3068 tradendam
386 3022 577 3073 censuerunt.
598 3012 655 3074 Sed
695 3010 835 3070 facillime
858 3007 973 3088 acquiri
996 3009 1101 3086 possit.
1124 3037 1166 3050 -
1187 3005 1292 3068 Ethiea

57 3106 154 3164 aegre,
167 3093 655 3174 autinpotestirasetungitneo-
697 3097 725 3154 in
743 3093 918 3173 pecoralem,
939 3101 968 3153 et
985 3091 1160 3170 applicatam
1183 3090 1293 3152 dividi-

58 3171 131 3247 logia
150 3174 349 3250 dogmaticae
370 3179 526 3256 polemico,
542 3181 654 3242 ntdum
698 3189 755 3238 tur:
782 3179 832 3238 illu
859 3185 920 3238 tum
940 3177 976 3236 de
1004 3175 1068 3253 ipsu
1086 3176 1150 3252 lege
1169 3175 1291 3249 irrorali,

58 3274 115 3315 urin
133 3269 307 3336 argumenta
333 3281 387 3321 suo
414 3265 585 3326 adcuratius
604 3285 655 3326 err-
698 3274 758 3322 tum
778 3263 814 3322 do
837 3271 937 3322 nostra
960 3259 995 3320 nd
1021 3259 1115 3338 ipsum
1149 3260 1293 3321 relatione

59 3340 150 3417 ponit,
171 3362 201 3401 ιιι
222 3361 360 3422 campum
384 3347 507 3408 alterius
523 3368 582 3409 noo
603 3369 656 3410 er·
698 3345 876 3406 universalia
893 3345 1039 3424 principio
1056 3345 1179 3419 statuit3
1200 3343 1295 3424 appli-

59 3435 165 3487 cuerat.
188 3423 264 3486 Sunt
281 3429 360 3488 enim
377 3433 656 3494 sententiaeortbo-
697 3443 762 3491 cetu
780 3449 849 3490 reru
869 3429 940 3489 lroee
968 3428 1071 3488 endem
1090 3427 1235 3508 principio
1258 3428 1293 3490 ad

59 3509 147 3569 dorae
172 3511 214 3569 ita
242 3512 416 3590 colligatae,
437 3536 471 3576 ae
485 3517 657 3596 implicitae
698 3515 812 3591 singula
831 3513 927 3574 olliciu
945 3511 1075 3574 deducit.
1100 3511 1171 3574 Cum
1192 3511 1295 3574 Etbico

59 3595 176 3671 saepius
196 3595 432 3659 aduersariorum
452 3600 656 3679 opinionibus,
700 3601 802 3658 intime
824 3597 975 3672 cohaeret,
992 3605 1021 3656 et
1039 3596 1076 3656 ab
1091 3597 1154 3672 illa,
1175 3597 1199 3656 si
1217 3597 1295 3658 clare

61 3685 91 3735 nt
111 3678 176 3738 sine
197 3680 243 3738 lris
261 3681 402 3759 explicari
431 3684 512 3758 illae,
528 3695 578 3746 aut
593 3686 658 3765 ple·
699 3695 725 3744 et
752 3683 863 3742 militer
886 3681 961 3741 trudi
991 3679 1115 3754 debent,
1139 3681 1184 3742 vix
1206 3699 1295 3760 sepo-

61 3779 95 3820 ne
113 3761 241 3840 intelligi
269 3767 392 3827 minime
411 3769 537 3845 possint.
556 3767 658 3848 Neque
700 3764 1296 3846 ruripotest'l'lreologiacosoidt'eu,(puae

61 3843 125 3904 fidei
150 3847 289 3923 dogmata
307 3850 379 3922 rite,
401 3859 433 3912 ut
461 3861 589 3931 oportet,
609 3865 660 3914 aut
701 3854 779 3928 leges
798 3850 924 3910 niorales
939 3848 975 3910 ed
987 3859 1066 3910 centu
1080 3849 1234 3910 bominum
1248 3849 1296 3908 la·

62 3930 194 4008 expedite
222 3951 310 4014 nosse
333 3935 500 3998 censendus
517 3946 580 4012 est,
608 3937 659 4017 qui
700 3945 746 3996 eta
766 3934 913 4014 applicat,
932 3941 1021 4012 atque
1040 3952 1110 3993 ιιιιιιι
1127 3933 1207 3994 licitu
1224 3933 1296 4005 sint,

63 4014 235 4094 praecipuas
256 4015 491 4080 adversariorum
512 4020 659 4082 obiectio·
701 4038 738 4078 nn
758 4017 868 4078 minus
883 4016 1030 4091 honesta,
1058 4035 1096 4077 un
1121 4017 1216 4095 turpia
1234 4015 1296 4076 dis-

63 4115 112 4156 nes
121 4098 287 4174 incognitas
303 4099 404 4176 habet,
416 4112 468 4163 aut
480 4103 550 4182 quid
568 4103 605 4166 iis
616 4124 661 4165 re·
701 4102 803 4181 quirit.
826 4135 869 4148 -
890 4101 1008 4162 llseesis
1027 4101 1203 4175 sublimior,
1222 4117 1297 4180 qnae

63 4181 265 4272 spondendum
281 4185 319 4244 sit
333 4185 443 4264 oppido
461 4186 588 4262 ignorat.
608 4185 662 4248 Sa·
702 4186 879 4263 singularem
898 4203 966 4245 eum
994 4182 1055 4243 Deo
1076 4184 1217 4242 unionem
1242 4183 1298 4243 do·

64 4265 152 4342 picoti
167 4265 258 4342 igitur
276 4273 414 4345 consilio,
434 4270 514 4332 iuxta
533 4281 661 4352 systema
733 4318 764 4376 42)
780 4319 845 4372 ren—r
860 4319 929 4363 mm
945 4318 1026 4362 „wop
1042 4318 1120 4371 dogm·
1134 4318 1159 4362 T·
1172 4319 1190 4364 Ι.
1204 4313 1224 4371 p·
1235 4319 1256 4362 3·
1268 4314 1300 4361 ss

89 4371 119 4428 tt)
135 4373 182 4419 tit·
197 4371 220 4434 -Ι,
236 4376 257 4420 9-
702 4379 855 4426 tterromunn
870 4379 896 4423 r.
912 4379 927 4423 ι.
942 4377 961 4432 e.
979 4379 999 4418 ι.
1015 4387 1036 4418 n.
1051 4376 1072 4421 u.

871 967 1006 1022 l'lreologiuu
1022 969 1146 1026 practicae.
