2962 4736
454 233 528 280 rans
550 234 594 280 ur.
613 231 717 278 enemo
738 232 770 278 n.
794 231 888 278 error
908 229 940 276 r.
1210 211 1269 274 tet

104 311 192 394 Reep.
213 311 390 376 Hoecrerba
408 311 460 376 SS.
471 313 574 375 Patres
593 331 671 374 sern-
710 310 813 372 obrem
831 309 882 371 illa
902 316 1016 370 tantum
1042 306 1100 371 dici
1123 313 1221 390 potest
1242 326 1310 371 rere

1 417 3 452 f
59 415 120 479 per
138 398 180 460 ite
198 397 381 474 intellexere,
404 397 484 480 quod
507 398 539 460 in
568 396 670 458 multis
709 393 841 456 Ecclesia
858 392 979 470 Christi,
1008 411 1084 475 quae
1112 411 1253 471 ornnem,
1284 402 1312 456 et

1 503 3 538 r
61 481 155 558 fides,
170 482 328 563 praecipue
342 483 406 544 vira
421 491 451 544 ct
462 483 576 557 efficax,
592 480 672 543 dele·
709 478 801 540 solam
822 477 985 539 doctrinam
996 475 1205 558 Apostolorum
1219 485 1310 541 tenet.

57 573 148 626 ctera
166 565 215 643 sit,
235 566 311 646 quod
332 566 417 629 multi
432 566 469 629 ab
487 565 669 628 Antichristo
752 561 782 623 t.
800 561 932 626 Christus
950 579 1037 642 porro
1051 560 1141 623 etiam
1151 560 1321 642 imperium.
1396 635 1398 641 Ι

1 683 2 688 1
57 648 181 710 seducti
208 649 245 710 ab
263 650 396 712 Ecclesia
419 649 594 725 discedent,
624 649 669 709 rel
709 657 825 708 sacrum
855 645 885 708 in
912 644 1046 708 Ecclesia
1073 662 1127 705 sua
1155 644 1310 722 instituit,

57 733 168 794 saltem
182 732 213 796 iu
223 734 414 797 solitudinem
427 734 551 812 fugient.
568 732 671 796 Eccle-
710 729 788 810 quod
806 729 954 812 Apostolis
972 729 1012 791 ita
1031 727 1163 803 tradidit,
1183 736 1217 789 ut
1234 728 1314 790 inter

58 817 108 879 sia
123 835 194 879 vero
218 836 274 879 non
293 817 422 896 deiciet3
448 817 580 898 alioquin
600 835 668 877 curn
709 814 776 887 illos
788 833 876 890 unus,
893 811 1133 890 scilicetPctruS,
1146 810 1311 874 Primatum

1 955 2 962 ,
58 899 668 982 postAntichristiclademgentesomnes,
709 904 825 960 teneret
852 897 936 980 (Cap.
961 895 1025 978 lll).
1051 895 1113 958 Hoc
1134 905 1233 959 autem
1252 897 1320 958 im·

1 1015 3 1047 a
59 992 93 1045 et
111 983 216 1046 ludaei
241 984 296 1066 ipsi
319 985 509 1047 convertendi
528 985 565 1048 ad
583 983 670 1048 Chri·
710 982 839 1063 perium,
860 982 938 1062 quod
952 981 984 1043 iu
1007 980 1140 1043 Ecclesia
1166 988 1311 1062 perpetuo

60 1077 142 1129 stum
156 1069 227 1144 sint,
241 1087 337 1131 reram
347 1069 509 1132 Ecclesiam
524 1069 607 1131 nulla
619 1087 670 1130 ra·
710 1066 813 1127 adesse
825 1065 925 1142 debet,
941 1064 1061 1128 nonnisi
1080 1083 1133 1145 per
1149 1066 1313 1135 successio-

60 1151 145 1214 tione
158 1152 359 1216 internoscere
375 1154 503 1236 amplius
518 1161 651 1234 possent.
711 1166 778 1211 nem
797 1149 834 1211 ab
845 1149 994 1231 Apostolis
1008 1148 1101 1229 repeti
1118 1156 1224 1229 potest.
1235 1147 1314 1212 Vera

351 1293 354 1300 ,
711 1251 780 1312 ergo
797 1233 931 1296 Ecclesia
955 1232 1063 1296 Christi
1088 1231 1139 1294 illa
1161 1252 1226 1295 esse
1252 1251 1326 1296 non-

298 1293 328 1364 3·
350 1297 426 1348 ²⁸⁸·
634 1387 637 1398 Ι
712 1326 915 1398 potest,quae
937 1316 1105 1378 nonhabet
1126 1325 1314 1379 successores

1 1469 2 1472 ,
165 1405 167 1412 ’
186 1391 222 1439 ¹V·
236 1393 269 1440 ⁰⁶
284 1395 341 1440 ΝΜ
355 1395 545 1454 ΑΡῠῦίθῑῐθΜὴ·
711 1402 931 1482 Apostolorum,
952 1419 987 1462 ac
1006 1399 1179 1481 praesertim
1199 1419 1315 1464 succes·

1 1523 2 1558 3
106 1485 242 1550 Christus
256 1485 416 1548 Ecclesiam
429 1505 513 1547 suern
528 1502 582 1565 per
593 1481 672 1564 Apo·
712 1504 808 1547 sorern
826 1484 917 1548 Petri.
938 1482 1316 1548 Caretenimtuneneces·

1 1619 2 1628 ,
64 1572 161 1634 stolos
180 1569 323 1646 fundarit,
342 1570 374 1631 in
392 1570 501 1652 quihus
519 1579 580 1630 tum
605 1586 671 1628 ma·
712 1569 790 1632 saria
808 1569 843 1631 ad
858 1569 1027 1648 dirigendos
1041 1568 1142 1630 fideles
1156 1577 1312 1650 potestate,

1 1693 3 1728 ÷
65 1655 223 1735 gislerium
244 1654 445 1716 authenticum
464 1663 494 1716 et
514 1651 671 1714 infallibile
712 1653 772 1714 imo
787 1672 824 1714 ne
843 1653 1003 1732 legitimum
1021 1652 1140 1732 quidem
1158 1652 1193 1714 ad
1208 1653 1316 1714 docen-

1 1777 4 1812 2
64 1738 154 1820 (Cap.
183 1737 245 1818 ll),
272 1747 334 1800 turn
360 1739 519 1819 imperium
552 1753 670 1798 sacrum
712 1737 782 1798 dum
796 1737 969 1802 missionem
988 1736 1046 1798 sihi
1061 1735 1211 1798 vindicare
1225 1738 1313 1820 ualet.

1 1891 3 1899 ,
64 1823 154 1905 (Cap.
170 1821 223 1904 ΙΙΙ)
237 1822 376 1885 instituit.
389 1822 516 1884 Necesse
530 1838 600 1900 ergo
612 1837 674 1880 om·
712 1821 786 1882 llinc
800 1822 978 1898 factumest,
992 1820 1097 1881 utiam
1114 1820 1315 1902 antiquissimi

63 1908 143 1971 nino
156 1915 212 1984 est,
226 1915 258 1968 ut
273 1925 340 1968 vera
353 1906 487 1970 Ecclesia
501 1903 672 1986 Apostolico
711 1904 814 1966 Patres
827 1924 879 1986 per
892 1904 1207 1985 haneApostolicitatis
1216 1913 1315 1966 notam

2 2027 7 2050 r
65 1990 200 2052 dicatur.
230 1989 347 2054 Fideles
374 1991 440 2052 ideo
466 1988 544 2070 Epir.
564 1987 610 2063 ll,
630 1987 672 2049 20
714 1998 776 2050 tum
806 2007 907 2051 reram
937 1987 1102 2068 Ecclesiam
1133 1988 1315 2071 probarent,

1 2118 8 2153 2.
66 2074 216 2136 dicuntur
230 2075 467 2155 superaedificati
483 2090 574 2153 snper
596 2074 672 2154 futt-
714 2083 776 2135 turn
803 2074 891 2136 salsas
920 2072 1146 2135 haereticorum*
1169 2072 1318 2134 Ecclesias

1 2199 8 2238 p
68 2160 245 2222 dementem
266 2159 496 2238 Apostolorum,
522 2165 552 2220 et
578 2156 670 2237 Apoc.
714 2156 1315 2238 confutarentnSieS.lrcneens(l)dieit:

2 2287 4 2293 .
65 2239 146 2318 xxi,
169 2243 222 2321 ll,
238 2241 290 2302 uhi
302 2242 434 2305 Ecclesia
455 2240 568 2304 civitati
587 2258 673 2301 eom·
715 2241 804 2305 (Nos
822 2241 994 2324 (Catholici)
1024 2241 1169 2304 hahemus
1192 2260 1318 2304 enume-

67 2332 206 2408 paratur,
229 2325 348 2388 dicitur:
369 2327 527 2395 Etmnrrts
545 2323 675 2392 civitatis
713 2345 780 2388 rare
797 2346 860 2403 eos,
888 2327 941 2408 qui
964 2327 1001 2388 ab
1022 2326 1171 2408 Apostolis
1189 2324 1319 2388 instituti

68 2411 180 2474 leodem
196 2411 393 2490 fundamento
414 2410 577 2485 duodecim,
596 2409 674 2472 etin
714 2418 783 2472 sunt
801 2409 941 2493 Episcopi
963 2410 994 2472 in
1014 2409 1166 2487 Ecclesiis,
1191 2418 1222 2472 et
1248 2427 1319 2472 sue-

70 2495 147 2575 ipat's
158 2494 309 2557 duodecim
323 2495 448 2558 nemine
461 2494 614 2558 duedecim
628 2491 675 2556 A·
714 2511 848 2557 cessores
871 2514 975 2558 eorum
993 2512 1088 2576 usque
1106 2494 1143 2556 ed
1173 2513 1269 2570 nos;›
1289 2493 1318 2555 id

1 2629 4 2637 ,
68 2579 266 2660 postoloram.
287 2575 326 2640 Ut
343 2584 441 2640 autern
460 2576 594 2640 Ecclesia
607 2592 675 2638 rere
714 2578 823 2642 deinde
836 2578 867 2640 in
880 2579 980 2661 specie
997 2577 1126 2640 ostendit
1139 2577 1175 2640 de
1187 2577 1321 2640 Ecclesia
1354 2634 1355 2638 ,

1 2727 3 2734 1
67 2661 242 2742 Apostolica
257 2661 317 2723 diei
333 2663 437 2744 possit,
452 2661 628 2743 requiritur,
641 2668 675 2720 ut
714 2661 861 2738 Romana,
881 2683 914 2725 ac
945 2662 1066 2730 demum
1087 2661 1249 2737 concludit,
1269 2679 1323 2741 per

2 2795 8 2807 .
67 2763 200 2823 omnem,
226 2753 254 2808 et
278 2746 370 2808 solem
399 2748 566 2810 doctrinam
593 2743 674 2824 Apo·
716 2746 792 2807 hanc
803 2746 1023 2808 successionem
1041 2745 1203 2807 haereticos
1218 2762 1322 2806 omnes

1 2887 2 2894 ,
67 2830 215 2894 stolorum
237 2837 345 2907 tenent,
360 2829 674 2910 suceessoreeAposto-
716 2829 869 2892 contundi.
884 2865 926 2876 —
946 2829 1146 2892 Tertullianus
1158 2825 1204 2910 (5)
1218 2827 1323 2889 haere·

1 2914 9 2982 ζ,
69 2915 172 2978 mum
188 2915 301 2991 hebent,
322 2921 352 2976 et
375 2916 411 2978 de
426 2915 558 2995 ¹lepitimd
575 2920 675 2994 peste·
717 2914 783 2976 ticis
801 2915 962 2976 acclamat:
986 2913 1112 2976 (Edant
1127 2911 1256 2990 origines
1268 2911 1324 2974 Ec-

1 3003 4 3067 ’,
69 3015 144 3063 ram
158 3015 281 3061 morum
296 2998 584 3080 missionependent.
716 2998 873 3061 etesiarum
892 2995 1322 3072 suarum,erolvantordinem

1 3087 11 3145 ἶ.
117 3082 148 3143 l.
161 3079 386 3144 Christusenim
400 3091 460 3143 tom
476 3100 530 3163 per
547 3099 592 3157 se,
611 3086 675 3142 torn
716 3082 929 3163 Episcoporum
950 3098 1070 3144 snorum
1100 3079 1141 3142 ita
1170 3097 1222 3160 per
1251 3097 1331 3140 suc-r

1 3163 10 3178 ”
70 3183 127 3249 per
142 3162 283 3246 Spiritum
298 3163 330 3227 S.
344 3165 392 3247 (l)
409 3166 553 3244 integram
573 3164 677 3226 salutis
716 3166 866 3228 cessiones
884 3166 921 3227 ah
945 3165 1031 3226 initio
1051 3164 1271 3242 decurrentem,
1289 3170 1325 3224 ut

1 3261 10 3317 2
70 3249 239 3312 doctrinam
252 3248 401 3330 Apostolis
412 3250 544 3326 tradidit,
556 3248 677 3311 iisdem·
716 3249 830 3332 primus
861 3249 912 3312 ille
937 3249 1101 3330 Episcopus
1131 3247 1261 3328 aliquem
1288 3265 1324 3308 ex

1 3325 6 3424 J
70 3351 132 3415 que
147 3334 309 3414 praecepit,
336 3342 369 3395 ut
387 3333 528 3396 docerent
552 3331 675 3408 omnia,
716 3333 876 3415 Apostolis,
895 3333 941 3395 vel
959 3331 1128 3414 apostolicis
1150 3331 1246 3409 viris,
1271 3331 1323 3412 qui

70 3416 602 3499 quaeipsemandarit,seurevelarit
615 3415 675 3496 (t).
707 3428 893 3491 ¹tamencum
903 3415 1323 3498 Apostolisperseveraverint,

70 3499 137 3563 Hoc
154 3499 261 3564 Christi
278 3510 468 3582 praeceptum
485 3500 574 3564 etiam
590 3499 676 3580 impl·
719 3501 855 3564 hahuerit
886 3500 1106 3576 auctoritatem,
1134 3507 1164 3562 et
1186 3509 1324 3564 anteces-

1 3595 6 3660 ζ
69 3603 124 3664 gre
138 3582 273 3665 Apostoli
285 3585 400 3647 executi
417 3593 500 3662 sunt,
515 3584 594 3647 ntntt
610 3584 679 3646 aad·
717 3603 826 3647 sorem.
857 3584 920 3648 Hoc
945 3585 1026 3646 enirn
1056 3583 1144 3646 modo
1172 3583 1323 3648 Ecclesiae

1 3677 2 3689 ¹
67 3668 222 3734 trahentes
234 3669 506 3732 aritium-omna
522 3667 678 3732 conditum
717 3669 899 3751 apostolicae
931 3686 1038 3730 census
1069 3687 1140 3730 suos
1171 3667 1331 3730 deserenti

1 3749 2 3834 j
67 3753 129 3818 De·
146 3752 362 3817 onnnntientea
377 3752 437 3835 (3).
450 3753 590 3816 Doctrina
609 3770 677 3830 ergo
717 3754 800 3816 Sicut
818 3750 1045 3834 Smyrnaeorum
1061 3751 1194 3814 Ecclesia
1210 3749 1329 3827 habens

1 3859 2 3864 ¹
66 3835 181 3901 Christi
193 3854 228 3900 ex
248 3835 302 3898 hac
321 3837 508 3899 solummodo
523 3836 680 3917 Apostolo·
718 3836 910 3919 Polycarpum
930 3835 1071 3900 aloanne
1086 3837 1260 3899 collocatum
1277 3851 1333 3895 rea

1 3939 13 4008 j.
68 3937 141 3984 rum
173 3919 393 4001 praedicatione
421 3921 583 4003 repetenda
611 3926 676 3997 est;
719 3922 787 3999 lert3
810 3920 887 3984 sient
913 3919 1114 3985 Romanorum
1142 3917 1333 3981 Clementemt

9 4007 15 4018 ''
66 4002 216 4068 nimirum
230 4022 265 4067 ea
282 4005 358 4077 sola,
374 4012 403 4066 et
418 4022 453 4066 ea
472 4004 585 4080 omnia,
602 4021 678 4085 quae
718 4004 834 4068 aPetro
848 4004 1015 4068 ordinatum
1034 4005 1107 4066 edit.
1122 4000 1251 4064 Proinde
1266 3999 1333 4062 uti·-

0 4096 14 4110 ”
67 4087 211 4170 Apostoli
235 4088 425 4166 docuerunt,
454 4089 499 4153 uti
527 4087 678 4151 aChristo
718 4108 777 4171 quo
796 4097 825 4152 et
847 4097 981 4152 caeterae
1007 4087 1164 4162 exhibent,
1192 4103 1267 4166 quos
1285 4082 1323 4147 ab

67 4173 206 4237 revelata
240 4173 419 4236 assumenda
447 4179 529 4234 sunt.
565 4169 679 4244 Quam·
718 4172 870 4256 Apostolis
902 4173 934 4236 in
961 4172 1143 4254 Episcopatu
1173 4168 1333 4235 institutes<

4 4299 11 4342 ι
100 4300 294 4362 (tinniens.
394 4285 444 4365 'rap
463 4304 590 4353 narrum.
749 4302 782 4364 (n
798 4304 882 4352 eontra
897 4303 1011 4348 varenna
1023 4301 1326 4352 attestationes·

100 4359 135 4424 (ὅ)
154 4361 203 4408 Aet.
218 4362 259 4422 2⁰,
273 4361 303 4410 2⁰
317 4363 361 4410 etc.
643 4391 656 4400 ,.
751 4363 820 4425 (dili.
835 4364 865 4410 do
880 4361 1096 4422 Praecepisti.
