2918 4734
211 197 252 266 82
609 223 793 271 rusocoeur
813 223 976 270 cossurus

168 295 327 378 mirarulm
339 303 467 382 postulat
480 321 549 383 ergo
560 303 649 382 ratio,
661 313 694 366 nt
708 304 768 364 mi·
805 311 854 364 tur
871 302 931 384 (3).
950 300 1008 365 Sed
1026 300 1321 364 animadvertendum
1348 305 1423 376 est,

168 385 270 447 recula
300 386 389 446 etiam
421 388 584 451 subiectire
613 388 769 469 possibilia
806 406 865 452 non
874 386 1092 468 posseopriori
1103 383 1219 447 ostendi
1231 383 1302 464 quid
1312 384 1422 459 Deus,

168 470 240 546 sint,
256 468 326 550 qnia
343 469 409 532 sine
423 471 479 534 hac
492 472 689 555 possibilitate
707 472 767 533 hn-
803 489 859 532 oeu
878 489 932 532 ens
953 469 1101 551 primurn,
1119 468 1286 530 ahsolutum
1306 478 1336 530 et
1357 467 1422 530 in·

169 571 288 618 manum
304 571 398 631 genus
415 556 504 618 finem
524 575 610 619 enum
630 555 767 618 obtinere
803 555 986 636 dependens,
999 555 1088 616 faeiat
1101 553 1264 616 autfaeere
1281 551 1419 627 debeat,

168 657 227 702 non
246 645 356 720 posset.
372 674 414 684 -
426 638 584 721 Nunquam
600 657 669 719 erqo
685 647 766 701 tauta
803 640 857 701 sed
874 657 893 701 o
913 639 1073 718 posteriori
1094 638 1167 699 haee
1188 633 1418 713 benignissima

168 722 304 802 malignis
321 721 475 804 spiritibus
488 732 619 805 potestas
632 733 662 787 et
675 723 767 785 liher-
802 721 856 784 Dei
870 722 1006 785 noluntas
1020 720 1172 804 probanda
1185 719 1285 781 renit-
1294 729 1325 781 et
1339 720 1420 800 qui·

168 815 212 870 tas
230 807 261 868 in
279 805 363 868 miris
384 807 537 888 patrandis
554 807 677 870 concedi
695 814 764 888 pot·
802 805 871 868 dem

166 899 221 969 eet,
237 898 270 952 ut
285 889 363 952 Deus
380 889 443 971 ipse
462 891 500 952 de
517 892 695 953 revelatione
710 910 765 952 sua
843 892 874 954 5.
886 909 925 953 en
935 889 1141 971 pachomium.
1156 886 1236 950 Deus
1250 887 1331 950 enim
1349 907 1417 950 ve-

167 973 301 1037 homines
312 981 409 1036 certos
418 974 544 1037 reddere
555 975 693 1056 nequiret
702 975 761 1054 (1).
802 991 835 1036 re
856 975 937 1053 nult,
958 983 991 1036 nt
1013 975 1102 1036 homo
1120 973 1215 1036 libere
1232 971 1269 1034 ad
1286 970 1417 1034 renita-

166 1093 206 1107 -
222 1057 298 1120 Huic
316 1066 414 1119 autem
433 1058 684 1138 argumentationi
703 1059 763 1120 duo
800 1066 873 1134 tem,
890 1058 1088 1122 moralitatem
1102 1067 1132 1120 et
1148 1055 1321 1118 felicitatem
1337 1063 1417 1117 ten·

166 1141 276 1226 opponi
294 1149 439 1223 possunt;
466 1159 533 1204 nam
555 1143 586 1221 e)
612 1140 763 1205 Revelatio
800 1142 862 1219 dat,
878 1150 909 1204 et
926 1143 969 1205 sio
985 1159 1089 1204 omnes
1104 1141 1258 1202 facultates
1275 1157 1347 1200 suas
1368 1141 1413 1202 ad

148 1227 262 1306 nobie,
283 1245 343 1289 non
366 1223 427 1287 Deo
446 1227 613 1288 necessaria
630 1235 691 1304 est,
710 1225 761 1308 qni
800 1235 951 1288 auctorem
969 1245 1057 1288 snum
1076 1226 1187 1287 referat
1205 1223 1245 1305 (5.
1266 1223 1303 1284 41
1323 1233 1355 1286 et
1377 1225 1409 1304 §-

165 1310 240 1374 hano
266 1309 438 1372 hominibus
466 1311 587 1373 omuino
614 1310 763 1390 denegare
800 1310 867 1390 44).
887 1308 1036 1392 Quidquid
1055 1318 1154 1373 antem
1172 1306 1251 1371 neus
1268 1306 1343 1384 vult,
1362 1309 1417 1369 ef·

165 1403 273 1477 polest,
284 1401 373 1474 atque
385 1391 452 1454 ideo
463 1401 607 1474 potestate
617 1394 697 1457 illum
710 1413 763 1476 per
799 1394 931 1456 hcaoiter
942 1396 1015 1472 vult,
1026 1404 1055 1457 et
1070 1395 1099 1455 in
1115 1391 1335 1472 simplicissima
1347 1410 1415 1452 no·

165 1478 307 1540 miracula
321 1475 466 1558 probandi
490 1497 550 1539 non
573 1477 704 1558 indiget3
728 1479 761 1558 h)
800 1478 914 1540 luntate
931 1497 987 1540 ena
1006 1479 1064 1540 sibi
1081 1495 1142 1539 nou
1161 1475 1350 1538 contradicit.
1375 1473 1412 1537 Si

165 1561 306 1624 miracula
329 1569 480 1641 nequeunt
504 1563 593 1623 statui
617 1581 672 1624 ceu
695 1581 761 1624 me·
799 1579 869 1641 erqo
894 1561 972 1624 Deus
995 1564 1057 1624 nult
1081 1561 1263 1642 praedictum
1287 1559 1386 1622 finem
1400 1606 1415 1635 ‚

164 1645 243 1707 dium
263 1644 383 1706 unicum
402 1644 530 1707 divinam
551 1647 759 1708 revelationem
800 1665 858 1708 111111
872 1653 969 1727 potest
985 1646 1074 1708 simul
1086 1644 1161 1707 velle
1176 1643 1217 1720 id,
1229 1643 1308 1725 quod
1321 1642 1413 1705 bunc

163 1729 332 1810 probandi3
361 1728 428 1790 aliis
458 1747 577 1810 quoqne
607 1730 703 1792 modis
731 1731 759 1792 id
799 1730 888 1792 tinem
907 1730 1043 1792 absolute
1062 1728 1231 1810 impediret,
1250 1735 1280 1789 et
1297 1745 1414 1789 mora·

164 1813 225 1876 fleri
241 1819 337 1895 polest
352 1831 380 1874 e.
397 1831 426 1890 g.
447 1829 499 1893 per
515 1813 652 1875 vaticinia
670 1821 727 1876 ele.
798 1813 857 1874 lem
872 1813 1003 1875 hominis
1020 1813 1188 1875 libertatem
1203 1811 1332 1889 tolleret;
1347 1813 1409 1875 sed

203 1897 233 1960 3.
245 1914 283 1961 eo
293 1898 412 1959 notione
423 1897 542 1959 1111111111
547 1898 759 1978 providentioe,
798 1896 888 1975 Deus,
910 1897 962 1978 qui
980 1896 1017 1959 ad
1036 1899 1125 1959 finem
1145 1895 1315 1976 suppeditat
1333 1914 1411 1958 me-

162 1997 238 2062 quae
253 1989 346 2042 totum
360 1979 529 2042 universum
543 1981 761 2062 sapientissime
798 1981 860 2058 clia,
877 1981 989 2062 absque
1007 1981 1099 2044 dubio
1117 1979 1169 2042 teli
1186 1980 1327 2042 facultate
1342 1978 1409 2040 ho-

161 2073 189 2127 el
204 2063 434 2127 clementissime
445 2064 602 2143 gubernat‚
612 2066 761 2128 ordinem·
799 2065 910 2126 minem
929 2065 1060 2142 instruit,
1080 2063 1208 2126 ateium
1226 2063 1257 2125 in
1275 2063 1325 2126 via
1341 2083 1408 2125 na-

162 2166 219 2229 que
244 2149 275 2209 in
300 2147 440 2210 omnibns
460 2147 664 2211 admirabilem
685 2168 760 2212 cou—
798 2149 886 2210 tnrali
904 2157 934 2211 et
951 2149 1104 2211 ordinarie
1117 2147 1196 2210 dicta
1210 2147 1408 2210 rationalius

161 2239 271 2306 servat,
292 2232 368 2308 fluit,
387 2230 480 2294 Deum
501 2232 670 2294 nullatenus
689 2251 759 2315 per·
798 2251 859 2294 uon
876 2233 1092 2310 rationalibus,
1112 2233 1154 2294 ita
1179 2232 1268 2294 etiam
1293 2231 1326 2293 ia
1353 2233 1407 2293 via

161 2314 288 2392 mittere,
302 2316 376 2377 ssnes
401 2315 529 2396 optimos
543 2334 560 2378 a
573 2333 605 2378 se
621 2325 757 2395 statutos,
797 2316 1016 2398 supernaturali
1037 2326 1066 2379 et
1088 2315 1321 2378 extraordinaria
1340 2315 1407 2377 do·

160 2407 188 2462 el
213 2399 346 2462 ordinem
376 2399 607 2481 pulcherrimum
634 2419 651 2463 a
673 2402 759 2463 melis
796 2409 894 2476 giunta
912 2409 941 2463 et
959 2401 1097 2462 mandate
1115 2399 1168 2462 Dei
1187 2399 1225 2462 ab
1246 2398 1306 2461 illis
1330 2417 1407 2460 ma·

160 2481 760 2564 spiritibusprolihitupertur·hari.Quem·
797 2485 894 2546 lorum
913 2485 1070 2566 spirituum
1089 2484 1273 2561 distinguere
1290 2484 1405 2563 possit.

160 2567 316 2629 admodum
332 2566 411 2629 enim
427 2567 599 2648 aprincipie
613 2569 757 2650 sapientia
797 2566 990 2640 —Quamvis
1009 2585 1079 2647 ergo
1100 2568 1225 2630 facultas
1244 2567 1320 2628 mira
1339 2585 1405 2648 pa·

159 2651 285 2713 alienum
307 2651 394 2726 foret,
407 2659 440 2712 ut
458 2650 576 2713 subdito
590 2651 757 2733 cuicunque
797 2652 893 2713 fraudi
914 2651 999 2714 malis
1018 2652 1171 2733 spiritibus
1193 2669 1247 2713 seu
1269 2651 1403 2712 daemo-

160 2733 758 2817 -mquamnquaniguttateconstituto-th·
796 2735 885 2797 nibus
910 2755 969 2798 non
993 2735 1167 2814 denegetur,
1188 2736 1276 2816 plena
1294 2742 1404 2797 umen

158 2819 248 2880 cultos
263 2827 340 2882 esset
364 2819 444 2896 leges
467 2819 661 2900 ordinemque
674 2820 756 2881 civi·
795 2818 860 2880 iure
877 2819 1031 2896 asseritur,
1049 2820 1158 2881 talibus
1175 2818 1403 2881 characteribus

158 2902 224 2964 tatis
246 2901 411 2964 invertendi
437 2911 466 2964 el
491 2902 689 2981 immutandi3
714 2903 755 2965 ita
795 2903 939 2964 miracula
953 2903 1147 2965 daemoniaca
1162 2902 1400 2980 insignitaesse,

157 2987 248 3048 multo
262 2986 354 3064 magis
366 2986 495 3047 divinam
508 2985 696 3066 sapientiem,
711 2987 755 3048 di·
794 2993 827 3047 ut
845 3005 862 3048 e
880 2986 988 3049 divinis
1006 2987 1092 3048 facile
1117 2994 1322 3048 secernantur.
1343 2985 1403 3049 Isti

157 3069 315 3151 vinumque
331 3069 494 3131 dominium
511 3069 653 3132 dedecere
667 3070 755 3132 iutel-
793 3069 981 3133 characteres
996 3069 1171 3132 desumendi
1189 3078 1258 3132 sunt
1275 3087 1310 3131 ex
1321 3085 1402 3149 per-

156 3151 267 3231 liqitur,
284 3161 316 3214 ut
334 3153 441 3231 geniis,
462 3171 514 3215 seu
535 3152 688 3234 spiritibus
706 3173 755 3216 se·
792 3171 866 3216 soon
884 3156 927 3216 rel
947 3163 1067 3230 sancta,
1085 3156 1130 3216 rel
1156 3171 1264 3234 prava,
1282 3171 1317 3214 ex
1335 3155 1401 3233 fine

157 3235 266 3316 peratis
281 3244 409 3316 potestas
423 3239 461 3300 sit
476 3256 529 3318 pro
544 3236 668 3299 arbitrio
683 3238 753 3299 uni·
793 3237 883 3313 hono,
899 3239 943 3300 vel
960 3238 1050 3314 malo,
1062 3257 1098 3298 es
1112 3240 1197 3300 modo
1211 3238 1318 3317 opendi
1332 3238 1402 3300 Deo
1423 3305 1427 3316 ‚

157 3319 295 3380 cerealem
316 3327 438 3383 naturae
452 3322 586 3384 ordinem
605 3321 753 3384 inverten·
792 3320 894 3399 digno,
906 3330 959 3383 aut
974 3322 1109 3401 indiguo,
1125 3340 1161 3383 es
1175 3322 1311 3385 doctrino
1326 3339 1402 3402 pro·
1421 3321 1423 3325 ’

155 3401 196 3480 di,
217 3399 410 3483 hominesque
428 3403 588 3468 seducendi
607 3405 666 3483 (h).
792 3405 1065 3484 positaveritati‚et
1076 3404 1236 3467 moralitati
1248 3423 1399 3483 congrua,

195 3483 226 3548 4.
247 3501 285 3548 en
302 3487 370 3550 ideo
389 3487 527 3552 honitatis
543 3498 570 3551 et
586 3489 752 3552 misericor·
789 3488 835 3550 nel
854 3488 986 3566 dissona,
1003 3508 1038 3550 ex
1052 3489 1283 3552 circumstantiis
1297 3487 1401 3550 hone·

154 3567 221 3632 diae
232 3569 363 3648 divinoe,
377 3589 452 3651 quae
469 3571 640 3634 hominibus
652 3573 680 3634 in
695 3592 750 3636 ne·
790 3571 856 3648 stis,
869 3581 920 3635 aut
936 3571 1114 3648 inhonestis,
1131 3592 1165 3634 ex
1181 3573 1329 3653 effectibus
1341 3591 1402 3633 sa-

154 3651 288 3716 cesenriie
307 3673 364 3715 non
383 3656 483 3730 deest,
498 3655 690 3738 ipsorumque
705 3658 750 3717 fe·
791 3655 949 3734 luteribus,
966 3656 1027 3718 sire
1042 3657 1189 3736 pestiferis
1204 3665 1260 3718 etc.
1276 3666 1334 3717 etc.
1349 3651 1406 3718 Es?

154 3735 291 3800 licitntem
311 3738 385 3814 nult,
405 3739 490 3800 facile
510 3739 634 3815 eruitur,
656 3737 748 3801 heum
790 3738 855 3819 ipsa
879 3741 968 3802 etiam
995 3740 1120 3802 historia
1145 3739 1260 3802 ostendi
1281 3742 1406 3821 11111111,ξ

152 3821 322 3904 permittere
339 3839 396 3883 iton
418 3839 516 3903 posse,
533 3822 718 3886 denomines
733 3844 750 3887 a
791 3824 945 3899 miracula,
960 3841 1035 3904 quae
1050 3823 1401 3886 narranturdaemoniu·

152 3905 288 3985 roalipuie
307 3905 462 3986 spiritibus
477 3923 529 3988 per
544 3906 677 3987 prodigia
692 3907 750 3969 fal·
790 3925 825 3967 ca
842 3907 907 3969 eius
926 3925 1044 3987 semper
1061 3916 1186 3968 naturae
1204 3906 1313 3983 fuisse,
1328 3916 1362 3967 nt
1379 3925 1401 3969 a

151 3989 225 4052 lucie
243 3989 328 4071 qunsi
349 3989 377 4050 in
399 3991 598 4052 necessarium
619 4007 748 4054 errorem
790 3989 901 4052 diuinis
916 3991 1003 4054 facile
1022 3991 1139 4054 secerni
1158 3991 1312 4073 potuerint
1331 3990 1396 4072 (4).

150 4081 180 4136 et
197 4073 398 4138 inevitabilem
418 4075 569 4161 interitum
585 4074 749 4157 perduces·
1399 4085 1401 4090 '

751 4206 754 4214 .
821 4170 850 4233 (ὅ)
867 4173 1341 4234 110111011111111.μ1111ο1.ν.111111111111111
1352 4174 1360 4218 Ι
1370 4173 1402 4220 11.

820 4233 850 4277 tlt
868 4233 901 4280 Cf.
926 4233 1070 4280 slorchennu
1097 4235 1195 4280 111111.
1218 4234 1264 4280 llel.
1280 4234 1302 4280 5.
1327 4234 1350 4278 11.
1374 4233 1398 4279 2.

177 4285 581 4352 11111.1·“11111,1ο11.11.ῇ.5111.”
790 4290 869 4337 Ubtth.
894 4291 916 4339 11.
934 4289 1001 4337 Brief.
1027 4291 1194 4340 l'errouehl.
1208 4304 1233 4352 p.
1252 4293 1269 4340 1.
1283 4289 1305 4340 c.
1320 4291 1356 4339 ht
1372 4304 1400 4342 n.

177 4347 213 4416 ,121
228 4351 260 4399 lo.
275 4351 299 4400 11.
315 4353 424 4404 1111111111
439 4355 531 4402 trissant.
547 4351 668 4400 1111111111.
710 4369 741 4398 a
791 4349 831 4396 tet
851 4352 896 4397 eto.
909 4363 932 4398 n.
947 4350 992 4398 110
1003 4351 1048 4398 ete
1100 4380 1104 4390 .
