<?xml version="1.0" encoding="UTF-8"?>
<!DOCTYPE html PUBLIC "-//W3C//DTD XHTML 1.0 Transitional//EN"
    "http://www.w3.org/TR/xhtml1/DTD/xhtml1-transitional.dtd">
<html xmlns="http://www.w3.org/1999/xhtml" xml:lang="en" lang="en">
 <head>
  <title>
</title>
<meta http-equiv="Content-Type" content="text/html;charset=utf-8" />
  <meta name='ocr-system' content='tesseract 3.04.00' />
  <meta name='ocr-capabilities' content='ocr_page ocr_carea ocr_par ocr_line ocrx_word'/>
</head>
<body>
  <div class='ocr_page' id='page_1' title='image "./institutionesth00knolgoog_0342.png"; bbox 0 0 2934 4736; ppageno 0'>
   <div class='ocr_carea' id='block_1_1' title="bbox 234 195 1014 257">
    <p class='ocr_par' dir='ltr' id='par_1_1' title="bbox 234 195 1014 257">
     <span class='ocr_line' id='line_1_1' title="bbox 234 195 1014 257; baseline -0.004 0"><span class='ocrx_word' id='word_1_1' title='bbox 234 195 296 257; x_wconf 65' lang='lat' dir='ltr'>:till</span> <span class='ocrx_word' id='word_1_2' title='bbox 647 209 832 256; x_wconf 81' lang='lat' dir='ltr'>rueocouran</span> <span class='ocrx_word' id='word_1_3' title='bbox 851 207 1014 254; x_wconf 72' lang='lat' dir='ltr'>ceacrmcts</span> 
     </span>
    </p>
   </div>
   <div class='ocr_carea' id='block_1_2' title="bbox 176 283 1454 4391">
    <p class='ocr_par' dir='ltr' id='par_1_2' title="bbox 191 283 1432 3052">
     <span class='ocr_line' id='line_1_2' title="bbox 192 283 1429 364; baseline 0.001 -15"><span class='ocrx_word' id='word_1_4' title='bbox 192 285 323 351; x_wconf 82' lang='lat' dir='ltr'>dentalia</span> <span class='ocrx_word' id='word_1_5' title='bbox 336 287 790 364; x_wconf 81' lang='lat' dir='ltr'>insensuadsersarioruur,seu</span> <span class='ocrx_word' id='word_1_6' title='bbox 830 286 926 362; x_wconf 86' lang='lat' dir='ltr'>docet,</span> <span class='ocrx_word' id='word_1_7' title='bbox 950 287 981 348; x_wconf 92' lang='lat' dir='ltr'>in</span> <span class='ocrx_word' id='word_1_8' title='bbox 1000 283 1366 351; x_wconf 82' lang='lat' dir='ltr'>cunctisCltristianorum</span> <span class='ocrx_word' id='word_1_9' title='bbox 1387 289 1429 350; x_wconf 86' lang='lat' dir='ltr'>la·</span> 
     </span>
     <span class='ocr_line' id='line_1_3' title="bbox 193 370 1430 452; baseline 0.001 -20"><span class='ocrx_word' id='word_1_10' title='bbox 193 371 271 434; x_wconf 81' lang='lat' dir='ltr'>inter</span> <span class='ocrx_word' id='word_1_11' title='bbox 282 373 423 437; x_wconf 87' lang='lat' dir='ltr'>artic-ulos</span> <span class='ocrx_word' id='word_1_12' title='bbox 435 373 672 436; x_wconf 75' lang='lat' dir='ltr'>fundamentales</span> <span class='ocrx_word' id='word_1_13' title='bbox 685 381 716 434; x_wconf 85' lang='lat' dir='ltr'>ct</span> <span class='ocrx_word' id='word_1_14' title='bbox 730 389 789 432; x_wconf 88' lang='lat' dir='ltr'>uon</span> <span class='ocrx_word' id='word_1_15' title='bbox 831 371 922 432; x_wconf 86' lang='lat' dir='ltr'>miliia</span> <span class='ocrx_word' id='word_1_16' title='bbox 933 371 1032 452; x_wconf 88' lang='lat' dir='ltr'>plures</span> <span class='ocrx_word' id='word_1_17' title='bbox 1049 370 1139 433; x_wconf 81' lang='lat' dir='ltr'>uariis</span> <span class='ocrx_word' id='word_1_18' title='bbox 1157 371 1344 452; x_wconf 85' lang='lat' dir='ltr'>temporibus</span> <span class='ocrx_word' id='word_1_19' title='bbox 1363 373 1430 434; x_wconf 88' lang='lat' dir='ltr'>csti-</span> 
     </span>
     <span class='ocr_line' id='line_1_4' title="bbox 191 453 1430 538; baseline 0.001 -22"><span class='ocrx_word' id='word_1_20' title='bbox 191 453 431 520; x_wconf 78' lang='lat' dir='ltr'>fundamentales</span> <span class='ocrx_word' id='word_1_21' title='bbox 444 459 497 519; x_wconf 90' lang='lat' dir='ltr'>toti</span> <span class='ocrx_word' id='word_1_22' title='bbox 508 455 680 538; x_wconf 91' lang='lat' dir='ltr'>antiquitati</span> <span class='ocrx_word' id='word_1_23' title='bbox 689 456 792 535; x_wconf 81' lang='lat' dir='ltr'>ignota</span> <span class='ocrx_word' id='word_1_24' title='bbox 808 455 813 506; x_wconf 91' lang='lat' dir='ltr'>l</span> <span class='ocrx_word' id='word_1_25' title='bbox 831 455 922 530; x_wconf 83' lang='lat' dir='ltr'>tissa,</span> <span class='ocrx_word' id='word_1_26' title='bbox 940 454 992 536; x_wconf 90' lang='lat' dir='ltr'>qui</span> <span class='ocrx_word' id='word_1_27' title='bbox 1015 456 1143 516; x_wconf 79' lang='lat' dir='ltr'>masiano</span> <span class='ocrx_word' id='word_1_28' title='bbox 1171 454 1273 516; x_wconf 89' lang='lat' dir='ltr'>labore</span> <span class='ocrx_word' id='word_1_29' title='bbox 1297 454 1430 517; x_wconf 84' lang='lat' dir='ltr'>subsidia</span> 
     </span>
     <span class='ocr_line' id='line_1_5' title="bbox 192 538 1429 620; baseline 0 -20"><span class='ocrx_word' id='word_1_30' title='bbox 192 538 449 618; x_wconf 78' lang='lat' dir='ltr'>loitirgumeota</span> <span class='ocrx_word' id='word_1_31' title='bbox 462 542 589 604; x_wconf 87' lang='lat' dir='ltr'>allatain</span> <span class='ocrx_word' id='word_1_32' title='bbox 602 557 712 618; x_wconf 89' lang='lat' dir='ltr'>genere</span> <span class='ocrx_word' id='word_1_33' title='bbox 725 557 793 619; x_wconf 89' lang='lat' dir='ltr'>pro-</span> <span class='ocrx_word' id='word_1_34' title='bbox 829 538 887 600; x_wconf 91' lang='lat' dir='ltr'>sibi</span> <span class='ocrx_word' id='word_1_35' title='bbox 910 538 1020 600; x_wconf 89' lang='lat' dir='ltr'>biblica</span> <span class='ocrx_word' id='word_1_36' title='bbox 1034 546 1261 620; x_wconf 88' lang='lat' dir='ltr'>compararunt:</span> <span class='ocrx_word' id='word_1_37' title='bbox 1276 547 1325 600; x_wconf 89' lang='lat' dir='ltr'>ast</span> <span class='ocrx_word' id='word_1_38' title='bbox 1341 539 1429 600; x_wconf 85' lang='lat' dir='ltr'>nitrii-</span> 
     </span>
     <span class='ocr_line' id='line_1_6' title="bbox 192 621 1429 710; baseline -0.002 -24"><span class='ocrx_word' id='word_1_39' title='bbox 192 622 276 710; x_wconf 84' lang='lat' dir='ltr'>bsot,</span> <span class='ocrx_word' id='word_1_40' title='bbox 294 621 326 688; x_wconf 89' lang='lat' dir='ltr'>S.</span> <span class='ocrx_word' id='word_1_41' title='bbox 347 621 529 706; x_wconf 86' lang='lat' dir='ltr'>Scripturam</span> <span class='ocrx_word' id='word_1_42' title='bbox 542 624 699 687; x_wconf 78' lang='lat' dir='ltr'>obscuram</span> <span class='ocrx_word' id='word_1_43' title='bbox 712 639 790 697; x_wconf 88' lang='lat' dir='ltr'>esse,</span> <span class='ocrx_word' id='word_1_44' title='bbox 830 622 949 683; x_wconf 87' lang='lat' dir='ltr'>ominus</span> <span class='ocrx_word' id='word_1_45' title='bbox 966 623 996 683; x_wconf 94' lang='lat' dir='ltr'>in</span> <span class='ocrx_word' id='word_1_46' title='bbox 1015 621 1237 684; x_wconf 86' lang='lat' dir='ltr'>sacrisLitteris</span> <span class='ocrx_word' id='word_1_47' title='bbox 1248 623 1429 703; x_wconf 77' lang='lat' dir='ltr'>exponendis</span> 
     </span>
     <span class='ocr_line' id='line_1_7' title="bbox 192 706 1428 788; baseline -0.002 -18"><span class='ocrx_word' id='word_1_48' title='bbox 192 708 265 788; x_wconf 91' lang='lat' dir='ltr'>quio</span> <span class='ocrx_word' id='word_1_49' title='bbox 280 708 359 771; x_wconf 88' lang='lat' dir='ltr'>inter</span> <span class='ocrx_word' id='word_1_50' title='bbox 382 709 553 771; x_wconf 77' lang='lat' dir='ltr'><strong>essentialia</strong></span> <span class='ocrx_word' id='word_1_51' title='bbox 570 716 600 770; x_wconf 86' lang='lat' dir='ltr'>et</span> <span class='ocrx_word' id='word_1_52' title='bbox 617 706 790 768; x_wconf 87' lang='lat' dir='ltr'>accidenta-</span> <span class='ocrx_word' id='word_1_53' title='bbox 832 707 960 768; x_wconf 83' lang='lat' dir='ltr'>maxime</span> <span class='ocrx_word' id='word_1_54' title='bbox 980 706 1194 787; x_wconf 70' lang='lat' dir='ltr'><strong>discrepantes,</strong></span> <span class='ocrx_word' id='word_1_55' title='bbox 1221 706 1304 770; x_wconf 88' lang='lat' dir='ltr'>clare</span> <span class='ocrx_word' id='word_1_56' title='bbox 1331 716 1428 768; x_wconf 87' lang='lat' dir='ltr'>oston-</span> 
     </span>
     <span class='ocr_line' id='line_1_8' title="bbox 193 789 1428 866; baseline 0 -14"><span class='ocrx_word' id='word_1_57' title='bbox 193 791 235 854; x_wconf 87' lang='lat' dir='ltr'>iia</span> <span class='ocrx_word' id='word_1_58' title='bbox 252 790 403 854; x_wconf 87' lang='lat' dir='ltr'>distinctio</span> <span class='ocrx_word' id='word_1_59' title='bbox 421 793 483 854; x_wconf 83' lang='lat' dir='ltr'>dat.</span> <span class='ocrx_word' id='word_1_60' title='bbox 502 791 565 854; x_wconf 87' lang='lat' dir='ltr'>loro</span> <span class='ocrx_word' id='word_1_61' title='bbox 585 789 617 853; x_wconf 87' lang='lat' dir='ltr'>S.</span> <span class='ocrx_word' id='word_1_62' title='bbox 634 790 739 852; x_wconf 86' lang='lat' dir='ltr'>Petrus</span> <span class='ocrx_word' id='word_1_63' title='bbox 755 809 791 851; x_wconf 91' lang='lat' dir='ltr'>a·</span> <span class='ocrx_word' id='word_1_64' title='bbox 830 791 917 866; x_wconf 91' lang='lat' dir='ltr'>dunt,</span> <span class='ocrx_word' id='word_1_65' title='bbox 934 789 1068 853; x_wconf 87' lang='lat' dir='ltr'>subsidia</span> <span class='ocrx_word' id='word_1_66' title='bbox 1086 789 1196 852; x_wconf 87' lang='lat' dir='ltr'>biblica</span> <span class='ocrx_word' id='word_1_67' title='bbox 1214 808 1273 852; x_wconf 91' lang='lat' dir='ltr'>non</span> <span class='ocrx_word' id='word_1_68' title='bbox 1298 791 1428 853; x_wconf 81' lang='lat' dir='ltr'>sulficere</span> 
     </span>
     <span class='ocr_line' id='line_1_9' title="bbox 192 871 1428 957; baseline -0.002 -19"><span class='ocrx_word' id='word_1_69' title='bbox 192 875 360 957; x_wconf 80' lang='lat' dir='ltr'>pertissima</span> <span class='ocrx_word' id='word_1_70' title='bbox 370 877 541 939; x_wconf 72' lang='lat' dir='ltr'>essentialia</span> <span class='ocrx_word' id='word_1_71' title='bbox 558 874 709 953; x_wconf 76' lang='lat' dir='ltr'>indigitat,</span> <span class='ocrx_word' id='word_1_72' title='bbox 722 891 790 934; x_wconf 89' lang='lat' dir='ltr'>curo</span> <span class='ocrx_word' id='word_1_73' title='bbox 830 874 867 935; x_wconf 88' lang='lat' dir='ltr'>ad</span> <span class='ocrx_word' id='word_1_74' title='bbox 882 881 994 936; x_wconf 89' lang='lat' dir='ltr'>rectum</span> <span class='ocrx_word' id='word_1_75' title='bbox 1006 872 1037 936; x_wconf 89' lang='lat' dir='ltr'>S.</span> <span class='ocrx_word' id='word_1_76' title='bbox 1049 871 1219 955; x_wconf 80' lang='lat' dir='ltr'>Scripturas</span> <span class='ocrx_word' id='word_1_77' title='bbox 1236 893 1363 936; x_wconf 85' lang='lat' dir='ltr'>sonsum</span> <span class='ocrx_word' id='word_1_78' title='bbox 1380 875 1428 936; x_wconf 89' lang='lat' dir='ltr'>ritc</span> 
     </span>
     <span class='ocr_line' id='line_1_10' title="bbox 192 956 1429 1042; baseline -0.001 -21"><span class='ocrx_word' id='word_1_79' title='bbox 192 959 230 1022; x_wconf 89' lang='lat' dir='ltr'>de</span> <span class='ocrx_word' id='word_1_80' title='bbox 247 959 358 1022; x_wconf 89' lang='lat' dir='ltr'>talibus</span> <span class='ocrx_word' id='word_1_81' title='bbox 375 960 518 1042; x_wconf 87' lang='lat' dir='ltr'>loquitur,</span> <span class='ocrx_word' id='word_1_82' title='bbox 537 977 614 1040; x_wconf 87' lang='lat' dir='ltr'>quae</span> <span class='ocrx_word' id='word_1_83' title='bbox 633 958 745 1020; x_wconf 88' lang='lat' dir='ltr'>indocti</span> <span class='ocrx_word' id='word_1_84' title='bbox 761 965 792 1019; x_wconf 89' lang='lat' dir='ltr'>et</span> <span class='ocrx_word' id='word_1_85' title='bbox 830 957 1101 1020; x_wconf 89' lang='lat' dir='ltr'>determinandum.</span> <span class='ocrx_word' id='word_1_86' title='bbox 1118 956 1185 1036; x_wconf 90' lang='lat' dir='ltr'>c)Si</span> <span class='ocrx_word' id='word_1_87' title='bbox 1194 958 1229 1020; x_wconf 91' lang='lat' dir='ltr'>ad</span> <span class='ocrx_word' id='word_1_88' title='bbox 1241 958 1346 1038; x_wconf 91' lang='lat' dir='ltr'>priora</span> <span class='ocrx_word' id='word_1_89' title='bbox 1357 959 1429 1020; x_wconf 86' lang='lat' dir='ltr'>cirri·</span> 
     </span>
     <span class='ocr_line' id='line_1_11' title="bbox 191 1041 1428 1124; baseline -0.002 -19"><span class='ocrx_word' id='word_1_90' title='bbox 191 1042 347 1107; x_wconf 73' lang='lat' dir='ltr'>instabiles</span> <span class='ocrx_word' id='word_1_91' title='bbox 360 1044 522 1124; x_wconf 77' lang='lat' dir='ltr'>depravant</span> <span class='ocrx_word' id='word_1_92' title='bbox 536 1043 573 1104; x_wconf 91' lang='lat' dir='ltr'>ad</span> <span class='ocrx_word' id='word_1_93' title='bbox 592 1041 741 1123; x_wconf 88' lang='lat' dir='ltr'>propriam</span> <span class='ocrx_word' id='word_1_94' title='bbox 762 1041 790 1101; x_wconf 93' lang='lat' dir='ltr'>i·</span> <span class='ocrx_word' id='word_1_95' title='bbox 831 1041 978 1104; x_wconf 93' lang='lat' dir='ltr'>stianismi</span> <span class='ocrx_word' id='word_1_96' title='bbox 995 1043 1113 1104; x_wconf 90' lang='lat' dir='ltr'>saecula</span> <span class='ocrx_word' id='word_1_97' title='bbox 1130 1041 1344 1123; x_wconf 82' lang='lat' dir='ltr'>respiciamus,</span> <span class='ocrx_word' id='word_1_98' title='bbox 1355 1061 1428 1104; x_wconf 91' lang='lat' dir='ltr'>com-</span> 
     </span>
     <span class='ocr_line' id='line_1_12' title="bbox 194 1123 1428 1208; baseline -0.002 -18"><span class='ocrx_word' id='word_1_99' title='bbox 194 1135 315 1208; x_wconf 87' lang='lat' dir='ltr'>psdrum</span> <span class='ocrx_word' id='word_1_100' title='bbox 334 1126 543 1208; x_wconf 80' lang='lat' dir='ltr'>perditionem.</span> <span class='ocrx_word' id='word_1_101' title='bbox 568 1125 601 1206; x_wconf 88' lang='lat' dir='ltr'>b)</span> <span class='ocrx_word' id='word_1_102' title='bbox 619 1125 791 1188; x_wconf 87' lang='lat' dir='ltr'>Protcstan-</span> <span class='ocrx_word' id='word_1_103' title='bbox 831 1126 976 1208; x_wconf 89' lang='lat' dir='ltr'>perimus,</span> <span class='ocrx_word' id='word_1_104' title='bbox 995 1123 1047 1188; x_wconf 88' lang='lat' dir='ltr'>SS.</span> <span class='ocrx_word' id='word_1_105' title='bbox 1063 1126 1178 1200; x_wconf 87' lang='lat' dir='ltr'>Patres,</span> <span class='ocrx_word' id='word_1_106' title='bbox 1194 1125 1428 1188; x_wconf 80' lang='lat' dir='ltr'>Conciliaetlio-</span> 
     </span>
     <span class='ocr_line' id='line_1_13' title="bbox 194 1209 1428 1288; baseline -0.001 -16"><span class='ocrx_word' id='word_1_107' title='bbox 194 1219 239 1274; x_wconf 90' lang='lat' dir='ltr'>tes</span> <span class='ocrx_word' id='word_1_108' title='bbox 254 1211 331 1274; x_wconf 88' lang='lat' dir='ltr'>inter</span> <span class='ocrx_word' id='word_1_109' title='bbox 348 1229 380 1272; x_wconf 89' lang='lat' dir='ltr'>sc</span> <span class='ocrx_word' id='word_1_110' title='bbox 396 1211 565 1272; x_wconf 82' lang='lat' dir='ltr'>nuliatenus</span> <span class='ocrx_word' id='word_1_111' title='bbox 579 1210 790 1286; x_wconf 89' lang='lat' dir='ltr'>consentiunt,</span> <span class='ocrx_word' id='word_1_112' title='bbox 831 1210 952 1272; x_wconf 89' lang='lat' dir='ltr'>clesiam</span> <span class='ocrx_word' id='word_1_113' title='bbox 971 1210 1146 1288; x_wconf 76' lang='lat' dir='ltr'>generatim,</span> <span class='ocrx_word' id='word_1_114' title='bbox 1156 1209 1226 1271; x_wconf 92' lang='lat' dir='ltr'>dum</span> <span class='ocrx_word' id='word_1_115' title='bbox 1241 1209 1277 1270; x_wconf 91' lang='lat' dir='ltr'>de</span> <span class='ocrx_word' id='word_1_116' title='bbox 1291 1221 1377 1271; x_wconf 90' lang='lat' dir='ltr'>recto</span> <span class='ocrx_word' id='word_1_117' title='bbox 1391 1211 1428 1271; x_wconf 90' lang='lat' dir='ltr'>lo·</span> 
     </span>
     <span class='ocr_line' id='line_1_14' title="bbox 192 1291 1428 1376; baseline -0.003 -20"><span class='ocrx_word' id='word_1_118' title='bbox 192 1294 263 1356; x_wconf 89' lang='lat' dir='ltr'>dum</span> <span class='ocrx_word' id='word_1_119' title='bbox 283 1294 436 1376; x_wconf 88' lang='lat' dir='ltr'>quaeritur</span> <span class='ocrx_word' id='word_1_120' title='bbox 452 1313 598 1375; x_wconf 83' lang='lat' dir='ltr'>quaenam</span> <span class='ocrx_word' id='word_1_121' title='bbox 612 1294 673 1355; x_wconf 89' lang='lat' dir='ltr'>sint</span> <span class='ocrx_word' id='word_1_122' title='bbox 691 1311 792 1356; x_wconf 87' lang='lat' dir='ltr'>occos·</span> <span class='ocrx_word' id='word_1_123' title='bbox 831 1311 933 1355; x_wconf 91' lang='lat' dir='ltr'>corum</span> <span class='ocrx_word' id='word_1_124' title='bbox 948 1291 979 1356; x_wconf 89' lang='lat' dir='ltr'>S.</span> <span class='ocrx_word' id='word_1_125' title='bbox 993 1291 1163 1376; x_wconf 89' lang='lat' dir='ltr'>Scripturae</span> <span class='ocrx_word' id='word_1_126' title='bbox 1174 1312 1263 1355; x_wconf 89' lang='lat' dir='ltr'>sensu</span> <span class='ocrx_word' id='word_1_127' title='bbox 1275 1293 1428 1372; x_wconf 82' lang='lat' dir='ltr'>agebatur,</span> 
     </span>
     <span class='ocr_line' id='line_1_15' title="bbox 192 1377 1428 1460; baseline -0.002 -19"><span class='ocrx_word' id='word_1_128' title='bbox 192 1379 271 1441; x_wconf 90' lang='lat' dir='ltr'>sario</span> <span class='ocrx_word' id='word_1_129' title='bbox 283 1378 429 1440; x_wconf 86' lang='lat' dir='ltr'>credenda</span> <span class='ocrx_word' id='word_1_130' title='bbox 445 1387 475 1440; x_wconf 90' lang='lat' dir='ltr'>et</span> <span class='ocrx_word' id='word_1_131' title='bbox 493 1395 639 1459; x_wconf 86' lang='lat' dir='ltr'>quaenam</span> <span class='ocrx_word' id='word_1_132' title='bbox 654 1395 726 1455; x_wconf 89' lang='lat' dir='ltr'>oon,</span> <span class='ocrx_word' id='word_1_133' title='bbox 738 1395 790 1439; x_wconf 88' lang='lat' dir='ltr'>seu</span> <span class='ocrx_word' id='word_1_134' title='bbox 832 1397 890 1438; x_wconf 88' lang='lat' dir='ltr'>nort</span> <span class='ocrx_word' id='word_1_135' title='bbox 904 1377 939 1438; x_wconf 82' lang='lat' dir='ltr'>ad</span> <span class='ocrx_word' id='word_1_136' title='bbox 959 1377 1091 1438; x_wconf 88' lang='lat' dir='ltr'>subsidia</span> <span class='ocrx_word' id='word_1_137' title='bbox 1107 1377 1226 1454; x_wconf 89' lang='lat' dir='ltr'>biblica,</span> <span class='ocrx_word' id='word_1_138' title='bbox 1243 1377 1297 1438; x_wconf 87' lang='lat' dir='ltr'>sed</span> <span class='ocrx_word' id='word_1_139' title='bbox 1316 1395 1428 1460; x_wconf 88' lang='lat' dir='ltr'>semper</span> 
     </span>
     <span class='ocr_line' id='line_1_16' title="bbox 193 1461 1271 1544; baseline 0 -21"><span class='ocrx_word' id='word_1_140' title='bbox 193 1463 316 1544; x_wconf 87' lang='lat' dir='ltr'>quinam</span> <span class='ocrx_word' id='word_1_141' title='bbox 333 1461 394 1522; x_wconf 88' lang='lat' dir='ltr'>sint</span> <span class='ocrx_word' id='word_1_142' title='bbox 411 1462 527 1524; x_wconf 90' lang='lat' dir='ltr'>articuli</span> <span class='ocrx_word' id='word_1_143' title='bbox 539 1461 791 1523; x_wconf 77' lang='lat' dir='ltr'>fundamentales:</span> <span class='ocrx_word' id='word_1_144' title='bbox 832 1462 870 1524; x_wconf 94' lang='lat' dir='ltr'>ad</span> <span class='ocrx_word' id='word_1_145' title='bbox 890 1461 1079 1524; x_wconf 87' lang='lat' dir='ltr'>traditionem</span> <span class='ocrx_word' id='word_1_146' title='bbox 1098 1461 1271 1524; x_wconf 87' lang='lat' dir='ltr'>recurrisse.</span> 
     </span>
     <span class='ocr_line' id='line_1_17' title="bbox 193 1547 793 1626; baseline -0.005 -18"><span class='ocrx_word' id='word_1_147' title='bbox 193 1563 228 1608; x_wconf 85' lang='lat' dir='ltr'>es</span> <span class='ocrx_word' id='word_1_148' title='bbox 244 1563 302 1626; x_wconf 91' lang='lat' dir='ltr'>quo</span> <span class='ocrx_word' id='word_1_149' title='bbox 321 1553 456 1626; x_wconf 89' lang='lat' dir='ltr'>apparet,</span> <span class='ocrx_word' id='word_1_150' title='bbox 469 1547 557 1608; x_wconf 91' lang='lat' dir='ltr'>etiam</span> <span class='ocrx_word' id='word_1_151' title='bbox 571 1547 635 1621; x_wconf 88' lang='lat' dir='ltr'>illa,</span> <span class='ocrx_word' id='word_1_152' title='bbox 648 1564 725 1626; x_wconf 89' lang='lat' dir='ltr'>quae</span> <span class='ocrx_word' id='word_1_153' title='bbox 741 1563 793 1606; x_wconf 88' lang='lat' dir='ltr'>ne·</span> 
     </span>
     <span class='ocr_line' id='line_1_18' title="bbox 193 1628 1198 1706; baseline -0.008 -14"><span class='ocrx_word' id='word_1_154' title='bbox 193 1629 322 1692; x_wconf 90' lang='lat' dir='ltr'>cessario</span> <span class='ocrx_word' id='word_1_155' title='bbox 337 1629 484 1692; x_wconf 87' lang='lat' dir='ltr'>credenda</span> <span class='ocrx_word' id='word_1_156' title='bbox 496 1630 646 1706; x_wconf 89' lang='lat' dir='ltr'>dicuntur,</span> <span class='ocrx_word' id='word_1_157' title='bbox 664 1639 722 1690; x_wconf 91' lang='lat' dir='ltr'>tam</span> <span class='ocrx_word' id='word_1_158' title='bbox 734 1628 794 1690; x_wconf 89' lang='lat' dir='ltr'>cla·</span> <span class='ocrx_word' id='word_1_159' title='bbox 1072 1630 1103 1703; x_wconf 75' lang='grc' dir='ltr'>ς.</span> <span class='ocrx_word' id='word_1_160' title='bbox 1124 1637 1198 1686; x_wconf 71' lang='lat' dir='ltr'>sos.</span> 
     </span>
     <span class='ocr_line' id='line_1_19' title="bbox 195 1713 792 1789; baseline -0.003 -13"><span class='ocrx_word' id='word_1_161' title='bbox 195 1731 228 1776; x_wconf 87' lang='lat' dir='ltr'>ra</span> <span class='ocrx_word' id='word_1_162' title='bbox 241 1731 301 1774; x_wconf 89' lang='lat' dir='ltr'>nott</span> <span class='ocrx_word' id='word_1_163' title='bbox 320 1732 396 1789; x_wconf 86' lang='lat' dir='ltr'>esse,</span> <span class='ocrx_word' id='word_1_164' title='bbox 415 1723 448 1775; x_wconf 90' lang='lat' dir='ltr'>ut</span> <span class='ocrx_word' id='word_1_165' title='bbox 460 1715 549 1776; x_wconf 83' lang='lat' dir='ltr'>ueluti</span> <span class='ocrx_word' id='word_1_166' title='bbox 563 1713 593 1774; x_wconf 96' lang='lat' dir='ltr'>in</span> <span class='ocrx_word' id='word_1_167' title='bbox 608 1715 740 1775; x_wconf 89' lang='lat' dir='ltr'>omnium</span> <span class='ocrx_word' id='word_1_168' title='bbox 755 1731 792 1774; x_wconf 93' lang='lat' dir='ltr'>o·</span> 
     </span>
     <span class='ocr_line' id='line_1_20' title="bbox 194 1795 793 1878; baseline -0.002 -20"><span class='ocrx_word' id='word_1_169' title='bbox 194 1797 277 1860; x_wconf 91' lang='lat' dir='ltr'>culos</span> <span class='ocrx_word' id='word_1_170' title='bbox 289 1795 454 1860; x_wconf 88' lang='lat' dir='ltr'>incurrant.</span> <span class='ocrx_word' id='word_1_171' title='bbox 468 1798 498 1878; x_wconf 93' lang='lat' dir='ltr'>c)</span> <span class='ocrx_word' id='word_1_172' title='bbox 507 1797 538 1859; x_wconf 94' lang='lat' dir='ltr'>ld</span> <span class='ocrx_word' id='word_1_173' title='bbox 550 1798 596 1858; x_wconf 84' lang='lat' dir='ltr'>uel</span> <span class='ocrx_word' id='word_1_174' title='bbox 605 1797 730 1858; x_wconf 81' lang='lat' dir='ltr'>maxime</span> <span class='ocrx_word' id='word_1_175' title='bbox 741 1814 793 1877; x_wconf 90' lang='lat' dir='ltr'>per</span> 
     </span>
     <span class='ocr_line' id='line_1_21' title="bbox 193 1877 1429 1963; baseline -0.004 -19"><span class='ocrx_word' id='word_1_176' title='bbox 193 1880 794 1963; x_wconf 75' lang='lat' dir='ltr'>ipsamexperientiamconfirmatumCoo·</span> <span class='ocrx_word' id='word_1_177' title='bbox 883 1879 958 1942; x_wconf 86' lang='lat' dir='ltr'>Dum</span> <span class='ocrx_word' id='word_1_178' title='bbox 982 1878 1187 1940; x_wconf 80' lang='lat' dir='ltr'>&#39;controversia</span> <span class='ocrx_word' id='word_1_179' title='bbox 1210 1877 1246 1939; x_wconf 91' lang='lat' dir='ltr'>do</span> <span class='ocrx_word' id='word_1_180' title='bbox 1275 1877 1429 1941; x_wconf 80' lang='lat' dir='ltr'>existentia</span> 
     </span>
     <span class='ocr_line' id='line_1_22' title="bbox 193 1961 1427 2041; baseline -0.006 -12"><span class='ocrx_word' id='word_1_181' title='bbox 193 1974 252 2029; x_wconf 88' lang='lat' dir='ltr'>stat</span> <span class='ocrx_word' id='word_1_182' title='bbox 269 1965 348 2026; x_wconf 89' lang='lat' dir='ltr'>enim</span> <span class='ocrx_word' id='word_1_183' title='bbox 360 1965 436 2027; x_wconf 91' lang='lat' dir='ltr'>inter</span> <span class='ocrx_word' id='word_1_184' title='bbox 449 1966 544 2027; x_wconf 84' lang='lat' dir='ltr'>varias</span> <span class='ocrx_word' id='word_1_185' title='bbox 556 1963 790 2027; x_wconf 84' lang='lat' dir='ltr'>Christianorum</span> <span class='ocrx_word' id='word_1_186' title='bbox 832 1963 999 2026; x_wconf 86' lang='lat' dir='ltr'>traditionis</span> <span class='ocrx_word' id='word_1_187' title='bbox 1013 1963 1131 2024; x_wconf 84' lang='lat' dir='ltr'>divinae</span> <span class='ocrx_word' id='word_1_188' title='bbox 1152 1963 1180 2023; x_wconf 95' lang='lat' dir='ltr'>in</span> <span class='ocrx_word' id='word_1_189' title='bbox 1207 1961 1242 2024; x_wconf 89' lang='lat' dir='ltr'>N.</span> <span class='ocrx_word' id='word_1_190' title='bbox 1259 1961 1295 2023; x_wconf 89' lang='grc' dir='ltr'>Τ.</span> <span class='ocrx_word' id='word_1_191' title='bbox 1317 1967 1427 2041; x_wconf 77' lang='lat' dir='ltr'>agitur,</span> 
     </span>
     <span class='ocr_line' id='line_1_23' title="bbox 195 2046 1429 2131; baseline -0.005 -19"><span class='ocrx_word' id='word_1_192' title='bbox 195 2047 336 2124; x_wconf 90' lang='lat' dir='ltr'>iamilias,</span> <span class='ocrx_word' id='word_1_193' title='bbox 350 2067 425 2129; x_wconf 89' lang='lat' dir='ltr'>quae</span> <span class='ocrx_word' id='word_1_194' title='bbox 441 2067 545 2112; x_wconf 89' lang='lat' dir='ltr'>omnes</span> <span class='ocrx_word' id='word_1_195' title='bbox 565 2046 596 2110; x_wconf 89' lang='lat' dir='ltr'>S.</span> <span class='ocrx_word' id='word_1_196' title='bbox 609 2046 791 2131; x_wconf 87' lang='lat' dir='ltr'>Scripturam</span> <span class='ocrx_word' id='word_1_197' title='bbox 831 2049 932 2110; x_wconf 88' lang='lat' dir='ltr'>stricte</span> <span class='ocrx_word' id='word_1_198' title='bbox 958 2046 1106 2127; x_wconf 89' lang='lat' dir='ltr'>loquendo</span> <span class='ocrx_word' id='word_1_199' title='bbox 1125 2046 1162 2108; x_wconf 91' lang='lat' dir='ltr'>de</span> <span class='ocrx_word' id='word_1_200' title='bbox 1191 2046 1267 2108; x_wconf 88' lang='lat' dir='ltr'>iacto</span> <span class='ocrx_word' id='word_1_201' title='bbox 1291 2046 1429 2109; x_wconf 84' lang='lat' dir='ltr'>historico</span> 
     </span>
     <span class='ocr_line' id='line_1_24' title="bbox 195 2128 1426 2212; baseline -0.004 -17"><span class='ocrx_word' id='word_1_202' title='bbox 195 2143 228 2196; x_wconf 83' lang='grc' dir='ltr'>ιιι</span> <span class='ocrx_word' id='word_1_203' title='bbox 245 2132 313 2194; x_wconf 86' lang='lat' dir='ltr'>inici</span> <span class='ocrx_word' id='word_1_204' title='bbox 332 2133 461 2210; x_wconf 80' lang='lat' dir='ltr'>reguiam</span> <span class='ocrx_word' id='word_1_205' title='bbox 486 2140 684 2208; x_wconf 77' lang='lat' dir='ltr'>reiterantur,</span> <span class='ocrx_word' id='word_1_206' title='bbox 703 2133 791 2194; x_wconf 91' lang='lat' dir='ltr'>etiam</span> <span class='ocrx_word' id='word_1_207' title='bbox 832 2131 967 2212; x_wconf 89' lang='lat' dir='ltr'>quaestio</span> <span class='ocrx_word' id='word_1_208' title='bbox 986 2139 1132 2192; x_wconf 87' lang='lat' dir='ltr'>moretur.</span> <span class='ocrx_word' id='word_1_209' title='bbox 1157 2128 1319 2202; x_wconf 83' lang='lat' dir='ltr'>Quaeritur</span> <span class='ocrx_word' id='word_1_210' title='bbox 1336 2132 1426 2205; x_wconf 87' lang='lat' dir='ltr'>enim,</span> 
     </span>
     <span class='ocr_line' id='line_1_25' title="bbox 194 2213 1430 2295; baseline -0.003 -17"><span class='ocrx_word' id='word_1_211' title='bbox 194 2215 226 2278; x_wconf 90' lang='lat' dir='ltr'>io</span> <span class='ocrx_word' id='word_1_212' title='bbox 242 2217 429 2293; x_wconf 88' lang='lat' dir='ltr'>necessariis,</span> <span class='ocrx_word' id='word_1_213' title='bbox 446 2225 474 2278; x_wconf 90' lang='lat' dir='ltr'>et</span> <span class='ocrx_word' id='word_1_214' title='bbox 485 2216 665 2293; x_wconf 86' lang='lat' dir='ltr'>gravissimis</span> <span class='ocrx_word' id='word_1_215' title='bbox 683 2218 793 2278; x_wconf 87' lang='lat' dir='ltr'>verita·</span> <span class='ocrx_word' id='word_1_216' title='bbox 832 2235 869 2276; x_wconf 92' lang='lat' dir='ltr'>an</span> <span class='ocrx_word' id='word_1_217' title='bbox 892 2215 1024 2295; x_wconf 75' lang='lat' dir='ltr'>Apostoli</span> <span class='ocrx_word' id='word_1_218' title='bbox 1050 2213 1171 2291; x_wconf 90' lang='lat' dir='ltr'>omnia,</span> <span class='ocrx_word' id='word_1_219' title='bbox 1192 2233 1268 2295; x_wconf 88' lang='lat' dir='ltr'>quae</span> <span class='ocrx_word' id='word_1_220' title='bbox 1293 2213 1430 2276; x_wconf 90' lang='lat' dir='ltr'>orct&#39;cnus</span> 
     </span>
     <span class='ocr_line' id='line_1_26' title="bbox 195 2298 1430 2381; baseline -0.003 -19"><span class='ocrx_word' id='word_1_221' title='bbox 195 2298 276 2364; x_wconf 91' lang='lat' dir='ltr'>tibus</span> <span class='ocrx_word' id='word_1_222' title='bbox 287 2301 442 2362; x_wconf 81' lang='lat' dir='ltr'>maximam</span> <span class='ocrx_word' id='word_1_223' title='bbox 456 2299 669 2362; x_wconf 89' lang='lat' dir='ltr'>dissensionem</span> <span class='ocrx_word' id='word_1_224' title='bbox 684 2301 793 2362; x_wconf 84' lang='lat' dir='ltr'>existe·</span> <span class='ocrx_word' id='word_1_225' title='bbox 833 2300 1089 2381; x_wconf 80' lang='lat' dir='ltr'>praedicaverant,</span> <span class='ocrx_word' id='word_1_226' title='bbox 1116 2298 1370 2377; x_wconf 85' lang='lat' dir='ltr'>conscripserint,</span> <span class='ocrx_word' id='word_1_227' title='bbox 1390 2298 1430 2360; x_wconf 86' lang='lat' dir='ltr'>rel</span> 
     </span>
     <span class='ocr_line' id='line_1_27' title="bbox 195 2382 1428 2465; baseline -0.004 -18"><span class='ocrx_word' id='word_1_228' title='bbox 195 2384 404 2462; x_wconf 85' lang='lat' dir='ltr'>re,e.g.oirca</span> <span class='ocrx_word' id='word_1_229' title='bbox 417 2384 535 2445; x_wconf 88' lang='lat' dir='ltr'>modum</span> <span class='ocrx_word' id='word_1_230' title='bbox 551 2383 642 2446; x_wconf 89' lang='lat' dir='ltr'>ileum</span> <span class='ocrx_word' id='word_1_231' title='bbox 658 2384 793 2465; x_wconf 88' lang='lat' dir='ltr'>placandi</span> <span class='ocrx_word' id='word_1_232' title='bbox 834 2403 903 2445; x_wconf 92' lang='lat' dir='ltr'>non.</span> <span class='ocrx_word' id='word_1_233' title='bbox 922 2383 1011 2444; x_wconf 85' lang='lat' dir='ltr'>Facta</span> <span class='ocrx_word' id='word_1_234' title='bbox 1028 2390 1127 2443; x_wconf 87' lang='lat' dir='ltr'>autern</span> <span class='ocrx_word' id='word_1_235' title='bbox 1149 2382 1288 2443; x_wconf 85' lang='lat' dir='ltr'>historica</span> <span class='ocrx_word' id='word_1_236' title='bbox 1311 2401 1348 2443; x_wconf 83' lang='lat' dir='ltr'>cx</span> <span class='ocrx_word' id='word_1_237' title='bbox 1367 2401 1428 2442; x_wconf 92' lang='lat' dir='ltr'>mo-</span> 
     </span>
     <span class='ocr_line' id='line_1_28' title="bbox 196 2465 1429 2552; baseline -0.002 -23"><span class='ocrx_word' id='word_1_238' title='bbox 196 2476 263 2552; x_wconf 89' lang='lat' dir='ltr'>post</span> <span class='ocrx_word' id='word_1_239' title='bbox 290 2467 479 2529; x_wconf 90' lang='lat' dir='ltr'>commissam</span> <span class='ocrx_word' id='word_1_240' title='bbox 498 2469 640 2549; x_wconf 88' lang='lat' dir='ltr'>culpam,</span> <span class='ocrx_word' id='word_1_241' title='bbox 660 2469 737 2530; x_wconf 88' lang='lat' dir='ltr'>circa</span> <span class='ocrx_word' id='word_1_242' title='bbox 757 2469 793 2529; x_wconf 90' lang='lat' dir='ltr'>b·</span> <span class='ocrx_word' id='word_1_243' title='bbox 834 2465 985 2528; x_wconf 85' lang='lat' dir='ltr'>numentis</span> <span class='ocrx_word' id='word_1_244' title='bbox 997 2465 1175 2527; x_wconf 86' lang='lat' dir='ltr'>authenticis</span> <span class='ocrx_word' id='word_1_245' title='bbox 1192 2475 1221 2527; x_wconf 89' lang='lat' dir='ltr'>et</span> <span class='ocrx_word' id='word_1_246' title='bbox 1233 2465 1362 2528; x_wconf 90' lang='lat' dir='ltr'>testibus</span> <span class='ocrx_word' id='word_1_247' title='bbox 1377 2466 1429 2527; x_wconf 79' lang='lat' dir='ltr'>satie</span> 
     </span>
     <span class='ocr_line' id='line_1_29' title="bbox 197 2547 1431 2634; baseline -0.003 -20"><span class='ocrx_word' id='word_1_248' title='bbox 197 2570 267 2633; x_wconf 88' lang='lat' dir='ltr'>perc</span> <span class='ocrx_word' id='word_1_249' title='bbox 286 2549 363 2612; x_wconf 87' lang='lat' dir='ltr'>bona</span> <span class='ocrx_word' id='word_1_250' title='bbox 387 2559 417 2612; x_wconf 89' lang='lat' dir='ltr'>et</span> <span class='ocrx_word' id='word_1_251' title='bbox 435 2551 470 2612; x_wconf 92' lang='lat' dir='ltr'>ad</span> <span class='ocrx_word' id='word_1_252' title='bbox 489 2552 613 2613; x_wconf 91' lang='lat' dir='ltr'>salutem</span> <span class='ocrx_word' id='word_1_253' title='bbox 633 2553 792 2634; x_wconf 84' lang='lat' dir='ltr'>requisita,</span> <span class='ocrx_word' id='word_1_254' title='bbox 833 2551 932 2630; x_wconf 85' lang='lat' dir='ltr'>dignis</span> <span class='ocrx_word' id='word_1_255' title='bbox 949 2547 1191 2631; x_wconf 89' lang='lat' dir='ltr'>probandasunt.</span> <span class='ocrx_word' id='word_1_256' title='bbox 1205 2547 1293 2612; x_wconf 89' lang='lat' dir='ltr'>Omni</span> <span class='ocrx_word' id='word_1_257' title='bbox 1308 2550 1431 2627; x_wconf 83' lang='lat' dir='ltr'>ergoiu·</span> 
     </span>
     <span class='ocr_line' id='line_1_30' title="bbox 196 2632 1429 2718; baseline -0.005 -20"><span class='ocrx_word' id='word_1_258' title='bbox 196 2635 273 2698; x_wconf 89' lang='lat' dir='ltr'>circa</span> <span class='ocrx_word' id='word_1_259' title='bbox 294 2635 389 2696; x_wconf 88' lang='lat' dir='ltr'>media</span> <span class='ocrx_word' id='word_1_260' title='bbox 407 2635 523 2712; x_wconf 87' lang='lat' dir='ltr'>salutis,</span> <span class='ocrx_word' id='word_1_261' title='bbox 540 2637 698 2718; x_wconf 88' lang='lat' dir='ltr'>praecipue</span> <span class='ocrx_word' id='word_1_262' title='bbox 716 2637 794 2698; x_wconf 90' lang='lat' dir='ltr'>circa</span> <span class='ocrx_word' id='word_1_263' title='bbox 834 2655 865 2698; x_wconf 90' lang='lat' dir='ltr'>re</span> <span class='ocrx_word' id='word_1_264' title='bbox 883 2635 920 2696; x_wconf 93' lang='lat' dir='ltr'>ad</span> <span class='ocrx_word' id='word_1_265' title='bbox 934 2634 1101 2698; x_wconf 86' lang='lat' dir='ltr'>traditionis</span> <span class='ocrx_word' id='word_1_266' title='bbox 1113 2634 1229 2696; x_wconf 82' lang='lat' dir='ltr'>divinae</span> <span class='ocrx_word' id='word_1_267' title='bbox 1243 2632 1429 2694; x_wconf 84' lang='lat' dir='ltr'>existentiam</span> 
     </span>
     <span class='ocr_line' id='line_1_31' title="bbox 196 2716 1432 2800; baseline -0.006 -16"><span class='ocrx_word' id='word_1_268' title='bbox 196 2719 401 2784; x_wconf 88' lang='lat' dir='ltr'>Eucharistiae</span> <span class='ocrx_word' id='word_1_269' title='bbox 414 2731 630 2781; x_wconf 88' lang='lat' dir='ltr'>sacramentum</span> <span class='ocrx_word' id='word_1_270' title='bbox 643 2729 699 2782; x_wconf 87' lang='lat' dir='ltr'>etc.</span> <span class='ocrx_word' id='word_1_271' title='bbox 717 2721 794 2798; x_wconf 81' lang='lat' dir='ltr'>Ergo</span> <span class='ocrx_word' id='word_1_272' title='bbox 834 2718 1014 2800; x_wconf 87' lang='lat' dir='ltr'>probandam</span> <span class='ocrx_word' id='word_1_273' title='bbox 1034 2727 1206 2796; x_wconf 81' lang='lat' dir='ltr'>argumenta</span> <span class='ocrx_word' id='word_1_274' title='bbox 1224 2717 1368 2779; x_wconf 86' lang='lat' dir='ltr'>historica</span> <span class='ocrx_word' id='word_1_275' title='bbox 1386 2716 1432 2777; x_wconf 91' lang='lat' dir='ltr'>ad·</span> 
     </span>
     <span class='ocr_line' id='line_1_32' title="bbox 196 2801 1430 2882; baseline -0.004 -17"><span class='ocrx_word' id='word_1_276' title='bbox 196 2803 285 2866; x_wconf 89' lang='lat' dir='ltr'>etiam</span> <span class='ocrx_word' id='word_1_277' title='bbox 305 2802 339 2866; x_wconf 81' lang='lat' dir='ltr'>,iu</span> <span class='ocrx_word' id='word_1_278' title='bbox 361 2804 522 2864; x_wconf 86' lang='lat' dir='ltr'>necessaris</span> <span class='ocrx_word' id='word_1_279' title='bbox 541 2813 569 2865; x_wconf 91' lang='lat' dir='ltr'>et</span> <span class='ocrx_word' id='word_1_280' title='bbox 587 2805 795 2866; x_wconf 87' lang='lat' dir='ltr'>essentialibus</span> <span class='ocrx_word' id='word_1_281' title='bbox 832 2804 999 2879; x_wconf 85' lang='lat' dir='ltr'>ducuntur,</span> <span class='ocrx_word' id='word_1_282' title='bbox 1018 2820 1096 2882; x_wconf 88' lang='lat' dir='ltr'>quac</span> <span class='ocrx_word' id='word_1_283' title='bbox 1111 2801 1142 2880; x_wconf 93' lang='lat' dir='ltr'>l)</span> <span class='ocrx_word' id='word_1_284' title='bbox 1157 2803 1317 2864; x_wconf 79' lang='lat' dir='ltr'>casuariis</span> <span class='ocrx_word' id='word_1_285' title='bbox 1330 2801 1430 2863; x_wconf 84' lang='lat' dir='ltr'>Potri-</span> 
     </span>
     <span class='ocr_line' id='line_1_33' title="bbox 196 2884 1432 2968; baseline -0.003 -18"><span class='ocrx_word' id='word_1_286' title='bbox 196 2884 228 2950; x_wconf 89' lang='lat' dir='ltr'>S.</span> <span class='ocrx_word' id='word_1_287' title='bbox 243 2885 394 2968; x_wconf 86' lang='lat' dir='ltr'>Scriptura</span> <span class='ocrx_word' id='word_1_288' title='bbox 405 2886 477 2950; x_wconf 89' lang='lat' dir='ltr'>satis</span> <span class='ocrx_word' id='word_1_289' title='bbox 494 2887 573 2950; x_wconf 87' lang='lat' dir='ltr'>claro</span> <span class='ocrx_word' id='word_1_290' title='bbox 585 2887 644 2950; x_wconf 93' lang='lat' dir='ltr'>dici</span> <span class='ocrx_word' id='word_1_291' title='bbox 660 2907 718 2950; x_wconf 91' lang='lat' dir='ltr'>noo</span> <span class='ocrx_word' id='word_1_292' title='bbox 732 2896 796 2968; x_wconf 92' lang='lat' dir='ltr'>pot·</span> <span class='ocrx_word' id='word_1_293' title='bbox 834 2890 897 2961; x_wconf 81' lang='lat' dir='ltr'>baa,</span> <span class='ocrx_word' id='word_1_294' title='bbox 913 2885 946 2965; x_wconf 68' lang='lat' dir='ltr'>d)</span> <span class='ocrx_word' id='word_1_295' title='bbox 964 2904 1002 2949; x_wconf 81' lang='lat' dir='ltr'>ea</span> <span class='ocrx_word' id='word_1_296' title='bbox 1017 2904 1106 2949; x_wconf 81' lang='lat' dir='ltr'>aertsu</span> <span class='ocrx_word' id='word_1_297' title='bbox 1123 2886 1279 2961; x_wconf 75' lang='lat' dir='ltr'>Ecclesiae,</span> <span class='ocrx_word' id='word_1_298' title='bbox 1300 2894 1331 2946; x_wconf 87' lang='lat' dir='ltr'>et</span> <span class='ocrx_word' id='word_1_299' title='bbox 1350 2887 1382 2966; x_wconf 80' lang='lat'>3)</span> <span class='ocrx_word' id='word_1_300' title='bbox 1396 2900 1432 2946; x_wconf 81' lang='lat' dir='ltr'>ca</span> 
     </span>
     <span class='ocr_line' id='line_1_34' title="bbox 197 2969 1335 3052; baseline -0.004 -18"><span class='ocrx_word' id='word_1_301' title='bbox 197 2980 253 3034; x_wconf 91' lang='lat' dir='ltr'>est.</span> <span class='ocrx_word' id='word_1_302' title='bbox 834 2972 906 3052; x_wconf 75' lang='lat' dir='ltr'>ipris</span> <span class='ocrx_word' id='word_1_303' title='bbox 922 2970 1105 3034; x_wconf 84' lang='lat' dir='ltr'>odoermriis</span> <span class='ocrx_word' id='word_1_304' title='bbox 1121 2969 1181 3050; x_wconf 88' lang='lat' dir='ltr'>peti</span> <span class='ocrx_word' id='word_1_305' title='bbox 1199 2977 1335 3051; x_wconf 87' lang='lat' dir='ltr'>possunt.</span> 
     </span>
    </p>

    <p class='ocr_par' dir='ltr' id='par_1_3' title="bbox 197 3051 1437 3556">
     <span class='ocr_line' id='line_1_35' title="bbox 241 3051 796 3135; baseline -0.004 -17"><span class='ocrx_word' id='word_1_306' title='bbox 241 3053 305 3119; x_wconf 85' lang='lat' dir='ltr'>ott.</span> <span class='ocrx_word' id='word_1_307' title='bbox 322 3053 352 3116; x_wconf 82' lang='grc'>3.</span> <span class='ocrx_word' id='word_1_308' title='bbox 370 3051 400 3115; x_wconf 91' lang='lat' dir='ltr'>Si</span> <span class='ocrx_word' id='word_1_309' title='bbox 420 3053 540 3135; x_wconf 89' lang='lat' dir='ltr'>quaein</span> <span class='ocrx_word' id='word_1_310' title='bbox 560 3051 590 3116; x_wconf 90' lang='lat' dir='ltr'>S.</span> <span class='ocrx_word' id='word_1_311' title='bbox 611 3051 730 3116; x_wconf 88' lang='lat' dir='ltr'>Litteris</span> <span class='ocrx_word' id='word_1_312' title='bbox 743 3053 796 3116; x_wconf 94' lang='lat' dir='ltr'>ob·</span> 
     </span>
     <span class='ocr_line' id='line_1_36' title="bbox 197 3138 1198 3223; baseline 0.006 -23"><span class='ocrx_word' id='word_1_313' title='bbox 197 3156 284 3200; x_wconf 91' lang='lat' dir='ltr'>scura</span> <span class='ocrx_word' id='word_1_314' title='bbox 300 3147 378 3214; x_wconf 90' lang='lat' dir='ltr'>suut,</span> <span class='ocrx_word' id='word_1_315' title='bbox 395 3139 466 3200; x_wconf 78' lang='lat' dir='ltr'>sartis</span> <span class='ocrx_word' id='word_1_316' title='bbox 481 3138 560 3198; x_wconf 87' lang='lat' dir='ltr'>clara</span> <span class='ocrx_word' id='word_1_317' title='bbox 577 3138 640 3199; x_wconf 84' lang='lat' dir='ltr'>iteri</span> <span class='ocrx_word' id='word_1_318' title='bbox 659 3147 793 3218; x_wconf 89' lang='lat' dir='ltr'>possunt,</span> <span class='ocrx_word' id='word_1_319' title='bbox 1072 3150 1102 3223; x_wconf 75' lang='grc' dir='ltr'>ς.</span> <span class='ocrx_word' id='word_1_320' title='bbox 1125 3158 1198 3206; x_wconf 83' lang='lat' dir='ltr'>tes.</span> 
     </span>
     <span class='ocr_line' id='line_1_37' title="bbox 198 3219 794 3302; baseline -0.002 -18"><span class='ocrx_word' id='word_1_321' title='bbox 198 3221 223 3284; x_wconf 94' lang='lat' dir='ltr'>si</span> <span class='ocrx_word' id='word_1_322' title='bbox 241 3221 278 3284; x_wconf 91' lang='lat' dir='ltr'>ab</span> <span class='ocrx_word' id='word_1_323' title='bbox 300 3219 358 3282; x_wconf 89' lang='lat' dir='ltr'>iliis</span> <span class='ocrx_word' id='word_1_324' title='bbox 379 3231 573 3302; x_wconf 84' lang='lat' dir='ltr'>exponantur,</span> <span class='ocrx_word' id='word_1_325' title='bbox 599 3221 651 3302; x_wconf 87' lang='lat' dir='ltr'>qui</span> <span class='ocrx_word' id='word_1_326' title='bbox 677 3224 794 3301; x_wconf 82' lang='lat' dir='ltr'>regula·</span> 
     </span>
     <span class='ocr_line' id='line_1_38' title="bbox 197 3303 794 3383; baseline 0 -15"><span class='ocrx_word' id='word_1_327' title='bbox 197 3322 271 3368; x_wconf 85' lang='lat' dir='ltr'>rum·</span> <span class='ocrx_word' id='word_1_328' title='bbox 292 3303 579 3366; x_wconf 86' lang='lat' dir='ltr'>itermoncuticarum</span> <span class='ocrx_word' id='word_1_329' title='bbox 602 3307 794 3383; x_wconf 78' lang='lat' dir='ltr'>cognitione,</span> 
     </span>
     <span class='ocr_line' id='line_1_39' title="bbox 198 3387 1437 3473; baseline 0.002 -24"><span class='ocrx_word' id='word_1_330' title='bbox 198 3387 363 3465; x_wconf 84' lang='lat' dir='ltr'>linguarum</span> <span class='ocrx_word' id='word_1_331' title='bbox 378 3389 563 3449; x_wconf 91' lang='lat' dir='ltr'>orientalium</span> <span class='ocrx_word' id='word_1_332' title='bbox 579 3390 696 3469; x_wconf 86' lang='lat' dir='ltr'>peritia,</span> <span class='ocrx_word' id='word_1_333' title='bbox 711 3397 740 3451; x_wconf 88' lang='lat' dir='ltr'>et</span> <span class='ocrx_word' id='word_1_334' title='bbox 751 3407 798 3452; x_wconf 91' lang='lat' dir='ltr'>ar·</span> <span class='ocrx_word' id='word_1_335' title='bbox 887 3389 931 3454; x_wconf 76' lang='lat' dir='ltr'>An</span> <span class='ocrx_word' id='word_1_336' title='bbox 954 3389 1086 3473; x_wconf 76' lang='lat' dir='ltr'>Apostoli</span> <span class='ocrx_word' id='word_1_337' title='bbox 1104 3399 1134 3454; x_wconf 88' lang='lat' dir='ltr'>el</span> <span class='ocrx_word' id='word_1_338' title='bbox 1147 3391 1348 3472; x_wconf 79' lang='lat' dir='ltr'>Evangoiistae</span> <span class='ocrx_word' id='word_1_339' title='bbox 1363 3409 1437 3460; x_wconf 77' lang='lat' dir='ltr'>ont·¹</span> 
     </span>
     <span class='ocr_line' id='line_1_40' title="bbox 199 3470 1437 3556; baseline 0.001 -22"><span class='ocrx_word' id='word_1_340' title='bbox 199 3470 369 3548; x_wconf 81' lang='lat' dir='ltr'>olteologiac</span> <span class='ocrx_word' id='word_1_341' title='bbox 387 3470 484 3534; x_wconf 84' lang='lat' dir='ltr'>slutiio</span> <span class='ocrx_word' id='word_1_342' title='bbox 505 3471 610 3533; x_wconf 84' lang='lat' dir='ltr'>ururtiti</span> <span class='ocrx_word' id='word_1_343' title='bbox 625 3481 705 3536; x_wconf 92' lang='lat' dir='ltr'>sunt.</span> <span class='ocrx_word' id='word_1_344' title='bbox 837 3475 897 3548; x_wconf 87' lang='lat' dir='ltr'>nia,</span> <span class='ocrx_word' id='word_1_345' title='bbox 914 3495 990 3556; x_wconf 92' lang='lat' dir='ltr'>quae</span> <span class='ocrx_word' id='word_1_346' title='bbox 1007 3475 1140 3539; x_wconf 89' lang='lat' dir='ltr'>Citristus</span> <span class='ocrx_word' id='word_1_347' title='bbox 1159 3477 1282 3552; x_wconf 90' lang='lat' dir='ltr'>docuit,</span> <span class='ocrx_word' id='word_1_348' title='bbox 1300 3475 1437 3538; x_wconf 65' lang='lat' dir='ltr'>correcti-¹</span> 
     </span>
    </p>

    <p class='ocr_par' dir='ltr' id='par_1_4' title="bbox 195 3551 1454 3954">
     <span class='ocr_line' id='line_1_41' title="bbox 241 3551 1454 3645; baseline 0.001 -27"><span class='ocrx_word' id='word_1_349' title='bbox 241 3555 326 3634; x_wconf 76' lang='lat' dir='ltr'>Hesp.</span> <span class='ocrx_word' id='word_1_350' title='bbox 346 3551 483 3616; x_wconf 82' lang='lat' dir='ltr'>Suirsiclia</span> <span class='ocrx_word' id='word_1_351' title='bbox 499 3557 553 3617; x_wconf 91' lang='lat' dir='ltr'>ista</span> <span class='ocrx_word' id='word_1_352' title='bbox 572 3555 692 3632; x_wconf 86' lang='lat' dir='ltr'>biblica,</span> <span class='ocrx_word' id='word_1_353' title='bbox 716 3575 796 3618; x_wconf 90' lang='lat' dir='ltr'>nun·</span> <span class='ocrx_word' id='word_1_354' title='bbox 838 3561 961 3641; x_wconf 88' lang='lat' dir='ltr'>pserint,</span> <span class='ocrx_word' id='word_1_355' title='bbox 983 3560 1027 3621; x_wconf 81' lang='lat' dir='ltr'>vel</span> <span class='ocrx_word' id='word_1_356' title='bbox 1049 3579 1119 3636; x_wconf 92' lang='lat' dir='ltr'>non,</span> <span class='ocrx_word' id='word_1_357' title='bbox 1139 3561 1250 3641; x_wconf 86' lang='lat' dir='ltr'>optime</span> <span class='ocrx_word' id='word_1_358' title='bbox 1274 3580 1360 3622; x_wconf 92' lang='lat' dir='ltr'>nosse</span> <span class='ocrx_word' id='word_1_359' title='bbox 1376 3558 1454 3645; x_wconf 20' lang='lat' dir='ltr'>poi!</span> 
     </span>
     <span class='ocr_line' id='line_1_42' title="bbox 200 3639 1437 3726; baseline 0.005 -27"><span class='ocrx_word' id='word_1_360' title='bbox 200 3656 288 3720; x_wconf 88' lang='lat' dir='ltr'>quam</span> <span class='ocrx_word' id='word_1_361' title='bbox 302 3654 373 3699; x_wconf 89' lang='lat' dir='ltr'>sanc</span> <span class='ocrx_word' id='word_1_362' title='bbox 385 3639 562 3716; x_wconf 85' lang='lat' dir='ltr'>spernenda,</span> <span class='ocrx_word' id='word_1_363' title='bbox 576 3640 744 3702; x_wconf 82' lang='lat' dir='ltr'>nuliatenus</span> <span class='ocrx_word' id='word_1_364' title='bbox 755 3650 797 3702; x_wconf 90' lang='lat' dir='ltr'>ta·</span> <span class='ocrx_word' id='word_1_365' title='bbox 838 3653 955 3706; x_wconf 81' lang='lat' dir='ltr'>luerunt</span> <span class='ocrx_word' id='word_1_366' title='bbox 974 3643 1159 3706; x_wconf 87' lang='lat' dir='ltr'>celeberrimi</span> <span class='ocrx_word' id='word_1_367' title='bbox 1176 3643 1219 3706; x_wconf 93' lang='lat' dir='ltr'>illi</span> <span class='ocrx_word' id='word_1_368' title='bbox 1235 3643 1304 3720; x_wconf 87' lang='lat' dir='ltr'>viri,</span> <span class='ocrx_word' id='word_1_369' title='bbox 1316 3646 1366 3726; x_wconf 87' lang='lat' dir='ltr'>qui</span> <span class='ocrx_word' id='word_1_370' title='bbox 1379 3661 1437 3705; x_wconf 68' lang='lat' dir='ltr'>ae·¹</span> 
     </span>
     <span class='ocr_line' id='line_1_43' title="bbox 195 3721 1429 3810; baseline 0.007 -32"><span class='ocrx_word' id='word_1_371' title='bbox 195 3740 268 3785; x_wconf 86' lang='lat' dir='ltr'>mea</span> <span class='ocrx_word' id='word_1_372' title='bbox 287 3721 437 3784; x_wconf 82' lang='lat' dir='ltr'>suiitcicnt</span> <span class='ocrx_word' id='word_1_373' title='bbox 459 3722 496 3784; x_wconf 92' lang='lat' dir='ltr'>ad</span> <span class='ocrx_word' id='word_1_374' title='bbox 514 3722 643 3786; x_wconf 86' lang='lat' dir='ltr'>debitam</span> <span class='ocrx_word' id='word_1_375' title='bbox 662 3721 692 3787; x_wconf 91' lang='lat' dir='ltr'>S.</span> <span class='ocrx_word' id='word_1_376' title='bbox 714 3723 796 3786; x_wconf 89' lang='lat' dir='ltr'>Scri·</span> <span class='ocrx_word' id='word_1_377' title='bbox 837 3747 871 3789; x_wconf 84' lang='lat' dir='ltr'>ro</span> <span class='ocrx_word' id='word_1_378' title='bbox 890 3727 1051 3807; x_wconf 90' lang='lat' dir='ltr'>apostolico</span> <span class='ocrx_word' id='word_1_379' title='bbox 1068 3729 1281 3810; x_wconf 82' lang='lat' dir='ltr'>proximiores,</span> <span class='ocrx_word' id='word_1_380' title='bbox 1298 3727 1429 3790; x_wconf 87' lang='lat' dir='ltr'>doctrina</span> 
     </span>
     <span class='ocr_line' id='line_1_44' title="bbox 199 3803 1436 3954; baseline 0.007 -87"><span class='ocrx_word' id='word_1_381' title='bbox 199 3803 539 3954; x_wconf 58' lang='lat' dir='ltr'>Rturaeinteiligentiam</span> <span class='ocrx_word' id='word_1_382' title='bbox 555 3810 795 3889; x_wconf 85' lang='lat' dir='ltr'>comparandam.</span> <span class='ocrx_word' id='word_1_383' title='bbox 837 3821 865 3873; x_wconf 90' lang='lat' dir='ltr'>et</span> <span class='ocrx_word' id='word_1_384' title='bbox 885 3813 992 3891; x_wconf 88' lang='lat' dir='ltr'>pietate</span> <span class='ocrx_word' id='word_1_385' title='bbox 1004 3813 1170 3893; x_wconf 88' lang='lat' dir='ltr'>conspicui,</span> <span class='ocrx_word' id='word_1_386' title='bbox 1183 3812 1301 3892; x_wconf 89' lang='lat' dir='ltr'>scriptis</span> <span class='ocrx_word' id='word_1_387' title='bbox 1312 3813 1373 3874; x_wconf 90' lang='lat' dir='ltr'>suis</span> <span class='ocrx_word' id='word_1_388' title='bbox 1386 3832 1436 3876; x_wconf 52' lang='lat' dir='ltr'>acm</span> 
     </span>
    </p>

    <p class='ocr_par' dir='ltr' id='par_1_5' title="bbox 176 3891 1432 4391">
     <span class='ocr_line' id='line_1_45' title="bbox 225 3891 1427 3976; baseline 0.003 -24"><span class='ocrx_word' id='word_1_389' title='bbox 225 3909 272 3952; x_wconf 84' lang='lat' dir='ltr'>arn</span> <span class='ocrx_word' id='word_1_390' title='bbox 292 3891 322 3968; x_wconf 81' lang='lat' dir='ltr'>a)</span> <span class='ocrx_word' id='word_1_391' title='bbox 341 3907 519 3970; x_wconf 85' lang='lat' dir='ltr'>quocunqne</span> <span class='ocrx_word' id='word_1_392' title='bbox 539 3891 624 3954; x_wconf 90' lang='lat' dir='ltr'>motio</span> <span class='ocrx_word' id='word_1_393' title='bbox 644 3893 711 3974; x_wconf 90' lang='lat' dir='ltr'>quis</span> <span class='ocrx_word' id='word_1_394' title='bbox 740 3893 798 3953; x_wconf 95' lang='lat' dir='ltr'>illis</span> <span class='ocrx_word' id='word_1_395' title='bbox 838 3896 956 3957; x_wconf 84' lang='lat' dir='ltr'>alesiam</span> <span class='ocrx_word' id='word_1_396' title='bbox 971 3895 1166 3972; x_wconf 86' lang='lat' dir='ltr'>illustrarunt,</span> <span class='ocrx_word' id='word_1_397' title='bbox 1179 3905 1208 3957; x_wconf 90' lang='lat' dir='ltr'>et</span> <span class='ocrx_word' id='word_1_398' title='bbox 1225 3898 1276 3976; x_wconf 91' lang='lat' dir='ltr'>qui</span> <span class='ocrx_word' id='word_1_399' title='bbox 1293 3896 1359 3958; x_wconf 88' lang='lat' dir='ltr'>ideo</span> <span class='ocrx_word' id='word_1_400' title='bbox 1375 3898 1427 3959; x_wconf 87' lang='lat' dir='ltr'>iarn</span> 
     </span>
     <span class='ocr_line' id='line_1_46' title="bbox 202 3971 1430 4050; baseline 0.006 -14"><span class='ocrx_word' id='word_1_401' title='bbox 202 3973 364 4038; x_wconf 85' lang='lat' dir='ltr'>instructus</span> <span class='ocrx_word' id='word_1_402' title='bbox 378 3971 434 4050; x_wconf 89' lang='lat' dir='ltr'>sit,</span> <span class='ocrx_word' id='word_1_403' title='bbox 452 3983 599 4047; x_wconf 77' lang='lat' dir='ltr'>situation,</span> <span class='ocrx_word' id='word_1_404' title='bbox 619 3976 643 4037; x_wconf 92' lang='lat' dir='ltr'>si</span> <span class='ocrx_word' id='word_1_405' title='bbox 666 3974 697 4038; x_wconf 88' lang='lat' dir='ltr'>S.</span> <span class='ocrx_word' id='word_1_406' title='bbox 718 3973 798 4038; x_wconf 87' lang='lat' dir='ltr'>Scri·</span> <span class='ocrx_word' id='word_1_407' title='bbox 839 3987 870 4040; x_wconf 87' lang='lat' dir='ltr'>ut</span> <span class='ocrx_word' id='word_1_408' title='bbox 888 3988 976 4040; x_wconf 90' lang='lat' dir='ltr'>testes</span> <span class='ocrx_word' id='word_1_409' title='bbox 995 3979 1124 4042; x_wconf 88' lang='lat' dir='ltr'>ltistorici</span> <span class='ocrx_word' id='word_1_410' title='bbox 1136 3999 1254 4043; x_wconf 81' lang='lat' dir='ltr'>ornnem</span> <span class='ocrx_word' id='word_1_411' title='bbox 1272 3980 1358 4042; x_wconf 76' lang='lat' dir='ltr'>iidem</span> <span class='ocrx_word' id='word_1_412' title='bbox 1373 4000 1430 4043; x_wconf 91' lang='lat' dir='ltr'>me·</span> 
     </span>
     <span class='ocr_line' id='line_1_47' title="bbox 176 4057 1429 4152; baseline 0.007 -34"><span class='ocrx_word' id='word_1_413' title='bbox 176 4067 317 4152; x_wconf 80' lang='lat' dir='ltr'>¹pitaram</span> <span class='ocrx_word' id='word_1_414' title='bbox 345 4057 485 4138; x_wconf 83' lang='lat' dir='ltr'>crpottit,</span> <span class='ocrx_word' id='word_1_415' title='bbox 506 4077 564 4120; x_wconf 90' lang='lat' dir='ltr'>non</span> <span class='ocrx_word' id='word_1_416' title='bbox 588 4058 714 4122; x_wconf 76' lang='lat' dir='ltr'>liabetur</span> <span class='ocrx_word' id='word_1_417' title='bbox 741 4060 798 4122; x_wconf 90' lang='lat' dir='ltr'>uisi</span> <span class='ocrx_word' id='word_1_418' title='bbox 838 4072 950 4124; x_wconf 87' lang='lat' dir='ltr'>rentttr.</span> <span class='ocrx_word' id='word_1_419' title='bbox 971 4061 1021 4125; x_wconf 90' lang='lat' dir='ltr'>isti</span> <span class='ocrx_word' id='word_1_420' title='bbox 1040 4073 1139 4126; x_wconf 89' lang='lat' dir='ltr'>autem</span> <span class='ocrx_word' id='word_1_421' title='bbox 1168 4083 1227 4126; x_wconf 88' lang='lat' dir='ltr'>uon</span> <span class='ocrx_word' id='word_1_422' title='bbox 1255 4065 1339 4145; x_wconf 87' lang='lat' dir='ltr'>quasi</span> <span class='ocrx_word' id='word_1_423' title='bbox 1358 4085 1429 4140; x_wconf 89' lang='lat' dir='ltr'>ore,</span> 
     </span>
     <span class='ocr_line' id='line_1_48' title="bbox 202 4143 1429 4230; baseline 0.007 -28"><span class='ocrx_word' id='word_1_424' title='bbox 202 4143 407 4221; x_wconf 77' lang='lat' dir='ltr'>interpretatio</span> <span class='ocrx_word' id='word_1_425' title='bbox 422 4143 552 4204; x_wconf 87' lang='lat' dir='ltr'>auctoris</span> <span class='ocrx_word' id='word_1_426' title='bbox 570 4144 687 4223; x_wconf 85' lang='lat' dir='ltr'>priuati,</span> <span class='ocrx_word' id='word_1_427' title='bbox 703 4145 750 4205; x_wconf 94' lang='lat' dir='ltr'>cui</span> <span class='ocrx_word' id='word_1_428' title='bbox 766 4163 799 4206; x_wconf 85' lang='lat' dir='ltr'>se</span> <span class='ocrx_word' id='word_1_429' title='bbox 840 4165 897 4208; x_wconf 89' lang='lat' dir='ltr'>nou</span> <span class='ocrx_word' id='word_1_430' title='bbox 916 4148 1029 4223; x_wconf 87' lang='lat' dir='ltr'>ornaia,</span> <span class='ocrx_word' id='word_1_431' title='bbox 1043 4167 1120 4230; x_wconf 90' lang='lat' dir='ltr'>quae</span> <span class='ocrx_word' id='word_1_432' title='bbox 1134 4149 1168 4210; x_wconf 86' lang='lat' dir='ltr'>ati</span> <span class='ocrx_word' id='word_1_433' title='bbox 1184 4147 1270 4210; x_wconf 80' lang='lat' dir='ltr'>sitietn</span> <span class='ocrx_word' id='word_1_434' title='bbox 1286 4159 1429 4230; x_wconf 81' lang='lat' dir='ltr'>spectant,</span> 
     </span>
     <span class='ocr_line' id='line_1_49' title="bbox 204 4225 1430 4311; baseline 0.006 -28"><span class='ocrx_word' id='word_1_435' title='bbox 204 4240 291 4285; x_wconf 82' lang='lat' dir='ltr'>nerrto</span> <span class='ocrx_word' id='word_1_436' title='bbox 306 4225 450 4289; x_wconf 83' lang='lat' dir='ltr'>subiicere</span> <span class='ocrx_word' id='word_1_437' title='bbox 467 4236 595 4301; x_wconf 89' lang='lat' dir='ltr'>tenetur,</span> <span class='ocrx_word' id='word_1_438' title='bbox 611 4246 664 4288; x_wconf 85' lang='lat' dir='ltr'>trec</span> <span class='ocrx_word' id='word_1_439' title='bbox 679 4228 814 4310; x_wconf 76' lang='lat' dir='ltr'>orrtnino</span> <span class='ocrx_word' id='word_1_440' title='bbox 839 4232 1097 4311; x_wconf 72' lang='lat' dir='ltr'>consummasse,</span> <span class='ocrx_word' id='word_1_441' title='bbox 1115 4242 1269 4304; x_wconf 81' lang='lat' dir='ltr'>testantur,</span> <span class='ocrx_word' id='word_1_442' title='bbox 1286 4243 1315 4295; x_wconf 89' lang='lat' dir='ltr'>ct</span> <span class='ocrx_word' id='word_1_443' title='bbox 1335 4233 1388 4296; x_wconf 78' lang='lat' dir='ltr'>inre</span> <span class='ocrx_word' id='word_1_444' title='bbox 1399 4234 1430 4291; x_wconf 78' lang='lat' dir='ltr'>ic</span> 
     </span>
     <span class='ocr_line' id='line_1_50' title="bbox 205 4307 1432 4391; baseline 0.017 -26"><span class='ocrx_word' id='word_1_445' title='bbox 205 4310 269 4368; x_wconf 89' lang='lat' dir='ltr'>tulo</span> <span class='ocrx_word' id='word_1_446' title='bbox 295 4307 386 4370; x_wconf 76' lang='lat' dir='ltr'>lld&#39;ere</span> <span class='ocrx_word' id='word_1_447' title='bbox 415 4320 522 4389; x_wconf 85' lang='lat' dir='ltr'>potest.</span> <span class='ocrx_word' id='word_1_448' title='bbox 554 4309 586 4390; x_wconf 89' lang='lat' dir='ltr'>b)</span> <span class='ocrx_word' id='word_1_449' title='bbox 610 4309 800 4391; x_wconf 81' lang='lat' dir='ltr'>Experientia</span> <span class='ocrx_word' id='word_1_450' title='bbox 839 4317 1432 4386; x_wconf 81' lang='lat' dir='ltr'>causatuoditioncsoralesmaximecortt·</span> 
     </span>
    </p>
   </div>
   <div class='ocr_carea' id='block_1_3' title="bbox 970 1759 1291 1816">
    <p class='ocr_par' dir='ltr' id='par_1_6' title="bbox 970 1759 1291 1816">
     <span class='ocr_line' id='line_1_51' title="bbox 970 1759 1291 1816; baseline 0 -10"><span class='ocrx_word' id='word_1_451' title='bbox 970 1759 996 1806; x_wconf 85' lang='lat' dir='ltr'>ll·</span> <span class='ocrx_word' id='word_1_452' title='bbox 1011 1759 1156 1816; x_wconf 74' lang='lat' dir='ltr'>Argumenta</span> <span class='ocrx_word' id='word_1_453' title='bbox 1171 1759 1291 1806; x_wconf 77' lang='lat' dir='ltr'>historica.</span> 
     </span>
    </p>
   </div>
   <div class='ocr_carea' id='block_1_4' title="bbox 988 3249 1456 3324">
    <p class='ocr_par' dir='ltr' id='par_1_7' title="bbox 988 3249 1456 3324">
     <span class='ocr_line' id='line_1_52' title="bbox 988 3249 1456 3324; baseline 0.019 -5"><span class='ocrx_word' id='word_1_454' title='bbox 988 3269 1006 3318; x_wconf 94' lang='lat' dir='ltr'>i.</span> <span class='ocrx_word' id='word_1_455' title='bbox 1021 3271 1054 3320; x_wconf 79' lang='lat' dir='ltr'>lis</span> <span class='ocrx_word' id='word_1_456' title='bbox 1067 3278 1154 3321; x_wconf 87' lang='lat' dir='ltr'>sanctis</span> <span class='ocrx_word' id='word_1_457' title='bbox 1169 3276 1282 3324; x_wconf 76' lang='lat' dir='ltr'>Patribus</span> <span class='ocrx_word' id='word_1_458' title='bbox 1384 3249 1389 3264; x_wconf 39' lang='lat'>⁸</span> <span class='ocrx_word' id='word_1_459' title='bbox 1452 3267 1456 3284; x_wconf 77' lang='lat'>⁸</span> 
     </span>
    </p>
   </div>
   <div class='ocr_carea' id='block_1_5' title="bbox 0 0 1481 4736">
    <p class='ocr_par' dir='ltr' id='par_1_8' title="bbox 0 0 1481 4736">
     <span class='ocr_line' id='line_1_53' title="bbox 0 0 1481 4736; baseline 0 0"><span class='ocrx_word' id='word_1_460' title='bbox 0 0 1481 4736; x_wconf 95' lang='lat' dir='ltr'> </span> 
     </span>
    </p>
   </div>
  </div>
 </body>
</html>
