2910 4732
439 199 515 256 erre
532 201 562 258 n·
578 193 683 260 tiemo
701 216 728 260 n·
742 191 896 262 minti.
1201 189 1244 258 38

306 278 410 372 Μ
699 337 703 344 -
739 294 771 356 3t
800 292 1056 371 Summumergo
1084 287 1284 369 cognoscendi

115 361 157 412 Μ
177 360 459 418 ””’””““Μ”“”
468 360 581 414 th'ffi·
685 377 868 458 principium·
881 381 926 438 eoi
940 395 993 455 per
1013 395 1045 438 se
1064 384 1134 436 nota
1156 375 1281 450 Veritas,

89 455 119 520 i.
143 451 421 518 escensionem
445 455 645 538 persuasisn·
684 470 718 522 et
731 462 851 543 quitiam
872 461 1015 540 monton,
1040 459 1145 539 quiae
1168 458 1283 520 ratione

46 557 114 602 mus
133 553 189 600 nos
206 539 326 600 eitieota
343 538 424 599 ucria
447 555 644 618 cognoscere,
684 545 809 625 quidem
821 544 1006 626 percipitur,
1019 543 1069 603 sed
1098 560 1233 621 semper,
1253 551 1299 602 ct·

45 635 76 685 et
94 641 164 685 vere
182 643 202 682 a
219 623 301 684 t'atsis
318 635 474 684 secernere
491 641 588 704 possa.
609 623 645 686 tn
685 629 798 710 uniquus
815 646 879 690 ona
892 625 1078 706 cognoscitur
1092 625 1204 688 Veritus
1214 626 1282 703 pri-

45 715 144 768 autem
172 707 292 768 nitiecta
321 714 400 768 recte
426 706 644 784 diiudicemtrs,
684 720 972 792 cooperantem,
998 709 1075 790 quia.
1093 706 1166 770 nihii
1192 726 1282 788 supro
1388 701 1392 710 ’

48 785 642 872 principiiscngnoscenciinobisopesest.
685 795 779 873 iiiam,
801 797 878 858 unde
897 813 965 856 voro
983 794 1042 868 sit,
1062 811 1080 853 a
1101 789 1216 852 natione
1234 791 1298 859 tii-1

45 875 95 936 Sic
113 893 141 935 e.
158 893 187 952 g.
208 881 244 934 nt
262 873 409 953 possimus
430 873 573 952 iudicare,
591 875 646 937 hoc
685 879 781 957 detur3
806 880 919 942 Veritas
935 875 1117 946 necesaria,
1129 881 1156 936 et
1171 873 1282 935 intoni-

47 975 154 1038 corpus
169 969 237 1018 esse
258 957 371 1031 eibum,
390 966 420 1019 et
433 959 606 1035 rotundum,
622 960 647 1020 i·
663 934 666 1044 i
685 963 796 1037 tooiiie;
808 963 885 1026 ratio
903 962 983 1026 enim
999 959 1156 1021 nonnutns
1171 975 1278 1036 prepo-
1295 964 1298 978 ¹

47 1045 104 1102 dea
123 1041 204 1116 ribi,
224 1049 257 1101 ct'
271 1040 392 1101 rotundi
416 1042 583 1104 necessaria
601 1051 646 1104 ost
685 1048 807 1108 sitiones
834 1045 1017 1120 necessario,
1038 1040 1284 1108 attenuante·

50 1125 145 1186 nobis.
161 1124 229 1186 Non
250 1124 330 1184 enim
349 1121 466 1186 obiecta
491 1126 558 1187 ideo
575 1126 642 1201 hnc,
685 1140 731 1190 ter
749 1149 832 1192 veras
851 1127 1104 1205 esse-cognoscin
1129 1143 1192 1186 nou
1213 1133 1300 1204 poe·

50 1209 165 1269 amatio
186 1207 277 1268 nemu
294 1210 453 1269 constituta
470 1219 556 1286 sunt,
575 1210 645 1290 quia
685 1222 729 1274 est
747 1222 845 1276 autem
873 1211 1035 1294 propositio
1061 1208 1169 1272 certior
1194 1226 1279 1284 esse,

47 1293 173 1372 spiritus
188 1303 291 1352 noster
307 1292 349 1351 sic
367 1293 419 1353 iiia
441 1293 568 1370 cogitato
588 1309 648 1356 ne-¹
685 1316 772 1375 quam
794 1296 984 1377 principium,
995 1313 1029 1356 en
1042 1311 1100 1374 quo
1112 1291 1278 1366 deducitur;

48 1395 106 1455 que
122 1376 195 1456 quia
218 1375 334 1442 chiama,
352 1375 392 1436 ita
408 1377 645 1439 vereconstituta
688 1381 803 1444 Veritas
820 1391 962 1454 aeterno,
982 1387 1009 1441 ot
1031 1379 1183 1452 iocrooto,
1202 1377 1277 1455 quod

47 1459 647 1540 sont,tceosenperspiriutsnostorue
685 1466 764 1526 euim
796 1462 1018 1537 necessarium,
1042 1469 1072 1522 et
1095 1451 1280 1521 immutabile

48 1543 106 1604 iliis
123 1551 205 1604 recte
222 1541 344 1620 cogitet,
358 1542 647 1624 potiamini-opor·
685 1548 864 1628 concipitur,
880 1556 1032 1608 oeternum
1052 1561 1182 1625 quoque,
1203 1561 1236 1603 ac
1250 1543 1279 1602 i·

48 1636 106 1703 cst,
119 1623 158 1688 ¹et
175 1634 250 1687 aetu-
258 1640 346 1706 saepe
358 1627 486 1688 aberrat.
501 1623 646 1698 Quoniam
686 1632 744 1693 deo
760 1633 922 1694 increatum
943 1627 1104 1692 meandum·
1118 1634 1176 1703 est,
1198 1627 1281 1692 Veri-

50 1729 120 1789 ergo
138 1709 270 1787 cognitio
290 1718 370 1770 recta
393 1725 494 1772 rerem
515 1727 648 1792 nequeo
686 1723 732 1778 tor
748 1716 977 1795 omnipraesenc,
989 1730 1062 1778 nam
1076 1711 1188 1790 ubique
1204 1711 1297 1776 ioco-¹

48 1798 112 1856 soto
135 1793 265 1875 spiritu,
284 1808 381 1873 neque
399 1806 416 1855 a
433 1795 509 1856 solis·
526 1795 648 1857 obiectis
687 1814 755 1860 ram
775 1799 911 1860 homines
934 1798 970 1858 in.
983 1795 1111 1858 sommis
1125 1793 1298 1876 princpes·

50 1879 145 1959 repeti
165 1885 279 1957 potest,
292 1875 359 1938 ideo
377 1877 524 1958 principie
537 1895 652 1958 cogno*
688 1883 725 1944 d'e
741 1901 827 1959 cero,
844 1881 933 1958 bono,
953 1881 1054 1962 petiero
1071 1887 1128 1940 eto.
1153 1896 1281 1938 consen·

49 1963 153 2023 scendi
173 1959 378 2040 requiruntur,
396 1961 477 2023 iuxta
495 1979 571 2042 quae
586 1961 648 2044 spi·
687 1967 781 2043 tiunt,
794 1985 864 2045 ergo
877 1965 915 2027 ad
932 1963 1058 2026 eandem·
1068 1961 1214 2039 regeriam,
1229 1979 1282 2022 seu

50 2047 124 2107 ritus
143 2052 256 2118 noster,
270 2043 430 2122 diiudicet,
446 2059 484 2107 an
509 2047 546 2108 de
564 2046 646 2108 onie·
689 2051 726 2111 ad
743 2049 1017 2130 idempriuoipium
1029 2045 1213 2132 respiciunt,
1228 2045 1289 2106 Vo-v

50 2131 105 2190 0¹58
122 2128 340 2206 Μίθθῠέἰῑθῑ,
360 2141 480 2191 necne.
503 2130 650 2192 *ΒΜ-
689 2136 765 2198 rt‘too
788 2134 931 2213 inopinum
958 2130 1033 2193 ratio
1058 2129 1137 2192 euim
1166 2145 1283 2208 sempor

51 2211 175 2273 mnibus
202 2221 300 2272 onem
329 2211 480 2293 principiis
500 2214 648 2294 (quornm
688 2237 777 2280 unam
799 2219 948 2280 veritatem
966 2215 1067 2290 ridet,
1088 2214 1169 2274 iuxta
1193 2231 1285 2294 quem

49 2297 149 2358 series
164 2295 283 2356 immite
299 2297 470 2376 repugnat),
488 2315 578 2358 unum
591 2298 651 2378 pri·
690 2301 793 2364 omnia
804 2301 957 2362 diiudicat:
972 2297 1072 2360 omnia
1086 2315 1168 2375 ergo,
1188 2309 1282 2376 quac-

52 2381 654 2461 mum‚ctsnmnrurn,ideooeeperseno·
690 2405 806 2466 cunque
827 2383 982 2446 diiudicari
1002 2389 1144 2462 possunt,
1162 2378 1199 2442 ab
1228 2379 1286 2444 itae

51 2473 114 2524 tum
131 2461 311 2537 esse‘dehet,
322 2463 386 2524 sine
397 2467 539 2543 quorctio
552 2474 651 2526 nostra
690 2489 752 2530 una
767 2469 887 2530 veritate
918 2465 1167 2547 dependentem
1185 2463 1285 2525 inilia

52 2561 211 2627 nunquam
236 2547 276 2606 aci
300 2563 402 2608 teram
425 2547 553 2628 quietem
581 2567 650 2629 por·
690 2553 899 2628 continentur,
919 2551 1000 2612 iuxta
1017 2566 1104 2630 quam
1127 2546 1287 2608 diiudicari

50 2631 156 2692 uenire
181 2638 289 2710 posset,
308 2631 343 2690 ad
362 2649 450 2711 quam
466 2643 566 2694 tamen
584 2642 650 2694 actu
690 2635 812 2698 dehent.

52 2713 203 2794 pervenit,
219 2712 263 2773 eti
278 2723 358 2792 patet
373 2717 403 2774 in
418 2715 584 2778 attinentiis.
601 2715 650 2777 Si·
732 2720 763 2781 4.
783 2717 888 2781 Omnia
902 2735 970 2780 vera
989 2724 1069 2789 sunt,
1089 2722 1235 2794 quatenus
1250 2731 1283 2774 c-

51 2817 89 2858 ne
122 2796 218 2858 dubio
244 2809 313 2874 ergo
342 2797 572 2878 deturprimum
589 2801 655 2876 ,ac
690 2803 811 2864 xistum:
831 2820 907 2877 csse,
927 2809 959 2862 et
981 2817 1081 2860 verum
1101 2816 1186 2872 csse,
1205 2795 1284 2858 idem

50 2895 208 2941 summum
227 2880 405 2960 principium
424 2885 627 2960 cognoscendi.
691 2897 746 2948 esti
767 2886 839 2948 Cum
863 2903 930 2962 ergo
950 2884 1038 2946 homo
1065 2883 1096 2944 in
1126 2899 1157 2942 se
1185 2879 1285 2954 ,videat

93 2966 125 3025 2.
148 2962 302 3040 Primum,
322 2965 404 3044 quod·
423 2981 531 3030 omnes
548 2968 651 3045 cogni·
691 2961 1284 3052 primam,summam,necessariam,im-

53 3047 153 3110 tiones
179 3056 369 3128 supponunt,
395 3050 589 3130 principium,
609 3061 654 3112 est
692 3055 876 3128 mutabilem,
896 3061 1044 3129 aeternum
1065 3059 1095 3110 et
1110 3041 1283 3110 immensam

56 3131 120 3192 idea
134 3131 280 3192 veritatis.
294 3127 329 3192 iit
345 3133 425 3192 enim
440 3134 581 3212 iudicem,
594 3137 651 3196 aii-
690 3139 857 3212 ueritatem,
874 3155 908 3197 eo
922 3137 987 3216 ipso
1006 3135 1035 3193 in
1058 3151 1090 3194 se
1108 3130 1286 3204 nocuisse,

53 3216 125 3292 quid
143 3227 247 3275 verum
272 3230 358 3290 esse,
377 3216 449 3295 quid
472 3232 572 3282 rerum
586 3220 654 3294 sit,
692 3242 745 3284 seu
765 3223 824 3282 Eos
842 3221 985 3300 primum,
1003 3234 1166 3289 summum,
1181 3233 1286 3278 neces·

55 3299 137 3377 prius
156 3313 276 3358 noscam
287 3313 407 3361 neccsse
419 3310 475 3361 cst.
492 3300 590 3364 ideam
601 3321 654 3363 au·
671 3371 673 3376 ,
692 3301 822 3379 saiium,
839 3301 1047 3373 immutabile,
1067 3307 1240 3377 aeternum,
1257 3306 1286 3360 et

55 3391 113 3441 tem
142 3381 278 3442 veritatis
299 3399 362 3442 non
391 3385 578 3463 acquirimus
597 3403 653 3466 pen
693 3391 888 3462 immensum,
901 3387 921 3447 i.
942 3404 972 3447 c.
988 3383 1094 3459 Deum,
1110 3393 1144 3444 'et
1161 3382 1287 3444 sioutde

52 3483 170 3540 morae,
189 3463 242 3544 qui
258 3466 444 3528 sotumnoro
468 3468 587 3530 uitiante
602 3485 653 3530 re·
692 3474 747 3533 itte.¹
767 3471 902 3544 veritate,
928 3469 970 3529 ita
995 3467 1034 3528 de
1057 3466 1110 3529 Boi
1132 3465 1288 3528 existentia

55 3557 250 3628 praesentant
280 3563 333 3628 per
373 3553 523 3613 rationem
543 3553 655 3614 ttiom-
693 3555 828 3617 debitore
846 3573 905 3614 non
920 3559 1026 3633 potest.

55 3633 165 3707 canda,
185 3647 282 3712 nequa
295 3649 354 3712 per
367 3636 466 3710 veriat
488 3649 524 3696 en
544 3636 654 3716 quinos
734 3640 813 3702 Note
834 3639 865 3716 a)
886 3637 928 3698 lin
952 3636 1006 3697 irae
1031 3631 1288 3712 argumentatione

55 3716 130 3776 niiril
156 3716 356 3794 disceremus,
377 3717 434 3778 nisi
443 3713 517 3782 “tam
543 3721 651 3782 verita·
694 3721 934 3803 prodit,nuiium
954 3721 1031 3780 inter
1059 3717 1203 3798 principia
1224 3715 1288 3778 cvi·

57 3807 115 3859 tem
136 3799 169 3859 in
190 3801 249 3860 iren
270 3801 579 3881 apprehenderemus,
600 3823 654 3865 ne-
694 3805 794 3868 deneie
809 3823 837 3867 e.
856 3823 883 3882 p
905 3804 985 3866 icen
1003 3821 1064 3864 non
1087 3809 1182 3880 petest
1200 3799 1289 3860 simui
1326 3795 1331 3806 ’

56 3900 113 3961 que
136 3899 191 3962 per
218 3886 463 3962 contractionem,
492 3905 568 3968 quae
591 3889 654 3949 fieti
695 3898 817 3966 esse,et
839 3907 897 3948 non
916 3905 994 3962 esse,
1014 3885 1058 3947 nii
1073 3885 1180 3946 iitsiue
1195 3882 1288 3942 ratio-

59 3964 136 4028 hnud
157 3977 266 4047 posset,
284 3967 342 4030 nisi
361 3969 420 4030 iam
443 3977 511 4032 uera
537 3970 655 4034 obiecta
695 3993 736 4034 ue
750 3972 914 4034 sufficiente
933 3981 990 4032 cte.
1015 3987 1080 4032 esse
1097 3968 1240 4048 primum,
1260 3974 1291 4024 et

60 4067 317 4128 cognosceremus,
338 4052 408 4115 Idea
424 4071 496 4132 ergo
509 4053 653 4130 veritatis,
694 4073 869 4136 supremum
887 4056 998 4116 iontem
1016 4053 1236 4131 cognitionum:
1257 4055 1291 4107 ut

60 4144 211 4211 quaeactu
225 4139 255 4197 iu
268 4135 356 4198 nobis
368 4137 477 4214 existit,
491 4155 558 4199 cum
572 4140 655 4200 nulio
695 4141 773 4202 enim
798 4140 869 4200 iraec
885 4138 1030 4220 principia
1053 4154 1121 4195 vera
1149 4150 1212 4194 esse
1237 4150 1290 4191 co·

62 4219 146 4280 modo
164 4220 309 4301 acquisita
326 4221 376 4298 sit,
396 4238 449 4300 per
466 4241 511 4300 se,
530 4239 583 4284 sou
602 4223 657 4283 im*
695 4239 882 4300 gnoscamus,
902 4222 961 4282 iam
979 4228 1081 4290 antea,
1098 4215 1169 4294 quiid
1188 4232 1289 4274 vertum

62 4302 185 4368 mediate
203 4305 290 4368 nobis
308 4313 379 4367 nota
394 4313 450 4368 est.
621 4355 626 4362 .
643 4339 659 4362 a
671 4330 682 4378 t
696 4307 747 4386 pir,
765 4303 851 4374 nobis
866 4313 966 4366 notum
982 4318 1047 4363 esse
1065 4298 1162 4361 debet.
1175 4295 1216 4384 Ἰ1))
1231 4293 1292 4356 Sed

1190 4506 1203 4544 ³
