<?xml version="1.0" encoding="UTF-8"?>
<!DOCTYPE html PUBLIC "-//W3C//DTD XHTML 1.0 Transitional//EN"
    "http://www.w3.org/TR/xhtml1/DTD/xhtml1-transitional.dtd">
<html xmlns="http://www.w3.org/1999/xhtml" xml:lang="en" lang="en">
 <head>
  <title>
</title>
<meta http-equiv="Content-Type" content="text/html;charset=utf-8" />
  <meta name='ocr-system' content='tesseract 3.04.00' />
  <meta name='ocr-capabilities' content='ocr_page ocr_carea ocr_par ocr_line ocrx_word'/>
</head>
<body>
  <div class='ocr_page' id='page_1' title='image "./institutionesth00knolgoog_0396.png"; bbox 0 0 2930 4736; ppageno 0'>
   <div class='ocr_carea' id='block_1_1' title="bbox 212 203 978 268">
    <p class='ocr_par' dir='ltr' id='par_1_1' title="bbox 212 203 978 268">
     <span class='ocr_line' id='line_1_1' title="bbox 212 203 978 268; baseline -0.003 -2"><span class='ocrx_word' id='word_1_1' title='bbox 212 203 276 266; x_wconf 79' lang='grc'><strong>390</strong></span> <span class='ocrx_word' id='word_1_2' title='bbox 437 207 443 220; x_wconf 82' lang='grc'><em>“</em></span> <span class='ocrx_word' id='word_1_3' title='bbox 610 221 794 268; x_wconf 80' lang='lat' dir='ltr'><strong>rnconooran</strong></span> <span class='ocrx_word' id='word_1_4' title='bbox 816 220 978 266; x_wconf 83' lang='lat' dir='ltr'><strong>ocnnmms</strong></span> 
     </span>
    </p>
   </div>
   <div class='ocr_carea' id='block_1_2' title="bbox 76 299 1452 2398">
    <p class='ocr_par' dir='ltr' id='par_1_2' title="bbox 76 299 1452 2398">
     <span class='ocr_line' id='line_1_2' title="bbox 169 299 1452 384; baseline 0.001 -21"><span class='ocrx_word' id='word_1_5' title='bbox 169 299 239 363; x_wconf 89' lang='lat' dir='ltr'><strong>dum</strong></span> <span class='ocrx_word' id='word_1_6' title='bbox 260 300 426 382; x_wconf 88' lang='lat' dir='ltr'><strong>propositae</strong></span> <span class='ocrx_word' id='word_1_7' title='bbox 449 303 545 384; x_wconf 88' lang='lat' dir='ltr'><strong>quoad</strong></span> <span class='ocrx_word' id='word_1_8' title='bbox 569 301 768 366; x_wconf 80' lang='lat' dir='ltr'><strong>infallibilita·</strong></span> <span class='ocrx_word' id='word_1_9' title='bbox 810 302 1004 384; x_wconf 91' lang='lat' dir='ltr'><strong>publica,aut</strong></span> <span class='ocrx_word' id='word_1_10' title='bbox 1016 299 1139 363; x_wconf 93' lang='lat' dir='ltr'><strong>omnino</strong></span> <span class='ocrx_word' id='word_1_11' title='bbox 1152 301 1278 365; x_wconf 90' lang='lat' dir='ltr'><strong>solemni</strong></span> <span class='ocrx_word' id='word_1_12' title='bbox 1298 299 1408 364; x_wconf 88' lang='lat' dir='ltr'><strong>doctri·</strong></span> <span class='ocrx_word' id='word_1_13' title='bbox 1451 349 1452 380; x_wconf 15' lang='grc' dir='ltr'>ξ</span> 
     </span>
     <span class='ocr_line' id='line_1_3' title="bbox 171 385 1452 466; baseline 0.003 -22"><span class='ocrx_word' id='word_1_14' title='bbox 171 394 230 445; x_wconf 91' lang='lat' dir='ltr'><strong>tem</strong></span> <span class='ocrx_word' id='word_1_15' title='bbox 255 393 284 446; x_wconf 89' lang='lat' dir='ltr'><strong>ct</strong></span> <span class='ocrx_word' id='word_1_16' title='bbox 297 387 504 448; x_wconf 72' lang='lat' dir='ltr'><strong>certitudinem</strong></span> <span class='ocrx_word' id='word_1_17' title='bbox 518 387 585 449; x_wconf 77' lang='lat' dir='ltr'><strong>iudei</strong></span> <span class='ocrx_word' id='word_1_18' title='bbox 604 388 769 450; x_wconf 85' lang='lat' dir='ltr'><strong>sunteius·</strong></span> <span class='ocrx_word' id='word_1_19' title='bbox 810 406 861 462; x_wconf 92' lang='lat' dir='ltr'><strong>na,</strong></span> <span class='ocrx_word' id='word_1_20' title='bbox 880 385 997 462; x_wconf 80' lang='lat' dir='ltr'><strong>verbis,</strong></span> <span class='ocrx_word' id='word_1_21' title='bbox 1017 395 1069 448; x_wconf 91' lang='lat' dir='ltr'><strong>aut</strong></span> <span class='ocrx_word' id='word_1_22' title='bbox 1091 387 1207 465; x_wconf 92' lang='lat' dir='ltr'><strong>scriptis</strong></span> <span class='ocrx_word' id='word_1_23' title='bbox 1223 385 1261 446; x_wconf 90' lang='lat' dir='ltr'><strong>ab</strong></span> <span class='ocrx_word' id='word_1_24' title='bbox 1282 387 1346 466; x_wconf 90' lang='lat' dir='ltr'><strong>ipso</strong></span> <span class='ocrx_word' id='word_1_25' title='bbox 1370 387 1408 448; x_wconf 93' lang='lat' dir='ltr'><strong>E·</strong></span> <span class='ocrx_word' id='word_1_26' title='bbox 1451 385 1452 408; x_wconf 60' lang='lat'>³</span> 
     </span>
     <span class='ocr_line' id='line_1_4' title="bbox 170 468 1408 552; baseline 0.002 -22"><span class='ocrx_word' id='word_1_27' title='bbox 170 468 236 530; x_wconf 89' lang='lat' dir='ltr'><strong>dem</strong></span> <span class='ocrx_word' id='word_1_28' title='bbox 251 470 446 547; x_wconf 73' lang='lat' dir='ltr'><strong>auctoritatis,</strong></span> <span class='ocrx_word' id='word_1_29' title='bbox 460 471 633 552; x_wconf 82' lang='lat' dir='ltr'><strong>utieloquia</strong></span> <span class='ocrx_word' id='word_1_30' title='bbox 645 470 675 534; x_wconf 91' lang='lat' dir='ltr'><strong>S.</strong></span> <span class='ocrx_word' id='word_1_31' title='bbox 692 470 770 533; x_wconf 90' lang='lat' dir='ltr'><strong>Scri·</strong></span> <span class='ocrx_word' id='word_1_32' title='bbox 810 471 932 551; x_wconf 89' lang='lat' dir='ltr'><strong>piscopo</strong></span> <span class='ocrx_word' id='word_1_33' title='bbox 953 469 1086 551; x_wconf 90' lang='lat' dir='ltr'><strong>prodita,</strong></span> <span class='ocrx_word' id='word_1_34' title='bbox 1106 471 1152 533; x_wconf 88' lang='lat' dir='ltr'><strong>vei</strong></span> <span class='ocrx_word' id='word_1_35' title='bbox 1173 471 1341 550; x_wconf 82' lang='lat' dir='ltr'><strong>practicus,</strong></span> <span class='ocrx_word' id='word_1_36' title='bbox 1360 471 1408 552; x_wconf 88' lang='lat' dir='ltr'><strong>qui</strong></span> 
     </span>
     <span class='ocr_line' id='line_1_5' title="bbox 169 553 1408 635; baseline 0.002 -22"><span class='ocrx_word' id='word_1_37' title='bbox 169 563 296 633; x_wconf 83' lang='lat' dir='ltr'><strong>pinnae,</strong></span> <span class='ocrx_word' id='word_1_38' title='bbox 317 554 387 633; x_wconf 85' lang='lat' dir='ltr'><strong>quia</strong></span> <span class='ocrx_word' id='word_1_39' title='bbox 412 553 540 617; x_wconf 89' lang='lat' dir='ltr'><strong>eundem</strong></span> <span class='ocrx_word' id='word_1_40' title='bbox 567 553 708 635; x_wconf 89' lang='lat' dir='ltr'><strong>Spiritum</strong></span> <span class='ocrx_word' id='word_1_41' title='bbox 736 553 766 616; x_wconf 89' lang='lat' dir='ltr'><strong>S.</strong></span> <span class='ocrx_word' id='word_1_42' title='bbox 810 555 895 616; x_wconf 88' lang='lat' dir='ltr'><strong>iactis</strong></span> <span class='ocrx_word' id='word_1_43' title='bbox 921 553 1147 629; x_wconf 80' lang='lat' dir='ltr'><strong>manifestatur,</strong></span> <span class='ocrx_word' id='word_1_44' title='bbox 1178 554 1247 615; x_wconf 92' lang='lat' dir='ltr'><strong>dum</strong></span> <span class='ocrx_word' id='word_1_45' title='bbox 1276 553 1408 616; x_wconf 90' lang='lat' dir='ltr'><strong>doctrina</strong></span> 
     </span>
     <span class='ocr_line' id='line_1_6' title="bbox 170 635 1405 720; baseline 0.002 -23"><span class='ocrx_word' id='word_1_46' title='bbox 170 635 280 698; x_wconf 90' lang='lat' dir='ltr'><strong>hahent</strong></span> <span class='ocrx_word' id='word_1_47' title='bbox 292 646 454 701; x_wconf 87' lang='lat' dir='ltr'><strong>auctorem.</strong></span> <span class='ocrx_word' id='word_1_48' title='bbox 466 637 567 711; x_wconf 82' lang='lat' dir='ltr'><strong>Quoad</strong></span> <span class='ocrx_word' id='word_1_49' title='bbox 582 641 700 700; x_wconf 86' lang='lat' dir='ltr'><strong>modurn</strong></span> <span class='ocrx_word' id='word_1_50' title='bbox 717 659 769 701; x_wconf 92' lang='lat' dir='ltr'><strong>au·</strong></span> <span class='ocrx_word' id='word_1_51' title='bbox 809 639 932 700; x_wconf 88' lang='lat' dir='ltr'><strong>iubente</strong></span> <span class='ocrx_word' id='word_1_52' title='bbox 946 637 991 698; x_wconf 84' lang='lat' dir='ltr'><strong>rei</strong></span> <span class='ocrx_word' id='word_1_53' title='bbox 1009 637 1192 719; x_wconf 85' lang='lat' dir='ltr'><strong>approbante</strong></span> <span class='ocrx_word' id='word_1_54' title='bbox 1210 636 1360 720; x_wconf 84' lang='lat' dir='ltr'>Episcopo</span> <span class='ocrx_word' id='word_1_55' title='bbox 1372 639 1405 700; x_wconf 91' lang='lat' dir='ltr'><strong>li·</strong></span> 
     </span>
     <span class='ocr_line' id='line_1_7' title="bbox 170 719 1407 804; baseline 0 -22"><span class='ocrx_word' id='word_1_56' title='bbox 170 729 228 782; x_wconf 87' lang='lat' dir='ltr'><strong>tem</strong></span> <span class='ocrx_word' id='word_1_57' title='bbox 248 731 276 782; x_wconf 89' lang='lat' dir='ltr'><strong>et</strong></span> <span class='ocrx_word' id='word_1_58' title='bbox 298 723 499 786; x_wconf 83' lang='lat' dir='ltr'><strong>extensionem</strong></span> <span class='ocrx_word' id='word_1_59' title='bbox 513 721 543 785; x_wconf 91' lang='lat' dir='ltr'><strong>S.</strong></span> <span class='ocrx_word' id='word_1_60' title='bbox 556 719 709 804; x_wconf 85' lang='lat' dir='ltr'><strong>Scriptura</strong></span> <span class='ocrx_word' id='word_1_61' title='bbox 725 732 769 785; x_wconf 90' lang='lat' dir='ltr'><strong>est</strong></span> <span class='ocrx_word' id='word_1_62' title='bbox 810 722 872 784; x_wconf 89' lang='lat' dir='ltr'><strong>bris</strong></span> <span class='ocrx_word' id='word_1_63' title='bbox 887 720 1057 802; x_wconf 71' lang='lat' dir='ltr'><strong>symbolicis</strong></span> <span class='ocrx_word' id='word_1_64' title='bbox 1071 719 1221 794; x_wconf 88' lang='lat' dir='ltr'><strong>inseritur,</strong></span> <span class='ocrx_word' id='word_1_65' title='bbox 1235 722 1333 783; x_wconf 89' lang='lat' dir='ltr'><strong>autin</strong></span> <span class='ocrx_word' id='word_1_66' title='bbox 1347 741 1407 803; x_wconf 88' lang='lat' dir='ltr'><strong>pra-</strong></span> 
     </span>
     <span class='ocr_line' id='line_1_8' title="bbox 169 804 1406 884; baseline 0.002 -19"><span class='ocrx_word' id='word_1_67' title='bbox 169 804 292 865; x_wconf 91' lang='lat' dir='ltr'><strong>maioris</strong></span> <span class='ocrx_word' id='word_1_68' title='bbox 321 807 505 868; x_wconf 87' lang='lat' dir='ltr'><strong>auctoritatis</strong></span> <span class='ocrx_word' id='word_1_69' title='bbox 534 814 564 868; x_wconf 92' lang='lat' dir='ltr'><strong>el</strong></span> <span class='ocrx_word' id='word_1_70' title='bbox 592 806 767 884; x_wconf 84' lang='lat' dir='ltr'><strong>dignitatis,</strong></span> <span class='ocrx_word' id='word_1_71' title='bbox 808 806 858 866; x_wconf 81' lang='lat' dir='ltr'><strong>nin</strong></span> <span class='ocrx_word' id='word_1_72' title='bbox 876 805 1051 869; x_wconf 89' lang='lat' dir='ltr'><strong>reducitur:</strong></span> <span class='ocrx_word' id='word_1_73' title='bbox 1072 806 1178 867; x_wconf 87' lang='lat' dir='ltr'><strong>tacitus</strong></span> <span class='ocrx_word' id='word_1_74' title='bbox 1195 805 1294 868; x_wconf 85' lang='lat' dir='ltr'><strong>dillert</strong></span> <span class='ocrx_word' id='word_1_75' title='bbox 1314 825 1332 868; x_wconf 91' lang='lat' dir='ltr'><strong>a</strong></span> <span class='ocrx_word' id='word_1_76' title='bbox 1350 808 1406 868; x_wconf 89' lang='lat' dir='ltr'><strong>solo</strong></span> 
     </span>
     <span class='ocr_line' id='line_1_9' title="bbox 168 887 1452 970; baseline 0.002 -21"><span class='ocrx_word' id='word_1_77' title='bbox 168 889 239 968; x_wconf 91' lang='lat' dir='ltr'><strong>quia</strong></span> <span class='ocrx_word' id='word_1_78' title='bbox 263 889 343 968; x_wconf 89' lang='lat' dir='ltr'><strong>a)in</strong></span> <span class='ocrx_word' id='word_1_79' title='bbox 366 887 397 950; x_wconf 89' lang='lat' dir='ltr'><strong>S.</strong></span> <span class='ocrx_word' id='word_1_80' title='bbox 427 888 578 970; x_wconf 88' lang='lat' dir='ltr'><strong>Scriptura</strong></span> <span class='ocrx_word' id='word_1_81' title='bbox 600 891 690 953; x_wconf 89' lang='lat' dir='ltr'><strong>etiam</strong></span> <span class='ocrx_word' id='word_1_82' title='bbox 717 891 768 952; x_wconf 89' lang='lat' dir='ltr'><strong>illa</strong></span> <span class='ocrx_word' id='word_1_83' title='bbox 808 890 939 966; x_wconf 92' lang='lat' dir='ltr'><strong>silentio,</strong></span> <span class='ocrx_word' id='word_1_84' title='bbox 959 889 1036 970; x_wconf 89' lang='lat' dir='ltr'><strong>quud</strong></span> <span class='ocrx_word' id='word_1_85' title='bbox 1057 908 1091 951; x_wconf 83' lang='lat' dir='ltr'><strong>ex</strong></span> <span class='ocrx_word' id='word_1_86' title='bbox 1107 890 1273 966; x_wconf 86' lang='lat' dir='ltr'><strong>ignorantia</strong></span> <span class='ocrx_word' id='word_1_87' title='bbox 1289 888 1404 951; x_wconf 89' lang='lat' dir='ltr'><strong>hincin·</strong></span> <span class='ocrx_word' id='word_1_88' title='bbox 1451 925 1452 932; x_wconf 56' lang='lat'><strong>.</strong></span> 
     </span>
     <span class='ocr_line' id='line_1_10' title="bbox 76 973 1407 1052; baseline 0.003 -20"><span class='ocrx_word' id='word_1_89' title='bbox 76 1004 79 1020; x_wconf 86' lang='lat'>·</span> <span class='ocrx_word' id='word_1_90' title='bbox 168 991 245 1052; x_wconf 91' lang='lat' dir='ltr'><strong>quae</strong></span> <span class='ocrx_word' id='word_1_91' title='bbox 275 973 447 1035; x_wconf 90' lang='lat' dir='ltr'><strong>immediate</strong></span> <span class='ocrx_word' id='word_1_92' title='bbox 469 983 506 1036; x_wconf 77' lang='lat' dir='ltr'><strong>et&#39;</strong></span> <span class='ocrx_word' id='word_1_93' title='bbox 522 973 633 1036; x_wconf 88' lang='lat' dir='ltr'><strong>directe</strong></span> <span class='ocrx_word' id='word_1_94' title='bbox 651 974 688 1036; x_wconf 91' lang='lat' dir='ltr'><strong>ad</strong></span> <span class='ocrx_word' id='word_1_95' title='bbox 710 975 767 1036; x_wconf 88' lang='lat' dir='ltr'><strong>do·</strong></span> <span class='ocrx_word' id='word_1_96' title='bbox 808 975 844 1036; x_wconf 92' lang='lat' dir='ltr'><strong>de</strong></span> <span class='ocrx_word' id='word_1_97' title='bbox 859 974 965 1051; x_wconf 88' lang='lat' dir='ltr'><strong>oritur,</strong></span> <span class='ocrx_word' id='word_1_98' title='bbox 982 973 1027 1034; x_wconf 90' lang='lat' dir='ltr'><strong>vel</strong></span> <span class='ocrx_word' id='word_1_99' title='bbox 1042 992 1077 1034; x_wconf 83' lang='lat' dir='ltr'><strong>ex</strong></span> <span class='ocrx_word' id='word_1_100' title='bbox 1095 973 1261 1034; x_wconf 65' lang='lat' dir='ltr'><strong>rerrereutia</strong></span> <span class='ocrx_word' id='word_1_101' title='bbox 1279 991 1407 1051; x_wconf 88' lang='lat' dir='ltr'><strong>ergasu·</strong></span> 
     </span>
     <span class='ocr_line' id='line_1_11' title="bbox 168 1057 1405 1138; baseline 0.004 -24"><span class='ocrx_word' id='word_1_102' title='bbox 168 1075 236 1134; x_wconf 90' lang='lat' dir='ltr'><strong>gma</strong></span> <span class='ocrx_word' id='word_1_103' title='bbox 252 1075 311 1116; x_wconf 92' lang='lat' dir='ltr'><strong>non</strong></span> <span class='ocrx_word' id='word_1_104' title='bbox 330 1058 492 1137; x_wconf 89' lang='lat' dir='ltr'><strong>pertinent,</strong></span> <span class='ocrx_word' id='word_1_105' title='bbox 513 1067 592 1120; x_wconf 89' lang='lat' dir='ltr'><strong>certa</strong></span> <span class='ocrx_word' id='word_1_106' title='bbox 611 1067 722 1134; x_wconf 88' lang='lat' dir='ltr'><strong>tamen,</strong></span> <span class='ocrx_word' id='word_1_107' title='bbox 738 1066 767 1120; x_wconf 90' lang='lat' dir='ltr'><strong>et</strong></span> <span class='ocrx_word' id='word_1_108' title='bbox 808 1059 934 1138; x_wconf 85' lang='lat' dir='ltr'><strong>periuris</strong></span> <span class='ocrx_word' id='word_1_109' title='bbox 949 1057 1036 1119; x_wconf 79' lang='lat' dir='ltr'><strong>allata</strong></span> <span class='ocrx_word' id='word_1_110' title='bbox 1050 1066 1195 1134; x_wconf 88' lang='lat' dir='ltr'><strong>servatur,</strong></span> <span class='ocrx_word' id='word_1_111' title='bbox 1211 1077 1271 1138; x_wconf 89' lang='lat' dir='ltr'><strong>quo</strong></span> <span class='ocrx_word' id='word_1_112' title='bbox 1290 1058 1323 1118; x_wconf 92' lang='lat' dir='ltr'><strong>in</strong></span> <span class='ocrx_word' id='word_1_113' title='bbox 1344 1077 1405 1119; x_wconf 91' lang='lat' dir='ltr'><strong>casn</strong></span> 
     </span>
     <span class='ocr_line' id='line_1_12' title="bbox 166 1140 1452 1221; baseline 0.002 -22"><span class='ocrx_word' id='word_1_114' title='bbox 166 1140 364 1202; x_wconf 77' lang='lat' dir='ltr'><strong>infallibiliter</strong></span> <span class='ocrx_word' id='word_1_115' title='bbox 378 1160 447 1203; x_wconf 82' lang='lat' dir='ltr'><strong>vera</strong></span> <span class='ocrx_word' id='word_1_116' title='bbox 464 1161 529 1204; x_wconf 91' lang='lat' dir='ltr'><strong>esse</strong></span> <span class='ocrx_word' id='word_1_117' title='bbox 553 1153 766 1220; x_wconf 89' lang='lat' dir='ltr'><strong>censentur;e</strong></span> <span class='ocrx_word' id='word_1_118' title='bbox 806 1142 1008 1221; x_wconf 61' lang='lat' dir='ltr'><strong>eloquiorum</strong></span> <span class='ocrx_word' id='word_1_119' title='bbox 1032 1141 1200 1216; x_wconf 89' lang='lat' dir='ltr'><strong>dicisolct,</strong></span> <span class='ocrx_word' id='word_1_120' title='bbox 1220 1142 1273 1202; x_wconf 93' lang='lat' dir='ltr'><strong>sed</strong></span> <span class='ocrx_word' id='word_1_121' title='bbox 1304 1143 1406 1203; x_wconf 91' lang='lat' dir='ltr'><strong>tacitus</strong></span> <span class='ocrx_word' id='word_1_122' title='bbox 1451 1207 1452 1216; x_wconf 59' lang='lat'><strong>.</strong></span> 
     </span>
     <span class='ocr_line' id='line_1_13' title="bbox 167 1224 1452 1304; baseline 0.004 -19"><span class='ocrx_word' id='word_1_123' title='bbox 167 1233 269 1285; x_wconf 88' lang='lat' dir='ltr'><strong>contra</strong></span> <span class='ocrx_word' id='word_1_124' title='bbox 287 1224 476 1288; x_wconf 89' lang='lat' dir='ltr'><strong>delinitiones</strong></span> <span class='ocrx_word' id='word_1_125' title='bbox 494 1227 688 1288; x_wconf 90' lang='lat' dir='ltr'><strong>conciliorum</strong></span> <span class='ocrx_word' id='word_1_126' title='bbox 712 1245 765 1304; x_wconf 90' lang='lat' dir='ltr'><strong>ge·</strong></span> <span class='ocrx_word' id='word_1_127' title='bbox 806 1245 968 1288; x_wconf 83' lang='lat' dir='ltr'><strong>consensus</strong></span> <span class='ocrx_word' id='word_1_128' title='bbox 987 1235 1057 1286; x_wconf 89' lang='lat' dir='ltr'><strong>tunc</strong></span> <span class='ocrx_word' id='word_1_129' title='bbox 1074 1225 1213 1302; x_wconf 89' lang='lat' dir='ltr'><strong>babetur,</strong></span> <span class='ocrx_word' id='word_1_130' title='bbox 1233 1225 1260 1286; x_wconf 89' lang='lat' dir='ltr'><strong>si</strong></span> <span class='ocrx_word' id='word_1_131' title='bbox 1283 1225 1407 1304; x_wconf 88' lang='lat' dir='ltr'><strong>Episco·</strong></span> <span class='ocrx_word' id='word_1_132' title='bbox 1451 1265 1452 1290; x_wconf 67' lang='grc'>;</span> 
     </span>
     <span class='ocr_line' id='line_1_14' title="bbox 165 1308 1407 1394; baseline 0.002 -26"><span class='ocrx_word' id='word_1_133' title='bbox 165 1308 313 1369; x_wconf 89' lang='lat' dir='ltr'><strong>neralium</strong></span> <span class='ocrx_word' id='word_1_134' title='bbox 326 1317 439 1370; x_wconf 90' lang='lat' dir='ltr'><strong>tantum</strong></span> <span class='ocrx_word' id='word_1_135' title='bbox 456 1311 551 1394; x_wconf 87' lang='lat' dir='ltr'><strong>quoad</strong></span> <span class='ocrx_word' id='word_1_136' title='bbox 570 1310 767 1373; x_wconf 86' lang='lat' dir='ltr'><strong>materiasdo·</strong></span> <span class='ocrx_word' id='word_1_137' title='bbox 806 1329 861 1389; x_wconf 91' lang='lat' dir='ltr'><strong>pus</strong></span> <span class='ocrx_word' id='word_1_138' title='bbox 886 1309 1038 1371; x_wconf 90' lang='lat' dir='ltr'><strong>doctrinae</strong></span> <span class='ocrx_word' id='word_1_139' title='bbox 1058 1309 1263 1390; x_wconf 79' lang='lat' dir='ltr'><strong>promulgatae</strong></span> <span class='ocrx_word' id='word_1_140' title='bbox 1287 1327 1320 1371; x_wconf 91' lang='lat' dir='ltr'><strong>se</strong></span> <span class='ocrx_word' id='word_1_141' title='bbox 1338 1310 1407 1371; x_wconf 92' lang='lat' dir='ltr'><strong>nui-</strong></span> 
     </span>
     <span class='ocr_line' id='line_1_15' title="bbox 165 1392 1405 1475; baseline 0.001 -23"><span class='ocrx_word' id='word_1_142' title='bbox 165 1393 309 1470; x_wconf 85' lang='lat' dir='ltr'><strong>gmaticas</strong></span> <span class='ocrx_word' id='word_1_143' title='bbox 323 1439 331 1466; x_wconf 94' lang='lat'>‚</span> <span class='ocrx_word' id='word_1_144' title='bbox 344 1392 409 1454; x_wconf 90' lang='lat' dir='ltr'><strong>illas</strong></span> <span class='ocrx_word' id='word_1_145' title='bbox 426 1412 549 1475; x_wconf 91' lang='lat' dir='ltr'><strong>nempe,</strong></span> <span class='ocrx_word' id='word_1_146' title='bbox 568 1414 644 1475; x_wconf 89' lang='lat' dir='ltr'><strong>quae</strong></span> <span class='ocrx_word' id='word_1_147' title='bbox 663 1395 767 1456; x_wconf 91' lang='lat' dir='ltr'><strong>imme·</strong></span> <span class='ocrx_word' id='word_1_148' title='bbox 806 1395 922 1455; x_wconf 88' lang='lat' dir='ltr'><strong>latenus</strong></span> <span class='ocrx_word' id='word_1_149' title='bbox 941 1393 1085 1474; x_wconf 90' lang='lat' dir='ltr'><strong>opponit,</strong></span> <span class='ocrx_word' id='word_1_150' title='bbox 1107 1412 1174 1455; x_wconf 92' lang='lat' dir='ltr'><strong>cum</strong></span> <span class='ocrx_word' id='word_1_151' title='bbox 1198 1400 1300 1454; x_wconf 89' lang='lat' dir='ltr'><strong>tamen</strong></span> <span class='ocrx_word' id='word_1_152' title='bbox 1328 1403 1405 1455; x_wconf 90' lang='lat' dir='ltr'><strong>certo</strong></span> 
     </span>
     <span class='ocr_line' id='line_1_16' title="bbox 167 1475 1406 1558; baseline 0.003 -23"><span class='ocrx_word' id='word_1_153' title='bbox 167 1476 246 1536; x_wconf 89' lang='lat' dir='ltr'><strong>diate</strong></span> <span class='ocrx_word' id='word_1_154' title='bbox 274 1475 385 1552; x_wconf 87' lang='lat' dir='ltr'><strong>iidem,</strong></span> <span class='ocrx_word' id='word_1_155' title='bbox 412 1478 457 1539; x_wconf 88' lang='lat' dir='ltr'><strong>vei</strong></span> <span class='ocrx_word' id='word_1_156' title='bbox 486 1497 584 1539; x_wconf 91' lang='lat' dir='ltr'><strong>mores</strong></span> <span class='ocrx_word' id='word_1_157' title='bbox 608 1479 765 1555; x_wconf 88' lang='lat' dir='ltr'><strong>Evangelio</strong></span> <span class='ocrx_word' id='word_1_158' title='bbox 806 1485 931 1553; x_wconf 85' lang='lat' dir='ltr'><strong>constet,</strong></span> <span class='ocrx_word' id='word_1_159' title='bbox 950 1478 1027 1558; x_wconf 92' lang='lat' dir='ltr'><strong>quud</strong></span> <span class='ocrx_word' id='word_1_160' title='bbox 1041 1496 1072 1538; x_wconf 92' lang='lat' dir='ltr'><strong>se</strong></span> <span class='ocrx_word' id='word_1_161' title='bbox 1087 1477 1130 1538; x_wconf 87' lang='lat' dir='ltr'><strong>iiii</strong></span> <span class='ocrx_word' id='word_1_162' title='bbox 1149 1496 1301 1558; x_wconf 90' lang='lat' dir='ltr'><strong>opponere</strong></span> <span class='ocrx_word' id='word_1_163' title='bbox 1317 1477 1406 1539; x_wconf 90' lang='lat' dir='ltr'><strong>debe·</strong></span> 
     </span>
     <span class='ocr_line' id='line_1_17' title="bbox 166 1559 1452 1643; baseline 0.002 -23"><span class='ocrx_word' id='word_1_164' title='bbox 166 1559 334 1621; x_wconf 82' lang='lat' dir='ltr'><strong>conformes</strong></span> <span class='ocrx_word' id='word_1_165' title='bbox 365 1561 513 1638; x_wconf 87' lang='lat' dir='ltr'><strong>attinent,</strong></span> <span class='ocrx_word' id='word_1_166' title='bbox 546 1561 766 1624; x_wconf 81' lang='lat' dir='ltr'><strong>infallibilitatis</strong></span> <span class='ocrx_word' id='word_1_167' title='bbox 805 1570 862 1636; x_wconf 92' lang='lat' dir='ltr'><strong>ret,</strong></span> <span class='ocrx_word' id='word_1_168' title='bbox 880 1571 979 1643; x_wconf 89' lang='lat' dir='ltr'><strong>posset</strong></span> <span class='ocrx_word' id='word_1_169' title='bbox 991 1569 1020 1622; x_wconf 90' lang='lat' dir='ltr'><strong>et</strong></span> <span class='ocrx_word' id='word_1_170' title='bbox 1034 1562 1134 1639; x_wconf 85' lang='lat' dir='ltr'><strong>vellet,</strong></span> <span class='ocrx_word' id='word_1_171' title='bbox 1147 1561 1173 1624; x_wconf 91' lang='lat' dir='ltr'><strong>si</strong></span> <span class='ocrx_word' id='word_1_172' title='bbox 1185 1580 1251 1623; x_wconf 90' lang='lat' dir='ltr'><strong>eam</strong></span> <span class='ocrx_word' id='word_1_173' title='bbox 1267 1571 1405 1624; x_wconf 88' lang='lat' dir='ltr'><strong>utveram</strong></span> <span class='ocrx_word' id='word_1_174' title='bbox 1451 1561 1452 1610; x_wconf 83' lang='grc' dir='ltr'>ἶ</span> 
     </span>
     <span class='ocr_line' id='line_1_18' title="bbox 165 1644 1452 1727; baseline 0.008 -25"><span class='ocrx_word' id='word_1_175' title='bbox 165 1644 367 1724; x_wconf 86' lang='lat' dir='ltr'><strong>praerogativa</strong></span> <span class='ocrx_word' id='word_1_176' title='bbox 395 1645 569 1722; x_wconf 79' lang='lat' dir='ltr'><strong>gloriantur.</strong></span> <span class='ocrx_word' id='word_1_177' title='bbox 604 1646 637 1726; x_wconf 91' lang='lat' dir='ltr'><strong>b)</strong></span> <span class='ocrx_word' id='word_1_178' title='bbox 660 1645 767 1724; x_wconf 87' lang='lat' dir='ltr'><strong>Hagio-</strong></span> <span class='ocrx_word' id='word_1_179' title='bbox 806 1653 866 1720; x_wconf 80' lang='lat' dir='ltr'><strong>np&#39;n</strong></span> <span class='ocrx_word' id='word_1_180' title='bbox 882 1645 1069 1727; x_wconf 89' lang='lat' dir='ltr'><strong>approbaret.</strong></span> <span class='ocrx_word' id='word_1_181' title='bbox 1451 1657 1452 1712; x_wconf 81' lang='lat' dir='ltr'><strong>i</strong></span> 
     </span>
     <span class='ocr_line' id='line_1_19' title="bbox 165 1727 1452 1809; baseline 0.002 -23"><span class='ocrx_word' id='word_1_182' title='bbox 165 1727 271 1806; x_wconf 83' lang='lat' dir='ltr'><strong>graphi</strong></span> <span class='ocrx_word' id='word_1_183' title='bbox 290 1728 476 1809; x_wconf 90' lang='lat' dir='ltr'><strong>potissimum</strong></span> <span class='ocrx_word' id='word_1_184' title='bbox 502 1730 633 1809; x_wconf 90' lang='lat' dir='ltr'><strong>impulsu</strong></span> <span class='ocrx_word' id='word_1_185' title='bbox 653 1740 682 1792; x_wconf 81' lang='lat' dir='ltr'><strong>et</strong></span> <span class='ocrx_word' id='word_1_186' title='bbox 701 1750 766 1791; x_wconf 90' lang='lat' dir='ltr'><strong>ma-</strong></span> <span class='ocrx_word' id='word_1_187' title='bbox 848 1731 936 1793; x_wconf 89' lang='lat' dir='ltr'><strong>Noto.</strong></span> <span class='ocrx_word' id='word_1_188' title='bbox 950 1727 987 1791; x_wconf 93' lang='lat' dir='ltr'><strong>Ut</strong></span> <span class='ocrx_word' id='word_1_189' title='bbox 999 1727 1405 1804; x_wconf 88' lang='lat' dir='ltr'><strong>consensusunirersalissit,</strong></span> <span class='ocrx_word' id='word_1_190' title='bbox 1451 1747 1452 1782; x_wconf 64' lang='lat' dir='ltr'><strong>f</strong></span> 
     </span>
     <span class='ocr_line' id='line_1_20' title="bbox 165 1811 1452 1896; baseline 0.003 -26"><span class='ocrx_word' id='word_1_191' title='bbox 165 1811 285 1889; x_wconf 84' lang='lat' dir='ltr'><strong>gislerio</strong></span> <span class='ocrx_word' id='word_1_192' title='bbox 303 1812 475 1875; x_wconf 91' lang='lat' dir='ltr'><strong>immediato</strong></span> <span class='ocrx_word' id='word_1_193' title='bbox 499 1812 626 1895; x_wconf 87' lang='lat' dir='ltr'><strong>Spiritus</strong></span> <span class='ocrx_word' id='word_1_194' title='bbox 644 1812 674 1876; x_wconf 91' lang='lat' dir='ltr'><strong>S.</strong></span> <span class='ocrx_word' id='word_1_195' title='bbox 696 1814 766 1876; x_wconf 89' lang='lat' dir='ltr'><strong>abs·</strong></span> <span class='ocrx_word' id='word_1_196' title='bbox 807 1832 866 1874; x_wconf 93' lang='lat' dir='ltr'><strong>non</strong></span> <span class='ocrx_word' id='word_1_197' title='bbox 883 1833 957 1895; x_wconf 92' lang='lat' dir='ltr'><strong>opus</strong></span> <span class='ocrx_word' id='word_1_198' title='bbox 973 1820 1029 1890; x_wconf 91' lang='lat' dir='ltr'><strong>est,</strong></span> <span class='ocrx_word' id='word_1_199' title='bbox 1043 1823 1076 1875; x_wconf 91' lang='lat' dir='ltr'><strong>ut</strong></span> <span class='ocrx_word' id='word_1_200' title='bbox 1091 1832 1193 1874; x_wconf 92' lang='lat' dir='ltr'><strong>omnes</strong></span> <span class='ocrx_word' id='word_1_201' title='bbox 1208 1813 1245 1874; x_wconf 91' lang='lat' dir='ltr'><strong>ad</strong></span> <span class='ocrx_word' id='word_1_202' title='bbox 1265 1831 1358 1874; x_wconf 89' lang='lat' dir='ltr'><strong>unum</strong></span> <span class='ocrx_word' id='word_1_203' title='bbox 1375 1813 1406 1874; x_wconf 92' lang='lat' dir='ltr'><strong>E·</strong></span> <span class='ocrx_word' id='word_1_204' title='bbox 1451 1827 1452 1896; x_wconf 52' lang='lat' dir='ltr'><strong>p</strong></span> 
     </span>
     <span class='ocr_line' id='line_1_21' title="bbox 164 1895 1452 1980; baseline 0.002 -26"><span class='ocrx_word' id='word_1_205' title='bbox 164 1895 768 1978; x_wconf 80' lang='lat' dir='ltr'><strong>quelaboriosostudio‚veipraeviacri·</strong></span> <span class='ocrx_word' id='word_1_206' title='bbox 809 1898 922 1980; x_wconf 91' lang='lat' dir='ltr'><strong>piscopi</strong></span> <span class='ocrx_word' id='word_1_207' title='bbox 952 1897 1150 1959; x_wconf 87' lang='lat' dir='ltr'><strong>consentiant.</strong></span> <span class='ocrx_word' id='word_1_208' title='bbox 1180 1895 1296 1976; x_wconf 90' lang='lat' dir='ltr'><strong>Singuli</strong></span> <span class='ocrx_word' id='word_1_209' title='bbox 1330 1898 1405 1958; x_wconf 92' lang='lat' dir='ltr'><strong>enim</strong></span> <span class='ocrx_word' id='word_1_210' title='bbox 1451 1903 1452 1922; x_wconf 59' lang='lat'>*</span> 
     </span>
     <span class='ocr_line' id='line_1_22' title="bbox 166 1979 1404 2080; baseline 0 -40"><span class='ocrx_word' id='word_1_211' title='bbox 166 1980 226 2041; x_wconf 88' lang='lat' dir='ltr'><strong>tica</strong></span> <span class='ocrx_word' id='word_1_212' title='bbox 245 1979 455 2060; x_wconf 88' lang='lat' dir='ltr'><strong>disquisitione</strong></span> <span class='ocrx_word' id='word_1_213' title='bbox 481 1983 669 2062; x_wconf 89' lang='lat' dir='ltr'><strong>purissimam</strong></span> <span class='ocrx_word' id='word_1_214' title='bbox 688 1983 767 2043; x_wconf 85' lang='lat' dir='ltr'><strong>reri·</strong></span> <span class='ocrx_word' id='word_1_215' title='bbox 808 1982 1064 2080; x_wconf 69' lang='lat' dir='ltr'><strong>seorsimppectati</strong></span> <span class='ocrx_word' id='word_1_216' title='bbox 1077 1981 1404 2054; x_wconf 82' lang='lat' dir='ltr'><strong>infallibilesnonsunt‚</strong></span> 
     </span>
     <span class='ocr_line' id='line_1_23' title="bbox 165 2061 1404 2148; baseline 0.001 -24"><span class='ocrx_word' id='word_1_217' title='bbox 165 2072 256 2124; x_wconf 90' lang='lat' dir='ltr'><strong>tatem</strong></span> <span class='ocrx_word' id='word_1_218' title='bbox 276 2065 682 2144; x_wconf 86' lang='lat' dir='ltr'><strong>scripserunt‚cumecontra</strong></span> <span class='ocrx_word' id='word_1_219' title='bbox 694 2085 768 2127; x_wconf 91' lang='lat' dir='ltr'><strong>con·</strong></span> <span class='ocrx_word' id='word_1_220' title='bbox 807 2067 859 2126; x_wconf 92' lang='lat' dir='ltr'><strong>sed</strong></span> <span class='ocrx_word' id='word_1_221' title='bbox 874 2061 985 2148; x_wconf 78' lang='lat' dir='ltr'><strong>errare,</strong></span> <span class='ocrx_word' id='word_1_222' title='bbox 1002 2073 1032 2128; x_wconf 91' lang='lat' dir='ltr'><strong>et</strong></span> <span class='ocrx_word' id='word_1_223' title='bbox 1046 2066 1317 2145; x_wconf 88' lang='lat' dir='ltr'><strong>delicerepossunt,</strong></span> <span class='ocrx_word' id='word_1_224' title='bbox 1332 2065 1404 2146; x_wconf 92' lang='lat' dir='ltr'><strong>quod</strong></span> 
     </span>
     <span class='ocr_line' id='line_1_24' title="bbox 166 2147 1403 2229; baseline 0.002 -22"><span class='ocrx_word' id='word_1_225' title='bbox 166 2147 235 2208; x_wconf 88' lang='lat' dir='ltr'><strong>cilia</strong></span> <span class='ocrx_word' id='word_1_226' title='bbox 254 2167 312 2208; x_wconf 91' lang='lat' dir='ltr'><strong>non</strong></span> <span class='ocrx_word' id='word_1_227' title='bbox 334 2150 448 2229; x_wconf 88' lang='lat' dir='ltr'><strong>possint</strong></span> <span class='ocrx_word' id='word_1_228' title='bbox 470 2149 608 2228; x_wconf 89' lang='lat' dir='ltr'><strong>dogmata</strong></span> <span class='ocrx_word' id='word_1_229' title='bbox 624 2150 765 2226; x_wconf 85' lang='lat' dir='ltr'><strong>definire,</strong></span> <span class='ocrx_word' id='word_1_230' title='bbox 808 2157 837 2210; x_wconf 92' lang='lat' dir='ltr'><strong>et</strong></span> <span class='ocrx_word' id='word_1_231' title='bbox 850 2149 960 2211; x_wconf 88' lang='lat' dir='ltr'><strong>sactum</strong></span> <span class='ocrx_word' id='word_1_232' title='bbox 974 2158 1029 2212; x_wconf 89' lang='lat' dir='ltr'><strong>est.</strong></span> <span class='ocrx_word' id='word_1_233' title='bbox 1045 2149 1118 2211; x_wconf 86' lang='lat' dir='ltr'><strong>Nam</strong></span> <span class='ocrx_word' id='word_1_234' title='bbox 1130 2149 1229 2225; x_wconf 84' lang='lat' dir='ltr'><strong>Arius,</strong></span> <span class='ocrx_word' id='word_1_235' title='bbox 1241 2147 1403 2224; x_wconf 90' lang='lat' dir='ltr'><strong>Nestorius,</strong></span> 
     </span>
     <span class='ocr_line' id='line_1_25' title="bbox 166 2231 1452 2313; baseline -0.002 -21"><span class='ocrx_word' id='word_1_236' title='bbox 166 2231 224 2292; x_wconf 85' lang='lat' dir='ltr'><strong>nisi</strong></span> <span class='ocrx_word' id='word_1_237' title='bbox 241 2233 405 2310; x_wconf 87' lang='lat' dir='ltr'><strong>praemissa</strong></span> <span class='ocrx_word' id='word_1_238' title='bbox 418 2233 641 2313; x_wconf 85' lang='lat' dir='ltr'><strong>disquisitione,</strong></span> <span class='ocrx_word' id='word_1_239' title='bbox 657 2242 686 2296; x_wconf 92' lang='lat' dir='ltr'><strong>et</strong></span> <span class='ocrx_word' id='word_1_240' title='bbox 702 2234 768 2296; x_wconf 89' lang='lat' dir='ltr'><strong>aliis</strong></span> <span class='ocrx_word' id='word_1_241' title='bbox 808 2233 944 2312; x_wconf 74' lang='lat' dir='ltr'><strong>Pelagius</strong></span> <span class='ocrx_word' id='word_1_242' title='bbox 964 2253 1034 2294; x_wconf 91' lang='lat' dir='ltr'><strong>suos</strong></span> <span class='ocrx_word' id='word_1_243' title='bbox 1053 2234 1184 2294; x_wconf 90' lang='lat' dir='ltr'><strong>habuere</strong></span> <span class='ocrx_word' id='word_1_244' title='bbox 1210 2233 1344 2294; x_wconf 82' lang='lat' dir='ltr'><strong>asseclas</strong></span> <span class='ocrx_word' id='word_1_245' title='bbox 1362 2240 1405 2293; x_wconf 86' lang='lat' dir='ltr'><strong>et·</strong></span> <span class='ocrx_word' id='word_1_246' title='bbox 1451 2271 1452 2290; x_wconf 65' lang='lat'><em>2</em></span> 
     </span>
     <span class='ocr_line' id='line_1_26' title="bbox 167 2315 1404 2398; baseline 0.001 -23"><span class='ocrx_word' id='word_1_247' title='bbox 167 2315 388 2378; x_wconf 88' lang='lat' dir='ltr'><strong>conditionibus</strong></span> <span class='ocrx_word' id='word_1_248' title='bbox 399 2317 551 2398; x_wconf 83' lang='lat' dir='ltr'><strong>impletis(</strong></span> <span class='ocrx_word' id='word_1_249' title='bbox 573 2317 598 2398; x_wconf 91' lang='lat'><strong>).</strong></span> <span class='ocrx_word' id='word_1_250' title='bbox 808 2318 866 2378; x_wconf 89' lang='lat' dir='ltr'><strong>iam</strong></span> <span class='ocrx_word' id='word_1_251' title='bbox 887 2317 1060 2398; x_wconf 84' lang='lat' dir='ltr'><strong>Episcopus:</strong></span> <span class='ocrx_word' id='word_1_252' title='bbox 1085 2318 1121 2379; x_wconf 93' lang='lat' dir='ltr'><strong>ad</strong></span> <span class='ocrx_word' id='word_1_253' title='bbox 1141 2335 1322 2379; x_wconf 84' lang='lat' dir='ltr'><strong>consensum</strong></span> <span class='ocrx_word' id='word_1_254' title='bbox 1341 2335 1404 2395; x_wconf 84' lang='lat' dir='ltr'><strong>ergo</strong></span> 
     </span>
    </p>
   </div>
   <div class='ocr_carea' id='block_1_3' title="bbox 807 2401 1452 2482">
    <p class='ocr_par' dir='ltr' id='par_1_3' title="bbox 807 2401 1452 2482">
     <span class='ocr_line' id='line_1_27' title="bbox 807 2401 1452 2482; baseline -0.003 -21"><span class='ocrx_word' id='word_1_255' title='bbox 807 2403 1002 2463; x_wconf 85' lang='lat' dir='ltr'><strong>universalem</strong></span> <span class='ocrx_word' id='word_1_256' title='bbox 1031 2421 1089 2463; x_wconf 93' lang='lat' dir='ltr'><strong>non</strong></span> <span class='ocrx_word' id='word_1_257' title='bbox 1113 2401 1224 2482; x_wconf 81' lang='lat' dir='ltr'><strong>requiri</strong></span> <span class='ocrx_word' id='word_1_258' title='bbox 1244 2409 1355 2480; x_wconf 90' lang='lat' dir='ltr'><strong>potest,</strong></span> <span class='ocrx_word' id='word_1_259' title='bbox 1378 2409 1406 2460; x_wconf 92' lang='lat' dir='ltr'><strong>ut</strong></span> <span class='ocrx_word' id='word_1_260' title='bbox 1451 2413 1452 2416; x_wconf 73' lang='grc'>’</span> 
     </span>
    </p>
   </div>
   <div class='ocr_carea' id='block_1_4' title="bbox 189 2480 1452 2576">
    <p class='ocr_par' dir='ltr' id='par_1_4' title="bbox 189 2480 1452 2576">
     <span class='ocr_line' id='line_1_28' title="bbox 189 2480 1452 2576; baseline -0.002 -49"><span class='ocrx_word' id='word_1_261' title='bbox 189 2480 215 2530; x_wconf 80' lang='grc' dir='ltr'><strong>Β.</strong></span> <span class='ocrx_word' id='word_1_262' title='bbox 234 2481 267 2528; x_wconf 84' lang='lat' dir='ltr'><strong>Ila</strong></span> <span class='ocrx_word' id='word_1_263' title='bbox 282 2493 398 2530; x_wconf 82' lang='lat' dir='ltr'><strong>consensu</strong></span> <span class='ocrx_word' id='word_1_264' title='bbox 415 2481 532 2529; x_wconf 79' lang='lat' dir='ltr'><strong>Ecclesiae</strong></span> <span class='ocrx_word' id='word_1_265' title='bbox 546 2483 743 2529; x_wconf 81' lang='lat' dir='ltr'><strong>entraconcillari.</strong></span> <span class='ocrx_word' id='word_1_266' title='bbox 809 2505 912 2546; x_wconf 66' lang='lat' dir='ltr'><strong>omnes</strong></span> <span class='ocrx_word' id='word_1_267' title='bbox 937 2494 967 2548; x_wconf 68' lang='lat' dir='ltr'><strong>eg</strong></span> <span class='ocrx_word' id='word_1_268' title='bbox 994 2486 1101 2564; x_wconf 68' lang='lat' dir='ltr'><strong>singuli</strong></span> <span class='ocrx_word' id='word_1_269' title='bbox 1121 2485 1334 2560; x_wconf 60' lang='lat' dir='ltr'><strong>consengianp,</strong></span> <span class='ocrx_word' id='word_1_270' title='bbox 1358 2483 1404 2546; x_wconf 68' lang='lat' dir='ltr'><strong>seg</strong></span> <span class='ocrx_word' id='word_1_271' title='bbox 1451 2501 1452 2576; x_wconf 65' lang='lat' dir='ltr'><strong>p</strong></span> 
     </span>
    </p>
   </div>
   <div class='ocr_carea' id='block_1_5' title="bbox 164 2569 1452 4434">
    <p class='ocr_par' dir='ltr' id='par_1_5' title="bbox 164 2569 1452 4434">
     <span class='ocr_line' id='line_1_29' title="bbox 399 2569 1452 2666; baseline -0.003 -35"><span class='ocrx_word' id='word_1_272' title='bbox 399 2593 428 2666; x_wconf 67' lang='grc' dir='ltr'><strong>ς,</strong></span> <span class='ocrx_word' id='word_1_273' title='bbox 455 2599 534 2647; x_wconf 67' lang='lat' dir='ltr'><strong>m,</strong></span> <span class='ocrx_word' id='word_1_274' title='bbox 808 2570 917 2631; x_wconf 87' lang='lat' dir='ltr'><strong>sufficit</strong></span> <span class='ocrx_word' id='word_1_275' title='bbox 935 2569 1031 2632; x_wconf 93' lang='lat' dir='ltr'><strong>maior</strong></span> <span class='ocrx_word' id='word_1_276' title='bbox 1049 2589 1118 2652; x_wconf 89' lang='lat' dir='ltr'><strong>pars</strong></span> <span class='ocrx_word' id='word_1_277' title='bbox 1141 2569 1277 2630; x_wconf 85' lang='lat' dir='ltr'><strong>Pontifici</strong></span> <span class='ocrx_word' id='word_1_278' title='bbox 1303 2569 1408 2629; x_wconf 89' lang='lat' dir='ltr'><strong>adhae·</strong></span> <span class='ocrx_word' id='word_1_279' title='bbox 1451 2587 1452 2638; x_wconf 73' lang='grc' dir='ltr'><strong>ς</strong></span> 
     </span>
     <span class='ocr_line' id='line_1_30' title="bbox 807 2654 1406 2734; baseline -0.003 -20"><span class='ocrx_word' id='word_1_280' title='bbox 807 2671 887 2730; x_wconf 81' lang='lat' dir='ltr'><strong>rane,</strong></span> <span class='ocrx_word' id='word_1_281' title='bbox 902 2655 962 2729; x_wconf 90' lang='lat' dir='ltr'><strong>cui,</strong></span> <span class='ocrx_word' id='word_1_282' title='bbox 975 2654 1024 2734; x_wconf 80' lang='lat' dir='ltr'><strong>qui</strong></span> <span class='ocrx_word' id='word_1_283' title='bbox 1036 2655 1178 2716; x_wconf 83' lang='lat' dir='ltr'><strong>hactenus</strong></span> <span class='ocrx_word' id='word_1_284' title='bbox 1189 2660 1406 2734; x_wconf 83' lang='lat' dir='ltr'><strong>repugnarunt,</strong></span> 
     </span>
     <span class='ocr_line' id='line_1_31' title="bbox 809 2735 1408 2818; baseline -0.005 -20"><span class='ocrx_word' id='word_1_285' title='bbox 809 2747 859 2798; x_wconf 89' lang='lat' dir='ltr'><strong>aut</strong></span> <span class='ocrx_word' id='word_1_286' title='bbox 878 2757 1002 2799; x_wconf 87' lang='lat' dir='ltr'><strong>nurnero</strong></span> <span class='ocrx_word' id='word_1_287' title='bbox 1026 2739 1194 2818; x_wconf 88' lang='lat' dir='ltr'><strong>pauciores,</strong></span> <span class='ocrx_word' id='word_1_288' title='bbox 1211 2745 1264 2797; x_wconf 89' lang='lat' dir='ltr'><strong>aut</strong></span> <span class='ocrx_word' id='word_1_289' title='bbox 1283 2735 1408 2796; x_wconf 90' lang='lat' dir='ltr'><strong>auctori-</strong></span> 
     </span>
     <span class='ocr_line' id='line_1_32' title="bbox 220 2820 1452 2908; baseline -0.004 -23"><span class='ocrx_word' id='word_1_290' title='bbox 220 2821 278 2886; x_wconf 86' lang='lat' dir='ltr'><strong>Per</strong></span> <span class='ocrx_word' id='word_1_291' title='bbox 302 2841 479 2885; x_wconf 90' lang='lat' dir='ltr'><strong>consensum</strong></span> <span class='ocrx_word' id='word_1_292' title='bbox 498 2823 649 2886; x_wconf 87' lang='lat' dir='ltr'><strong>Ecclesiae</strong></span> <span class='ocrx_word' id='word_1_293' title='bbox 668 2833 767 2886; x_wconf 84' lang='lat' dir='ltr'><strong>entra·</strong></span> <span class='ocrx_word' id='word_1_294' title='bbox 810 2830 868 2884; x_wconf 88' lang='lat' dir='ltr'><strong>tate</strong></span> <span class='ocrx_word' id='word_1_295' title='bbox 888 2823 1007 2885; x_wconf 87' lang='lat' dir='ltr'><strong>aliunde</strong></span> <span class='ocrx_word' id='word_1_296' title='bbox 1027 2823 1182 2885; x_wconf 84' lang='lat' dir='ltr'><strong>interiores</strong></span> <span class='ocrx_word' id='word_1_297' title='bbox 1206 2820 1395 2902; x_wconf 60' lang='lat' dir='ltr'><strong>lueruntffl).</strong></span> <span class='ocrx_word' id='word_1_298' title='bbox 1451 2903 1452 2908; x_wconf 8' lang='grc' dir='ltr'>ἵ</span> 
     </span>
     <span class='ocr_line' id='line_1_33' title="bbox 165 2907 1197 2986; baseline 0.003 -18"><span class='ocrx_word' id='word_1_299' title='bbox 165 2909 354 2968; x_wconf 88' lang='lat' dir='ltr'><strong>conciliarem</strong></span> <span class='ocrx_word' id='word_1_300' title='bbox 369 2907 543 2986; x_wconf 88' lang='lat' dir='ltr'><strong>intelligitur</strong></span> <span class='ocrx_word' id='word_1_301' title='bbox 555 2927 718 2969; x_wconf 90' lang='lat' dir='ltr'><strong>consensus</strong></span> <span class='ocrx_word' id='word_1_302' title='bbox 730 2909 768 2971; x_wconf 93' lang='lat' dir='ltr'><strong>E·</strong></span> <span class='ocrx_word' id='word_1_303' title='bbox 1196 2911 1197 2914; x_wconf 70' lang='grc'>’</span> 
     </span>
     <span class='ocr_line' id='line_1_34' title="bbox 164 2962 1173 3076; baseline -0.001 -24"><span class='ocrx_word' id='word_1_304' title='bbox 164 2992 368 3074; x_wconf 88' lang='lat' dir='ltr'><strong>piscoporum,</strong></span> <span class='ocrx_word' id='word_1_305' title='bbox 391 3010 445 3074; x_wconf 90' lang='lat' dir='ltr'><strong>per</strong></span> <span class='ocrx_word' id='word_1_306' title='bbox 463 2992 565 3052; x_wconf 91' lang='lat' dir='ltr'><strong>orbem</strong></span> <span class='ocrx_word' id='word_1_307' title='bbox 588 2993 766 3053; x_wconf 84' lang='lat' dir='ltr'><strong>catirolicunr</strong></span> <span class='ocrx_word' id='word_1_308' title='bbox 1045 2962 1075 3033; x_wconf 61' lang='grc' dir='ltr'><strong>ς·</strong></span> <span class='ocrx_word' id='word_1_309' title='bbox 1097 2968 1173 3076; x_wconf 55' lang='lat' dir='ltr'><strong>ms</strong></span> 
     </span>
     <span class='ocr_line' id='line_1_35' title="bbox 167 3063 1452 3156; baseline 0.001 -20"><span class='ocrx_word' id='word_1_310' title='bbox 167 3075 540 3156; x_wconf 86' lang='lat' dir='ltr'><strong>dispersorum,quandam</strong></span> <span class='ocrx_word' id='word_1_311' title='bbox 550 3074 769 3152; x_wconf 87' lang='lat' dir='ltr'><strong>Religionisdo·</strong></span> <span class='ocrx_word' id='word_1_312' title='bbox 1013 3063 1040 3112; x_wconf 84' lang='lat'><strong>¹¹·</strong></span> <span class='ocrx_word' id='word_1_313' title='bbox 1062 3065 1204 3111; x_wconf 69' lang='lat' dir='ltr'><strong>auctoritas.</strong></span> <span class='ocrx_word' id='word_1_314' title='bbox 1451 3119 1452 3124; x_wconf 20' lang='grc' dir='ltr'>η</span> 
     </span>
     <span class='ocr_line' id='line_1_36' title="bbox 166 3153 1411 3241; baseline -0.004 -21"><span class='ocrx_word' id='word_1_315' title='bbox 166 3161 292 3220; x_wconf 85' lang='lat' dir='ltr'><strong>ctrinanr</strong></span> <span class='ocrx_word' id='word_1_316' title='bbox 324 3178 377 3241; x_wconf 88' lang='lat' dir='ltr'><strong>pro</strong></span> <span class='ocrx_word' id='word_1_317' title='bbox 409 3160 550 3234; x_wconf 90' lang='lat' dir='ltr'><strong>divinitus</strong></span> <span class='ocrx_word' id='word_1_318' title='bbox 577 3161 706 3228; x_wconf 84' lang='lat' dir='ltr'><strong>revelata</strong></span> <span class='ocrx_word' id='word_1_319' title='bbox 738 3169 767 3222; x_wconf 89' lang='lat' dir='ltr'><strong>et</strong></span> <span class='ocrx_word' id='word_1_320' title='bbox 849 3155 1018 3220; x_wconf 88' lang='lat' dir='ltr'><strong>Consensus</strong></span> <span class='ocrx_word' id='word_1_321' title='bbox 1042 3157 1192 3220; x_wconf 84' lang='lat' dir='ltr'><strong>Ecclesiae</strong></span> <span class='ocrx_word' id='word_1_322' title='bbox 1220 3153 1411 3218; x_wconf 86' lang='lat' dir='ltr'><strong>extraconci-</strong></span> 
     </span>
     <span class='ocr_line' id='line_1_37' title="bbox 164 3240 1408 3306; baseline -0.004 -2"><span class='ocrx_word' id='word_1_323' title='bbox 164 3243 313 3304; x_wconf 86' lang='lat' dir='ltr'><strong>credenda</strong></span> <span class='ocrx_word' id='word_1_324' title='bbox 344 3243 573 3304; x_wconf 87' lang='lat' dir='ltr'><strong>declarantium.</strong></span> <span class='ocrx_word' id='word_1_325' title='bbox 599 3242 767 3306; x_wconf 85' lang='lat' dir='ltr'><strong>Consensus</strong></span> <span class='ocrx_word' id='word_1_326' title='bbox 807 3241 890 3303; x_wconf 88' lang='lat' dir='ltr'><strong>liaris</strong></span> <span class='ocrx_word' id='word_1_327' title='bbox 908 3241 1083 3304; x_wconf 81' lang='lat' dir='ltr'><strong>universalis</strong></span> <span class='ocrx_word' id='word_1_328' title='bbox 1098 3250 1142 3304; x_wconf 91' lang='lat' dir='ltr'><strong>est</strong></span> <span class='ocrx_word' id='word_1_329' title='bbox 1156 3240 1326 3302; x_wconf 85' lang='lat' dir='ltr'><strong>inlaliibilis</strong></span> <span class='ocrx_word' id='word_1_330' title='bbox 1338 3249 1367 3300; x_wconf 85' lang='lat' dir='ltr'><strong>et</strong></span> <span class='ocrx_word' id='word_1_331' title='bbox 1379 3240 1408 3299; x_wconf 91' lang='lat' dir='ltr'><strong>in</strong></span> 
     </span>
     <span class='ocr_line' id='line_1_38' title="bbox 164 3324 1410 3405; baseline -0.004 -19"><span class='ocrx_word' id='word_1_332' title='bbox 164 3325 222 3387; x_wconf 90' lang='lat' dir='ltr'><strong>iste</strong></span> <span class='ocrx_word' id='word_1_333' title='bbox 246 3345 306 3386; x_wconf 91' lang='lat' dir='ltr'><strong>non</strong></span> <span class='ocrx_word' id='word_1_334' title='bbox 329 3333 443 3387; x_wconf 92' lang='lat' dir='ltr'><strong>lantum</strong></span> <span class='ocrx_word' id='word_1_335' title='bbox 463 3327 623 3389; x_wconf 89' lang='lat' dir='ltr'><strong>voluntatis</strong></span> <span class='ocrx_word' id='word_1_336' title='bbox 638 3374 647 3405; x_wconf 93' lang='lat'><strong>,</strong></span> <span class='ocrx_word' id='word_1_337' title='bbox 665 3327 716 3389; x_wconf 91' lang='lat' dir='ltr'><strong>sed</strong></span> <span class='ocrx_word' id='word_1_338' title='bbox 739 3338 767 3390; x_wconf 92' lang='lat' dir='ltr'><strong>et</strong></span> <span class='ocrx_word' id='word_1_339' title='bbox 807 3325 996 3402; x_wconf 83' lang='lat' dir='ltr'><strong>dogmatibus</strong></span> <span class='ocrx_word' id='word_1_340' title='bbox 1008 3325 1196 3403; x_wconf 76' lang='lat' dir='ltr'><strong>detrudendis,</strong></span> <span class='ocrx_word' id='word_1_341' title='bbox 1212 3344 1246 3386; x_wconf 93' lang='lat' dir='ltr'><strong>ac</strong></span> <span class='ocrx_word' id='word_1_342' title='bbox 1259 3324 1410 3386; x_wconf 86' lang='lat' dir='ltr'><strong>iideicon·</strong></span> 
     </span>
     <span class='ocr_line' id='line_1_39' title="bbox 164 3408 1406 3494; baseline -0.002 -24"><span class='ocrx_word' id='word_1_343' title='bbox 164 3409 334 3470; x_wconf 90' lang='lat' dir='ltr'><strong>intellectus</strong></span> <span class='ocrx_word' id='word_1_344' title='bbox 353 3419 449 3471; x_wconf 92' lang='lat' dir='ltr'><strong>actum</strong></span> <span class='ocrx_word' id='word_1_345' title='bbox 470 3411 499 3472; x_wconf 94' lang='lat' dir='ltr'><strong>in</strong></span> <span class='ocrx_word' id='word_1_346' title='bbox 519 3411 674 3494; x_wconf 90' lang='lat' dir='ltr'><strong>Episcopis</strong></span> <span class='ocrx_word' id='word_1_347' title='bbox 693 3430 767 3494; x_wconf 91' lang='lat' dir='ltr'><strong>sup·</strong></span> <span class='ocrx_word' id='word_1_348' title='bbox 809 3411 958 3472; x_wconf 90' lang='lat' dir='ltr'><strong>troversiis</strong></span> <span class='ocrx_word' id='word_1_349' title='bbox 972 3410 1148 3472; x_wconf 89' lang='lat' dir='ltr'><strong>dirimendis</strong></span> <span class='ocrx_word' id='word_1_350' title='bbox 1171 3427 1273 3471; x_wconf 90' lang='lat' dir='ltr'><strong>errare</strong></span> <span class='ocrx_word' id='word_1_351' title='bbox 1293 3408 1406 3488; x_wconf 89' lang='lat' dir='ltr'><strong>nequit.</strong></span> 
     </span>
     <span class='ocr_line' id='line_1_40' title="bbox 164 3492 1410 3576; baseline -0.002 -24"><span class='ocrx_word' id='word_1_352' title='bbox 164 3493 261 3574; x_wconf 91' lang='lat' dir='ltr'><strong>ponit,</strong></span> <span class='ocrx_word' id='word_1_353' title='bbox 286 3512 344 3574; x_wconf 91' lang='lat' dir='ltr'><strong>quo</strong></span> <span class='ocrx_word' id='word_1_354' title='bbox 373 3512 427 3575; x_wconf 92' lang='lat' dir='ltr'><strong>pro</strong></span> <span class='ocrx_word' id='word_1_355' title='bbox 456 3494 597 3574; x_wconf 91' lang='lat' dir='ltr'><strong>imposito</strong></span> <span class='ocrx_word' id='word_1_356' title='bbox 616 3496 673 3557; x_wconf 87' lang='lat' dir='ltr'><strong>sibi</strong></span> <span class='ocrx_word' id='word_1_357' title='bbox 698 3515 767 3556; x_wconf 91' lang='lat' dir='ltr'><strong>mu·</strong></span> <span class='ocrx_word' id='word_1_358' title='bbox 807 3493 837 3555; x_wconf 89' lang='lat' dir='ltr'><strong>Id</strong></span> <span class='ocrx_word' id='word_1_359' title='bbox 858 3514 892 3556; x_wconf 82' lang='lat' dir='ltr'><strong>ex</strong></span> <span class='ocrx_word' id='word_1_360' title='bbox 906 3496 937 3566; x_wconf 80' lang='lat' dir='ltr'><strong>S.</strong></span> <span class='ocrx_word' id='word_1_361' title='bbox 950 3495 1116 3576; x_wconf 84' lang='lat' dir='ltr'><strong>Scriptura,</strong></span> <span class='ocrx_word' id='word_1_362' title='bbox 1130 3503 1159 3557; x_wconf 90' lang='lat' dir='ltr'><strong>el</strong></span> <span class='ocrx_word' id='word_1_363' title='bbox 1176 3492 1361 3568; x_wconf 81' lang='lat' dir='ltr'><strong>Traditiorac,</strong></span> <span class='ocrx_word' id='word_1_364' title='bbox 1380 3499 1410 3550; x_wconf 85' lang='lat' dir='ltr'><strong>et</strong></span> 
     </span>
     <span class='ocr_line' id='line_1_41' title="bbox 166 3576 1409 3660; baseline -0.002 -23"><span class='ocrx_word' id='word_1_365' title='bbox 166 3594 239 3638; x_wconf 90' lang='lat' dir='ltr'><strong>nere</strong></span> <span class='ocrx_word' id='word_1_366' title='bbox 263 3577 388 3639; x_wconf 90' lang='lat' dir='ltr'><strong>docendi</strong></span> <span class='ocrx_word' id='word_1_367' title='bbox 413 3579 449 3640; x_wconf 90' lang='lat' dir='ltr'><strong>de</strong></span> <span class='ocrx_word' id='word_1_368' title='bbox 479 3579 615 3640; x_wconf 87' lang='lat' dir='ltr'><strong>doctrina</strong></span> <span class='ocrx_word' id='word_1_369' title='bbox 642 3581 677 3641; x_wconf 90' lang='lat' dir='ltr'><strong>ad</strong></span> <span class='ocrx_word' id='word_1_370' title='bbox 707 3579 768 3641; x_wconf 89' lang='lat' dir='ltr'><strong>Re·</strong></span> <span class='ocrx_word' id='word_1_371' title='bbox 808 3597 843 3640; x_wconf 84' lang='lat' dir='ltr'><strong>en</strong></span> <span class='ocrx_word' id='word_1_372' title='bbox 865 3580 981 3642; x_wconf 85' lang='lat' dir='ltr'><strong>ratione</strong></span> <span class='ocrx_word' id='word_1_373' title='bbox 1009 3579 1168 3660; x_wconf 77' lang='lat' dir='ltr'><strong>theologico</strong></span> <span class='ocrx_word' id='word_1_374' title='bbox 1192 3576 1317 3658; x_wconf 85' lang='lat' dir='ltr'><strong>probari</strong></span> <span class='ocrx_word' id='word_1_375' title='bbox 1341 3583 1409 3656; x_wconf 91' lang='lat' dir='ltr'><strong>pot·</strong></span> 
     </span>
     <span class='ocr_line' id='line_1_42' title="bbox 164 3661 929 3748; baseline 0.004 -27"><span class='ocrx_word' id='word_1_376' title='bbox 164 3661 342 3748; x_wconf 81' lang='lat' dir='ltr'><strong>velationem</strong></span> <span class='ocrx_word' id='word_1_377' title='bbox 369 3670 522 3744; x_wconf 90' lang='lat' dir='ltr'><strong>spectante</strong></span> <span class='ocrx_word' id='word_1_378' title='bbox 548 3663 691 3725; x_wconf 91' lang='lat' dir='ltr'><strong>iudicium</strong></span> <span class='ocrx_word' id='word_1_379' title='bbox 721 3664 774 3726; x_wconf 71' lang='lat' dir='ltr'><strong>le-&#39;</strong></span> <span class='ocrx_word' id='word_1_380' title='bbox 808 3671 863 3724; x_wconf 90' lang='lat' dir='ltr'><strong>est.</strong></span> <span class='ocrx_word' id='word_1_381' title='bbox 926 3693 929 3701; x_wconf 59' lang='lat'><strong><em>¹</em></strong></span> 
     </span>
     <span class='ocr_line' id='line_1_43' title="bbox 164 3741 1452 3830; baseline 0.002 -24"><span class='ocrx_word' id='word_1_382' title='bbox 164 3755 247 3808; x_wconf 86' lang='lat' dir='ltr'><strong>runt.</strong></span> <span class='ocrx_word' id='word_1_383' title='bbox 272 3745 441 3830; x_wconf 73' lang='lat' dir='ltr'><strong>Conseasus</strong></span> <span class='ocrx_word' id='word_1_384' title='bbox 461 3747 515 3808; x_wconf 90' lang='lat' dir='ltr'><strong>iste</strong></span> <span class='ocrx_word' id='word_1_385' title='bbox 533 3747 648 3809; x_wconf 87' lang='lat' dir='ltr'><strong>ratione</strong></span> <span class='ocrx_word' id='word_1_386' title='bbox 667 3757 770 3809; x_wconf 86' lang='lat' dir='ltr'><strong>exten·</strong></span> <span class='ocrx_word' id='word_1_387' title='bbox 863 3747 892 3808; x_wconf 86' lang='lat' dir='ltr'><strong>i.</strong></span> <span class='ocrx_word' id='word_1_388' title='bbox 916 3745 1097 3825; x_wconf 79' lang='lat' dir='ltr'><strong>Argumenta</strong></span> <span class='ocrx_word' id='word_1_389' title='bbox 1115 3744 1226 3807; x_wconf 91' lang='lat' dir='ltr'><strong>biblica</strong></span> <span class='ocrx_word' id='word_1_390' title='bbox 1244 3743 1284 3825; x_wconf 70' lang='lat' dir='ltr'><strong>(S.</strong></span> <span class='ocrx_word' id='word_1_391' title='bbox 1303 3741 1366 3804; x_wconf 74' lang='lat' dir='ltr'><strong>ala</strong></span> <span class='ocrx_word' id='word_1_392' title='bbox 1383 3749 1412 3803; x_wconf 90' lang='lat' dir='ltr'><strong>el</strong></span> <span class='ocrx_word' id='word_1_393' title='bbox 1451 3803 1452 3808; x_wconf 73' lang='grc'>,</span> 
     </span>
     <span class='ocr_line' id='line_1_44' title="bbox 164 3827 1410 3912; baseline -0.003 -22"><span class='ocrx_word' id='word_1_394' title='bbox 164 3829 323 3896; x_wconf 67' lang='lat' dir='ltr'><strong>sioniPest</strong></span> <span class='ocrx_word' id='word_1_395' title='bbox 336 3831 380 3891; x_wconf 85' lang='lat' dir='ltr'><strong>vei</strong></span> <span class='ocrx_word' id='word_1_396' title='bbox 401 3831 592 3906; x_wconf 83' lang='lat' dir='ltr'><strong>rtniocrsolis,</strong></span> <span class='ocrx_word' id='word_1_397' title='bbox 611 3833 655 3893; x_wconf 85' lang='lat' dir='ltr'><strong>vel</strong></span> <span class='ocrx_word' id='word_1_398' title='bbox 668 3832 769 3911; x_wconf 85' lang='lat' dir='ltr'><strong>porti·</strong></span> <span class='ocrx_word' id='word_1_399' title='bbox 809 3829 881 3910; x_wconf 77' lang='lat' dir='ltr'><strong>ata)</strong></span> <span class='ocrx_word' id='word_1_400' title='bbox 903 3849 954 3912; x_wconf 92' lang='lat' dir='ltr'><strong>pro</strong></span> <span class='ocrx_word' id='word_1_401' title='bbox 974 3830 1123 3892; x_wconf 88' lang='lat' dir='ltr'><strong>Ecclesiae</strong></span> <span class='ocrx_word' id='word_1_402' title='bbox 1136 3829 1351 3891; x_wconf 80' lang='lat' dir='ltr'><strong>infallibilitate</strong></span> <span class='ocrx_word' id='word_1_403' title='bbox 1366 3827 1410 3887; x_wconf 88' lang='lat' dir='ltr'><strong>al-</strong></span> 
     </span>
     <span class='ocr_line' id='line_1_45' title="bbox 164 3910 1410 3994; baseline -0.005 -18"><span class='ocrx_word' id='word_1_404' title='bbox 164 3915 311 3991; x_wconf 78' lang='lat' dir='ltr'><strong>liculorio,</strong></span> <span class='ocrx_word' id='word_1_405' title='bbox 328 3922 415 3994; x_wconf 93' lang='lat' dir='ltr'><strong>prout</strong></span> <span class='ocrx_word' id='word_1_406' title='bbox 429 3915 473 3974; x_wconf 88' lang='lat' dir='ltr'><strong>vei</strong></span> <span class='ocrx_word' id='word_1_407' title='bbox 487 3933 590 3975; x_wconf 90' lang='lat' dir='ltr'><strong>omnes</strong></span> <span class='ocrx_word' id='word_1_408' title='bbox 603 3917 767 3991; x_wconf 89' lang='lat' dir='ltr'><strong>moraliter,</strong></span> <span class='ocrx_word' id='word_1_409' title='bbox 810 3915 880 3990; x_wconf 87' lang='lat' dir='ltr'><strong>lata,</strong></span> <span class='ocrx_word' id='word_1_410' title='bbox 895 3915 919 3975; x_wconf 94' lang='lat' dir='ltr'><strong>si</strong></span> <span class='ocrx_word' id='word_1_411' title='bbox 936 3914 1074 3975; x_wconf 90' lang='lat' dir='ltr'><strong>ultimum</strong></span> <span class='ocrx_word' id='word_1_412' title='bbox 1093 3913 1289 3994; x_wconf 61' lang='lat' dir='ltr'><strong>excipiamus</strong></span> <span class='ocrx_word' id='word_1_413' title='bbox 1310 3910 1410 3972; x_wconf 88' lang='lat' dir='ltr'><strong>omnia</strong></span> 
     </span>
     <span class='ocr_line' id='line_1_46' title="bbox 164 3995 1411 4079; baseline -0.002 -22"><span class='ocrx_word' id='word_1_414' title='bbox 164 3998 209 4058; x_wconf 89' lang='lat' dir='ltr'><strong>vei</strong></span> <span class='ocrx_word' id='word_1_415' title='bbox 230 3998 446 4078; x_wconf 89' lang='lat' dir='ltr'><strong>aliquitantum</strong></span> <span class='ocrx_word' id='word_1_416' title='bbox 463 3999 616 4076; x_wconf 89' lang='lat' dir='ltr'><strong>praesules</strong></span> <span class='ocrx_word' id='word_1_417' title='bbox 629 4001 771 4061; x_wconf 88' lang='lat' dir='ltr'><strong>ecclesia·</strong></span> <span class='ocrx_word' id='word_1_418' title='bbox 810 4007 996 4078; x_wconf 89' lang='lat' dir='ltr'><strong>praesentem</strong></span> <span class='ocrx_word' id='word_1_419' title='bbox 1028 4017 1146 4079; x_wconf 92' lang='lat' dir='ltr'><strong>quoque</strong></span> <span class='ocrx_word' id='word_1_420' title='bbox 1175 3995 1411 4079; x_wconf 86' lang='lat' dir='ltr'><strong>propositionem</strong></span> 
     </span>
     <span class='ocr_line' id='line_1_47' title="bbox 165 4077 1412 4163; baseline -0.002 -23"><span class='ocrx_word' id='word_1_421' title='bbox 165 4081 232 4141; x_wconf 90' lang='lat' dir='ltr'><strong>stici</strong></span> <span class='ocrx_word' id='word_1_422' title='bbox 251 4081 452 4142; x_wconf 84' lang='lat' dir='ltr'><strong>consentiunt.</strong></span> <span class='ocrx_word' id='word_1_423' title='bbox 476 4081 670 4162; x_wconf 67' lang='lat' dir='ltr'><strong>-Eatione</strong></span> <span class='ocrx_word' id='word_1_424' title='bbox 689 4083 768 4144; x_wconf 93' lang='lat' dir='ltr'><strong>modi</strong></span> <span class='ocrx_word' id='word_1_425' title='bbox 810 4083 947 4163; x_wconf 89' lang='lat' dir='ltr'><strong>probant.</strong></span> <span class='ocrx_word' id='word_1_426' title='bbox 968 4081 1100 4144; x_wconf 84' lang='lat' dir='ltr'><strong>Christus</strong></span> <span class='ocrx_word' id='word_1_427' title='bbox 1113 4080 1191 4142; x_wconf 91' lang='lat' dir='ltr'><strong>enim</strong></span> <span class='ocrx_word' id='word_1_428' title='bbox 1207 4088 1335 4141; x_wconf 91' lang='lat' dir='ltr'><strong>suamet</strong></span> <span class='ocrx_word' id='word_1_429' title='bbox 1348 4077 1412 4159; x_wconf 91' lang='lat' dir='ltr'><strong>Spi-</strong></span> 
     </span>
     <span class='ocr_line' id='line_1_48' title="bbox 164 4163 1452 4242; baseline -0.002 -18"><span class='ocrx_word' id='word_1_430' title='bbox 164 4181 330 4224; x_wconf 91' lang='lat' dir='ltr'><strong>consensus</strong></span> <span class='ocrx_word' id='word_1_431' title='bbox 346 4172 390 4225; x_wconf 86' lang='lat' dir='ltr'><strong>est</strong></span> <span class='ocrx_word' id='word_1_432' title='bbox 407 4166 452 4225; x_wconf 87' lang='lat' dir='ltr'><strong>rel</strong></span> <span class='ocrx_word' id='word_1_433' title='bbox 471 4181 637 4242; x_wconf 77' lang='lat' dir='ltr'><strong>expressos,</strong></span> <span class='ocrx_word' id='word_1_434' title='bbox 660 4167 704 4227; x_wconf 88' lang='lat' dir='ltr'><strong>vel</strong></span> <span class='ocrx_word' id='word_1_435' title='bbox 721 4175 767 4230; x_wconf 84' lang='lat' dir='ltr'><strong>tn·</strong></span> <span class='ocrx_word' id='word_1_436' title='bbox 811 4167 885 4226; x_wconf 86' lang='lat' dir='ltr'><strong>nilus</strong></span> <span class='ocrx_word' id='word_1_437' title='bbox 909 4163 940 4227; x_wconf 88' lang='lat' dir='ltr'><strong>S.</strong></span> <span class='ocrx_word' id='word_1_438' title='bbox 969 4167 1166 4226; x_wconf 88' lang='lat' dir='ltr'><strong>assistentiam</strong></span> <span class='ocrx_word' id='word_1_439' title='bbox 1185 4164 1341 4226; x_wconf 87' lang='lat' dir='ltr'><strong>Ecclesiae</strong></span> <span class='ocrx_word' id='word_1_440' title='bbox 1360 4179 1411 4241; x_wconf 89' lang='lat' dir='ltr'><strong>ge·</strong></span> <span class='ocrx_word' id='word_1_441' title='bbox 1451 4231 1452 4234; x_wconf 8' lang='grc' dir='ltr'><strong>Ἴ</strong></span> 
     </span>
     <span class='ocr_line' id='line_1_49' title="bbox 167 4246 1452 4332; baseline 0.002 -26"><span class='ocrx_word' id='word_1_442' title='bbox 167 4246 259 4309; x_wconf 76' lang='lat' dir='ltr'><strong>citos:</strong></span> <span class='ocrx_word' id='word_1_443' title='bbox 276 4247 357 4326; x_wconf 91' lang='lat' dir='ltr'><strong>prior</strong></span> <span class='ocrx_word' id='word_1_444' title='bbox 375 4256 419 4309; x_wconf 92' lang='lat' dir='ltr'><strong>est</strong></span> <span class='ocrx_word' id='word_1_445' title='bbox 436 4249 696 4328; x_wconf 84' lang='lat' dir='ltr'><strong>velliteorcticus,</strong></span> <span class='ocrx_word' id='word_1_446' title='bbox 717 4249 769 4331; x_wconf 91' lang='lat' dir='ltr'><strong>qui</strong></span> <span class='ocrx_word' id='word_1_447' title='bbox 811 4250 935 4310; x_wconf 87' lang='lat' dir='ltr'><strong>neratim</strong></span> <span class='ocrx_word' id='word_1_448' title='bbox 953 4249 982 4310; x_wconf 92' lang='lat' dir='ltr'><strong>in</strong></span> <span class='ocrx_word' id='word_1_449' title='bbox 1002 4249 1135 4311; x_wconf 90' lang='lat' dir='ltr'><strong>docendo</strong></span> <span class='ocrx_word' id='word_1_450' title='bbox 1146 4249 1294 4330; x_wconf 89' lang='lat' dir='ltr'><strong>promisit,</strong></span> <span class='ocrx_word' id='word_1_451' title='bbox 1316 4262 1413 4330; x_wconf 78' lang='lat' dir='ltr'><strong>neque</strong></span> <span class='ocrx_word' id='word_1_452' title='bbox 1451 4261 1452 4332; x_wconf 55' lang='lat' dir='ltr'><strong>p</strong></span> 
     </span>
     <span class='ocr_line' id='line_1_50' title="bbox 187 4332 1452 4434; baseline 0.011 -42"><span class='ocrx_word' id='word_1_453' title='bbox 187 4332 227 4410; x_wconf 55' lang='lat' dir='ltr'><strong>lit</strong></span> <span class='ocrx_word' id='word_1_454' title='bbox 243 4350 275 4434; x_wconf 54' lang='lat' dir='ltr'><strong>ipa</strong></span> <span class='ocrx_word' id='word_1_455' title='bbox 287 4351 399 4398; x_wconf 82' lang='lat' dir='ltr'><strong>ilelcbioc</strong></span> <span class='ocrx_word' id='word_1_456' title='bbox 414 4355 491 4400; x_wconf 81' lang='lat' dir='ltr'><strong>canus</strong></span> <span class='ocrx_word' id='word_1_457' title='bbox 506 4353 523 4398; x_wconf 90' lang='lat' dir='ltr'><strong>l.</strong></span> <span class='ocrx_word' id='word_1_458' title='bbox 539 4365 560 4400; x_wconf 88' lang='lat' dir='ltr'><strong>c.</strong></span> <span class='ocrx_word' id='word_1_459' title='bbox 842 4355 873 4408; x_wconf 79' lang='lat' dir='ltr'><strong>t2l</strong></span> <span class='ocrx_word' id='word_1_460' title='bbox 889 4354 1006 4413; x_wconf 65' lang='lat' dir='ltr'><strong>dobmate</strong></span> <span class='ocrx_word' id='word_1_461' title='bbox 1021 4357 1037 4401; x_wconf 94' lang='lat' dir='ltr'><strong>i.</strong></span> <span class='ocrx_word' id='word_1_462' title='bbox 1052 4367 1073 4402; x_wconf 89' lang='lat' dir='ltr'><strong>c.</strong></span> <span class='ocrx_word' id='word_1_463' title='bbox 1088 4353 1109 4416; x_wconf 69' lang='lat' dir='ltr'><strong>l.</strong></span> <span class='ocrx_word' id='word_1_464' title='bbox 1124 4357 1162 4403; x_wconf 85' lang='lat' dir='ltr'><strong>8o.</strong></span> <span class='ocrx_word' id='word_1_465' title='bbox 1451 4343 1452 4358; x_wconf 44' lang='lat'><strong>³</strong></span> 
     </span>
    </p>
   </div>
   <div class='ocr_carea' id='block_1_6' title="bbox 303 2680 523 2772">
    <p class='ocr_par' dir='ltr' id='par_1_6' title="bbox 303 2680 523 2772">
     <span class='ocr_line' id='line_1_51' title="bbox 303 2680 523 2772; baseline -0.009 -14"><span class='ocrx_word' id='word_1_466' title='bbox 303 2680 335 2772; x_wconf 56' lang='lat' dir='ltr'><strong>a*</strong></span> <span class='ocrx_word' id='word_1_467' title='bbox 415 2711 432 2757; x_wconf 92' lang='lat' dir='ltr'><strong>r.</strong></span> <span class='ocrx_word' id='word_1_468' title='bbox 447 2709 523 2758; x_wconf 81' lang='lat' dir='ltr'><strong>rotro.</strong></span> 
     </span>
    </p>
   </div>
   <div class='ocr_carea' id='block_1_7' title="bbox 0 0 1470 4736">
    <p class='ocr_par' dir='ltr' id='par_1_7' title="bbox 0 0 1470 4736">
     <span class='ocr_line' id='line_1_52' title="bbox 0 0 1470 4736; baseline 0 0"><span class='ocrx_word' id='word_1_469' title='bbox 0 0 1470 4736; x_wconf 95' lang='lat' dir='ltr'><strong> </strong></span> 
     </span>
    </p>
   </div>
  </div>
 </body>
</html>
