2918 4734
417 177 503 272 'rins
517 224 539 270 v.
560 222 661 270 saorra
677 195 711 268 iv.
731 221 825 268 curor
842 220 883 268 vv.
1201 205 1241 268 83

98 295 151 365 dli.
179 297 210 362 l.
236 297 268 364 In
295 297 403 364 tradita
431 299 641 362 miraculorum
678 296 774 360 videri
784 297 862 359 haud
874 301 1009 378 possunt,
1021 294 1284 380 praedictionum

63 385 157 448 theoria
174 386 246 448 tatsa
262 383 490 462 argumentatio,
514 382 641 445 saucio·
679 399 817 444 successu
844 389 908 444 rata
938 380 1074 443 hahetur.
1102 382 1282 454 Maeriom,

61 471 129 531 culus
144 469 265 530 vitiosus
283 467 486 530 committitur.
505 466 578 538 Nam
590 485 640 528 ve·
679 483 731 528 seu
750 471 957 544 argumentum
976 465 1149 546 prophetiae
1168 465 1283 528 consti·

60 553 116 614 ritas
143 552 276 614 miraculi
304 551 397 614 divini
423 570 458 613 ax
486 551 641 612 sanctitate
680 557 767 610 tuunt
785 555 907 610 eventus
928 548 1032 624 laturi,
1056 557 1087 610 et
1104 549 1283 630 contingen-

59 637 202 712 doctrinae,
223 644 254 698 et
270 635 422 711 sanctitas,
438 653 490 696 seu
503 634 641 696 divinitas
681 641 737 710 tas,
759 631 811 713 qui
830 631 867 694 ab
883 631 1006 694 arbitrio
1022 633 1068 696 vel
1089 631 1155 708 Dei,
1170 633 1215 696 vel
1231 634 1283 697 lvo-

58 721 191 782 doctrinae
208 739 244 782 ex
262 719 384 782 veritate
407 717 545 780 miraculi
568 735 641 799 pro·
682 716 770 778 minis
788 715 946 797 pendeant,
960 723 989 778 et
1005 734 1059 777 nec
1072 716 1103 778 in
1120 735 1164 792 se,
1180 734 1235 780 nea
1252 718 1283 780 in

58 805 138 865 hunda
151 804 302 866 statuitur.
681 819 735 862 sua
752 819 842 862 causa
866 818 884 860 a
908 800 1013 880 spiritu
1036 800 1119 862 linita
1145 803 1284 878 cognosci

88 889 165 967 llcsp.
183 886 396 965 al'llltlvcultas
409 886 480 948 haec
492 884 590 948 statim
606 904 641 947 e·
682 885 805 965 possint.
826 885 947 960 Forma,
964 901 1017 946 seu
1037 884 1142 946 modus
1161 884 1282 964 praedi-

59 973 183 1048 vaoesait,
196 973 222 1032 si
239 969 643 1032 attendaturdistioctiacha·
683 968 788 1030 ationis
811 967 900 1030 dehet
918 986 982 1029 esse
999 968 1117 1044 claras,
1138 975 1283 1048 quantum

59 1065 188 1116 raetorum
210 1055 426 1131 negativarum,
446 1064 475 1116 et
499 1053 641 1134 positiva·
683 1059 789 1114 natura
803 1050 976 1132 prophetiae
988 1051 1110 1132 patitur,
1126 1061 1156 1113 et
1177 1069 1283 1132 scopos

60 1156 121 1199 rum.
147 1140 187 1202 ux
212 1139 331 1201 ‹lelactu
359 1138 437 1200 enim
464 1137 643 1200 characteris
684 1135 785 1214 exigit,
805 1153 864 1198 nan
880 1135 1036 1214 obscurus;
1059 1136 1282 1212 determinatas,

59 1223 165 1300 negativi
187 1222 298 1285 interni
317 1221 339 1283 i.
356 1241 384 1284 e.
404 1220 568 1284 sanctitatis
585 1220 643 1282 do·
683 1237 797 1299 seoper
811 1228 908 1300 partes
928 1227 957 1281 et
968 1219 1203 1283 circumstantias
1215 1238 1282 1301 pro·

59 1307 151 1368 ctrinae
179 1308 247 1368 iure
270 1305 389 1386 quidem
418 1305 641 1381 concludimus,
683 1303 807 1378 cedens,
827 1322 885 1364 non
901 1312 1035 1380 vaguset
1050 1303 1207 1382 generalis3
1234 1304 1282 1366 de

59 1391 216 1452 miraculum
235 1399 287 1451 aut
305 1388 456 1466 historice,
476 1397 526 1451 aut
544 1388 644 1469 philo·
684 1387 967 1467 niqnefirotua,nou
981 1386 1282 1465 ambiguas,velcan·

58 1474 161 1552 sophica
177 1489 283 1536 verum
302 1491 362 1536 non
382 1491 459 1547 essa,
478 1472 548 1554 quia
565 1471 644 1536 lleus
684 1470 805 1532 lecturis
823 1469 994 1550 permixtus.
1024 1471 1136 1536 ductor
1153 1471 1281 1554 prophe·

59 1557 146 1618 salsam
160 1557 328 1620 doctrinam
340 1575 399 1618 nou
411 1556 567 1637 approbat:
584 1573 644 1618 nan
685 1552 744 1616 tiae
761 1562 805 1616 est
822 1555 885 1634 ipse
902 1553 993 1631 Deus,
1009 1555 1061 1636 qui
1078 1556 1158 1618 solus
1176 1555 1281 1634 libere,

58 1649 142 1702 autem
164 1641 297 1704 vicissim
316 1659 352 1702 er
373 1640 539 1720 praesentia
557 1648 644 1704 nahae
684 1647 713 1698 et
731 1637 935 1716 contingenter
955 1640 1054 1700 lutura
1077 1639 1178 1702 amnia
1195 1659 1281 1721 prae·

56 1725 204 1802 negativae,
227 1743 281 1786 seu
299 1743 333 1785 er
351 1723 507 1786 sanctitate
532 1723 644 1785 dactri-
685 1721 774 1783 videt.
794 1723 925 1786 Eventus
937 1721 1132 1802 praedictioni
1146 1741 1199 1804 per
1216 1743 1282 1786 om-

56 1811 207 1870 aaastativn
225 1808 431 1870 concludimus
443 1808 479 1870 ad
492 1808 643 1870 veritatem
684 1823 737 1866 nes
755 1813 853 1884 partes
865 1806 901 1868 ad
915 1806 1058 1868 amussim
1074 1808 1281 1889 corresponde

56 1891 176 1954 miracoli
194 1892 309 1966 divini,
329 1892 380 1953 sed
406 1891 483 1952 hanc
505 1909 540 1952 er
556 1892 644 1954 testi·
683 1888 829 1952 redebet.

56 1977 142 2037 nonio
159 1991 317 2050 sensuum,
333 1984 384 2037 aut
395 1993 431 2036 ex
445 1976 644 2050 monumentis
929 2012 960 2084 ς.
984 2015 1039 2067 ⁸3·

56 2059 237 2136 authenticis,
251 2068 281 2121 et
294 2077 330 2122 er
348 2058 506 2120 reflexione
520 2059 645 2122 rationis

56 2140 206 2212 haurimus.
237 2143 280 2222 h)
306 2140 393 2206 Omni
411 2142 476 2204 iure
492 2151 590 2204 autem
610 2161 644 2204 ex
803 2123 949 2185 ·P‘⁰¹³¹¹‘'''“⁰
963 2127 1017 2171 ‘¹¹⁰²
1031 2123 1150 2194 '’⁰⁸⁸¹'’''i⁸

55 2226 159 2289 varitate
171 2226 566 2289 miraculiconcludirnusad
578 2245 646 2288 san·
725 2224 907 2288 Passibilitas
923 2226 1138 2309 duplex-sicut
1152 2229 1283 2294 miraeu-

56 2308 170 2372 ctitatera
202 2318 235 2372 et
264 2309 450 2372 divinitatem
477 2309 642 2374 doctrinae.
684 2310 799 2386 larum,
820 2310 861 2372 ita
882 2310 970 2372 etiam
997 2313 1216 2394 prophetiarum
1234 2315 1283 2378 di-

54 2389 112 2453 Nam
130 2393 282 2470 doctrina,
299 2411 387 2473 qnam
406 2393 486 2455 Deus
503 2393 579 2474 ipse,
593 2393 644 2474 qui
684 2393 793 2472 stingui
819 2395 929 2472 dehet,
961 2393 1101 2458 rvivnirnm
1131 2399 1281 2474 allectiva,

55 2487 80 2536 ut
102 2488 226 2540 aeterna
251 2478 360 2538 veritas
392 2477 453 2538 lalli
486 2485 515 2538 et
543 2477 646 2540 lallare
684 2495 760 2557 quae
775 2478 892 2551 asserit,
905 2477 996 2542 Deum
1013 2481 1099 2543 nabis
1112 2499 1159 2543 res
1174 2477 1281 2559 libere,

55 2561 166 2640 aequit,
193 2579 250 2642 per
273 2561 448 2622 miraculum
477 2561 643 2637 confirmat,
684 2570 714 2622 at
740 2561 946 2641 contingenter
972 2564 1086 2627 suturas
1112 2566 1281 2646 praedicere

55 2645 210 2707 certissime
239 2664 319 2721 vara,
349 2653 466 2720 sancta,
486 2643 597 2720 divina,
617 2653 646 2708 et
685 2663 783 2724 passe,
802 2654 831 2706 et
843 2647 1011 2723 sallentino,
1027 2667 1169 2730 quaenos
1184 2651 1220 2711 de
1235 2650 1280 2710 la-

55 2724 108 2789 ideo
125 2729 162 2790 ab
180 2728 324 2790 erunibus
345 2728 473 2790 tenenda
491 2736 546 2790 est.
566 2727 646 2792 Inest
684 2736 730 2790 cta
748 2729 902 2809 prophetia
922 2730 1075 2809 historice,
1096 2732 1280 2813 philosophi-

55 2827 110 2886 crgo
124 2813 280 2874 miraculis
296 2812 339 2873 vis
362 2811 507 2892 probandi
534 2811 644 2874 divini·
684 2831 728 2888 ce,
748 2820 778 2874 et
796 2814 915 2876 relative
932 2822 1027 2876 certos
1042 2816 1105 2878 lieri
1124 2833 1221 2895 posse,
1235 2811 1280 2876 al-

56 2899 129 2956 tatem
156 2895 312 2974 religionis
338 2895 470 2957 amnium
498 2914 644 2958 carosensu
683 2896 793 2958 firinat:
806 2905 931 2978 utraque
945 2899 1003 2960 mm
1022 2898 1174 2978 probanda
1188 2898 1278 2962 venit.

56 2980 192 3041 murima:
224 2979 291 3042 idea
316 2977 420 3042 Graeci
455 2987 485 3041 et
509 2978 643 3056 Barbari,
932 3017 953 3092 ς
982 3023 1028 3076 ω

56 3062 130 3135 culti,
153 3078 252 3144 aeque
277 3082 311 3124 ac
337 3061 442 3124 inculti
466 3063 586 3144 populi,
612 3074 645 3126 ut
909 3098 911 3107 ,
954 3057 962 3074 '
1028 3056 1037 3074 ⁸

54 3159 110 3205 suas
123 3145 296 3224 Religiones
316 3147 478 3223 firmarent,
502 3148 532 3207 in
552 3147 644 3208 taiva-

54 3227 115 3288 culis
125 3230 307 3310 praesidium
317 3229 501 3310 quaerebant
514 3249 641 3311 semper.
724 3230 900 3312 Prophetiae
930 3229 1090 3307 chiantim,
1124 3250 1177 3295 seu
1195 3232 1225 3295 in
1250 3255 1281 3299 se

54 3305 118 3378 Quin
145 3323 175 3375 et
205 3313 426 3375 incredularum
459 3314 644 3393 antesignani
684 3315 898 3391 consideratae,
916 3315 1217 3397 prolectopossibilos
1234 3319 1279 3381 di·

54 3393 232 3472 niracnlum,
250 3397 275 3458 si
295 3397 331 3458 de
346 3397 411 3458 aius
428 3398 551 3460 veritate
570 3417 644 3460 cau-
684 3399 794 3460 candae
813 3407 893 3476 sont,

54 3483 118 3540 stara
132 3481 238 3560 possit,
253 3481 437 3542 manifestam
452 3499 515 3544 esse
527 3481 644 3564 divinae
726 3482 755 3542 l.
774 3482 880 3562 logice,
904 3481 974 3563 quia
995 3482 1155 3546 earundem
1174 3501 1282 3550 conca-

53 3564 232 3625 revelationis
272 3564 554 3626 demonstrationem
586 3565 643 3625 ali·
684 3566 995 3646 ptussaoaarutiani,
1016 3569 1282 3651 quomodocunque

54 3647 157 3719 quando
170 3647 301 3709 cattlessi
318 3656 398 3710 suot:
415 3665 443 3710 a.
455 3667 485 3726 g.
503 3647 641 3730 Spinaua,
683 3649 761 3710 culta
777 3649 826 3724 sit,
860 3669 920 3711 noo
946 3659 1109 3731 repugnat,
1129 3654 1207 3734 quad
1225 3655 1280 3734 ipsi

54 3719 206 3807 Raussenm
225 3730 345 3794 Hohbes
362 3739 423 3794 elce
646 3769 649 3776 ·
682 3731 853 3814 Philosophi
872 3734 988 3798 diffiteri
1010 3746 1172 3815 nequeunt:
1190 3739 1240 3798 sed
1253 3746 1283 3798 et

228 3857 400 3910 mmm
420 3859 448 3910 η
653 3859 655 3863 -
724 3815 758 3877 2,
784 3817 903 3896 physica
925 3817 1101 3900 Prophetiae
1131 3820 1171 3882 in
1193 3839 1281 3882 sensu

444 3899 451 3912 '
683 3899 813 3980 praelato
826 3902 983 3981 possibiles
997 3911 1078 3978 sunt,
1094 3904 1163 3984 quia
1174 3921 1209 3964 ex
1223 3921 1283 3964 una

684 3993 766 4064 parte
776 3985 855 4048 Datos
869 3985 1030 4048 etaniscius
1045 3996 1099 4048 est:
1119 4004 1185 4046 cum
1201 3985 1281 4046 enim

285 4047 314 4118 ς·
335 4051 389 4102 “⁸
682 4066 746 4149 ipsa
765 4069 891 4149 tempori
905 4089 964 4130 nan
979 4069 1017 4131 sit
1035 4070 1197 4144 sublectus,
1214 4069 1280 4130 idea
1305 4131 1309 4136 ,

86 4139 237 4224 Prophetis
254 4145 416 4224 estolara,
433 4146 640 4226 determinata,
682 4169 780 4212 caram
801 4152 856 4212 illo
877 4169 974 4232 neque
994 4153 1204 4232 praeteritum,
1225 4171 1281 4214 ne·
1304 4195 1306 4204 .

56 4224 164 4312 etiamn
178 4236 336 4290 eventuum
353 4230 518 4293 suturarum
531 4242 561 4295 et
573 4252 646 4295 con·
682 4253 740 4314 que
757 4237 888 4296 lotorum
915 4236 1017 4310 duntur,
1037 4234 1089 4295 sed
1107 4234 1164 4315 ipsi
1182 4237 1282 4298 omnnia

49 4309 227 4392 ,tangentium
244 4314 295 4395 qui
310 4314 445 4395 aspiritu
458 4315 541 4382 sonita
558 4336 643 4399 prae·
682 4319 852 4402 praesentia
868 4325 948 4394 sunt,
968 4334 1058 4397 quare
1082 4318 1146 4398 ipse
1164 4337 1211 4384 res
1229 4321 1280 4384 lu·

699 3131 723 3175 d.
739 3127 771 3174 lle
786 3128 903 3175 oblectlva
917 3127 1091 3189 prophetiarum
1108 3126 1267 3186 pasalbllltate.
1282 3154 1283 3172 ι

77 4003 81 4014 .
100 3993 103 4000 ,
122 3957 173 4010 ‘he
189 3961 319 4024 Vattotutts,
341 3975 383 4010 seu
402 3957 539 4025 Prophettts.
556 3985 580 3996 ··
