2918 4734
422 173 495 222 ems
517 172 549 220 n.
573 171 676 220 senno
696 196 719 218 ..
742 169 836 219 onenr
856 168 878 216 r.
1185 145 1245 213 lob

57 245 436 334 simnoutnibusquenota:
451 250 647 333 quamobrem
688 245 1118 328 buissemamdentqnearga
1130 243 1224 308 Deum
1235 259 1287 306 re·

56 333 157 417 Mogses
181 355 237 398 nec
255 337 485 400 sollicitudinem
507 335 646 412 ostendit,
687 333 852 396 sistentiam
871 341 902 394 et
918 332 1125 406 diffidentium,
1145 328 1183 392 ob
1198 344 1286 409 quam
1313 404 1316 410 Ι

55 431 85 483 nt
98 420 152 502 ipsi
165 421 240 482 tides
253 421 410 496 habeatur,
425 439 480 482 nee
498 421 647 496 timorem,
687 417 725 480 ab
737 418 871 495 ingressu
879 414 1062 478 Palaestinae
1070 414 1205 507 exclusus
1218 411 1299 488 tuilf

55 511 84 564 nt
100 504 153 584 ipsi
172 505 403 566 contradicatur:
418 522 454 565 ex
472 503 581 585 quibus
598 522 648 566 re·
688 503 787 564 lratr'rs
795 518 915 583 quoquo
927 519 961 562 ao
974 497 1084 561 sororis
1094 496 1286 558 rebellionem

53 595 94 650 cte
110 587 271 666 colligitur,
294 589 437 651 laetorum
461 596 648 650 narratorum
688 587 821 666 aliosque
849 603 919 647 suos
941 599 1122 660 suorumque
1156 579 1287 642 delectus

52 680 231 734 constantem
245 673 275 734 in
288 674 398 754 pupulo
417 671 578 735 israelitico
593 681 650 734 tra·
688 669 840 732 humiliter
852 668 1030 730 manifestat.
1050 663 1136 726 Nulla
1154 679 1222 740 ergo
1237 681 1287 724 ra·

51 753 187 818 ditionem
207 755 346 834 riguisse.
689 754 729 816 tiu
747 753 891 832 assignari
912 759 1026 832 potest,
1049 768 1084 810 ex
1101 765 1160 828 qua
1177 744 1286 826 blopses

88 838 117 902 2.
143 841 259 922 Mogses
276 841 405 920 decipere
428 838 535 916 uoluit,
561 846 590 901 et
613 839 650 901 de
688 838 831 901 adductus
848 837 949 913 luerit,
972 834 1285 912 utdeceptoremage-

51 923 207 986 veracitate
230 925 297 985 eius
314 924 442 986 dubitari
461 943 520 985 non
540 931 647 1004 potest.
688 930 745 999 ret;
765 940 863 1002 neque
880 920 959 983 enim
974 918 1011 980 de
1031 914 1203 978 ambitionis
1220 923 1284 974 stn-

51 1005 118 1067 llam
137 1007 255 1070 ineius
273 1007 390 1090 scriptis
408 1006 481 1070 nihil
499 1015 555 1080 est,
571 1007 648 1088 quud
682 1006 751 1083 diu,
769 1024 865 1087 neque
883 1005 920 1066 de
936 1002 1117 1076 divitiarum,
1133 1007 1185 1094 aut
1201 999 1285 1059 vuln-

53 1091 162 1152 lraudis
181 1091 383 1172 suspicionem
408 1109 525 1153 movere
545 1091 648 1172 possin
690 1098 802 1170 ptatum
831 1089 992 1170 eupiditate
1016 1102 1149 1147 accusari
1178 1091 1284 1177 potest.

53 1183 185 1236 econtra
196 1175 262 1256 ipsa
276 1175 330 1236 riri
348 1175 474 1251 indoles,
494 1194 527 1236 ac
544 1185 604 1236 tota
618 1195 650 1238 a·
690 1171 805 1254 Ubique
822 1174 921 1253 potius
945 1181 1008 1234 tum
1027 1169 1057 1231 in
1077 1170 1154 1240 rite,
1173 1175 1236 1263 lum
1253 1183 1284 1261 .¹¹¹.

50 1259 145 1335 gordi,
158 1268 190 1322 et
199 1258 350 1320 scribendi
368 1259 442 1321 ratio
462 1268 563 1321 testem
583 1277 651 1338 pro·
688 1275 825 1320 sermone
837 1257 930 1337 ipsius
944 1274 1009 1318 sese
1020 1255 1106 1316 ollert
1120 1260 1223 1331 optrmr
1234 1268 1285 1310 nn

50 1341 97 1404 bat
112 1343 283 1419 sincerum,
304 1352 334 1404 et
356 1343 393 1404 ab
413 1343 494 1404 omni
517 1342 598 1416 dolo,
622 1353 650 1406 et
689 1341 811 1419 effigies,
830 1341 956 1402 eximius
974 1355 1089 1400 murum
1114 1334 1239 1430 candor,
1259 1343 1286 1395 et

49 1427 163 1488 fallacia
173 1425 345 1502 longissimo
362 1435 520 1488 remotum.
541 1423 596 1498 Qut
615 1445 650 1488 e·
687 1426 800 1488 fraudis
829 1444 863 1486 ac
885 1423 1022 1486 salsitatis
1041 1439 1142 1482 nescia
1159 1417 1285 1514 indoles,

50 1509 106 1570 nim
122 1510 199 1572 alios
213 1509 363 1591 decipere,
377 1510 481 1591 eisque
499 1529 551 1591 pru
570 1509 649 1572 reri·
689 1510 808 1588 egregia
825 1509 856 1570 in
881 1508 975 1570 Deum
1005 1506 1115 1588 pietas,
1143 1521 1195 1584 pro
1224 1521 1288 1566 ems

50 1602 104 1655 tate
121 1594 280 1656 mendacia
298 1593 447 1656 venditare
469 1595 586 1672 sategit,
604 1612 651 1655 ca·
687 1594 780 1672 gloria
798 1592 942 1654 maximus
961 1592 1052 1666 zelus,
1070 1588 1202 1650 studium
1227 1588 1288 1648 uir·

49 1677 175 1758 ptnndae
188 1678 289 1758 populi
302 1677 524 1741 benevolentiae
538 1677 648 1754 studet,
690 1679 760 1739 tntis
772 1686 922 1751 constans,
933 1675 964 1736 in
979 1673 1108 1737 terendis
1120 1671 1225 1748 ingrati
1239 1690 1289 1751 po·

49 1762 193 1822 duranon
209 1761 352 1842 loquitur,
367 1780 473 1842 aspera
490 1780 550 1823 non
566 1781 651 1842 prae·
690 1761 751 1842 puli
780 1757 1064 1824 contradictionibus
1091 1774 1208 1819 suroma
1233 1775 1287 1836 pu-

50 1845 130 1925 cipit,
151 1845 202 1906 sed
227 1844 385 1906 blanditias
402 1845 535 1922 adhibet,
551 1855 580 1906 et
590 1864 651 1907 ser·
690 1843 817 1922 tientia,
837 1855 866 1906 et
884 1843 992 1906 caritas
1017 1840 1138 1905 invicta.
1165 1837 1241 1910 Quin
1258 1853 1289 1902 et

48 1946 135 1990 niune
151 1926 292 2004 obscuro,
306 1928 445 2007 ambiguo
461 1939 490 1991 et
505 1930 602 1992 lunato
617 1949 651 1992 u·
687 1930 773 1991 stilus
788 1928 852 2010 ipse
869 1927 1006 2009 simplex,
1025 1934 1158 2006 opertus,
1176 1932 1207 1985 et
1221 1942 1288 1986 mu·

49 2013 137 2088 titur,
158 2031 218 2093 quo
244 2012 361 2074 facilins
388 2013 585 2090 auditoribus,
606 2014 650 2076 rel
689 2013 800 2074 destiae
818 2013 924 2094 plenus
949 2011 1021 2074 satis
1039 2005 1167 2072 ostendit
1184 2016 1288 2070 auoto-

47 2093 213 2158 lcctoribns
234 2095 350 2158 illudat.
369 2097 421 2159 Ast
438 2095 550 2178 Moyses
564 2099 650 2175 longo
689 2097 731 2158 ris
750 2097 909 2159 candorem
933 2104 962 2156 et
985 2094 1200 2166 veracitatem,
1221 2110 1289 2154 om·

49 2178 131 2241 abest
155 2179 195 2240 ab
219 2180 300 2240 omni
321 2181 538 2256 assentatiune3
559 2181 651 2242 multa
690 2175 1286 2261 nemqueoxpellitlraudissuspicionem.

49 2263 124 2324 enim
133 2260 335 2324 Israelitarum
346 2264 582 2344 progenitoribus
592 2265 652 2326 val·
732 2265 761 2326 3.
781 2265 894 2344 Mogses
911 2263 1039 2342 deoperte
1060 2279 1120 2324 non
1134 2262 1287 2340 potuisset,

49 2346 83 2408 de
103 2346 304 2409 inhonorifica
332 2349 439 2426 refert,
465 2358 498 2410 ut
522 2349 648 2410 filiorum
687 2350 804 2412 etiamsi
817 2348 962 2411 eotuimet.
982 2344 1089 2410 Omnia
1104 2347 1185 2408 enim
1200 2345 1287 2422 tacu.

49 2427 134 2492 laceb
155 2430 285 2492 nefanda
299 2441 429 2511 peccata,
447 2440 475 2493 et
489 2433 649 2495 crudelita-
687 2436 792 2494 saltem
812 2432 982 2514 praecipua,
991 2449 1067 2512 quae
1082 2449 1099 2491 a
1112 2428 1207 2510 llopse
1218 2449 1289 2496 oar·

49 2523 105 2574 tem
125 2514 159 2576 in
177 2515 299 2576 fratrem
315 2534 402 2576 sunm
418 2514 588 2596 lusepbnm,
604 2515 666 2578 bi:
691 2526 803 2590 rantur,
821 2516 939 2598 publica
956 2515 1088 2589 luerunt,
1103 2523 1133 2576 et
1150 2515 1181 2578 in
1201 2517 1289 2584 totius

49 2615 103 2660 nae
121 2600 253 2678 lapsum,
268 2595 415 2662 Simeonis
438 2610 468 2662 et
485 2599 555 2662 Levi
573 2610 651 2662 atro·
690 2600 791 2682 populi
815 2607 975 2680 conspectu
998 2599 1196 2676 contigerunt.
1218 2597 1289 2670 Quis

49 2675 332 2768 JcesSiobimitarnm
345 2690 516 2746 beneseto:
536 2685 667 2763 integro¹
690 2695 788 2746 autem
808 2685 951 2764 impostor
962 2702 997 2746 eo
1012 2682 1146 2758 insaniae
1158 2702 1288 2763 unquam

49 2783 168 2847 qnoque
191 2767 301 2846 populo
327 2767 485 2846 exprobrat
506 2769 650 2848 lreqnen-
688 2768 819 2845 derenit,
844 2777 876 2830 ut
899 2766 1025 2829 uoluerit
1051 2767 1213 2828 immensae
1233 2768 1289 2830 hu-

50 2858 93 2910 tos
122 2850 156 2910 in
174 2848 269 2911 Deum
291 2851 484 2930 rebelliones,
505 2852 668 2932 ,duritiem
689 2852 805 2914 minum
834 2851 1016 2914 multitudini
1037 2849 1234 2930 persuadere,
1252 2869 1289 2914 ea

51 2932 649 3018 cordis,blasphemias,murmurationes,
667 2941 668 2948 ’
691 2937 797 3015 egisse,
808 2935 928 3010 vidisse,
939 2945 1027 3014 atque
1037 2932 1199 3006 audivisse,
1213 2953 1289 3014 quae

48 3015 249 3078 idololatriam
268 3027 338 3090 ete.;
352 3020 430 3099 leges
443 3020 571 3101 denique
585 3039 651 3098 gra·
667 3031 668 3038 ’
692 3039 746 3082 nec
763 3019 835 3097 egit,
856 3039 910 3080 nec
923 3018 1007 3090 uidit,
1025 3035 1081 3078 neo
1097 3016 1289 3108 audientem

51 3100 197 3178 rissimas,
225 3109 255 3162 et
272 3103 473 3166 caeremonias
498 3105 604 3165 multus
623 3113 669 3180 et,
692 3123 768 3184 qnae
787 3104 867 3164 natio
882 3103 922 3164 ita
937 3098 1070 3179 desipere
1081 3109 1190 3180 potest,
1211 3110 1244 3164 ut
1258 3104 1289 3166 ti·

48 3185 191 3246 molestas
207 3187 361 3267 praecipit,
380 3205 413 3247 ao
433 3189 651 3265 transgressuri—
692 3189 758 3261 dem
779 3186 887 3248 talibus
913 3184 1040 3246 habeat?
1055 3182 1186 3246 -Circa
1214 3186 1289 3250 lactc

48 3266 106 3328 bus
131 3268 297 3330 dirissimas
321 3271 452 3331 minatur
470 3289 590 3351 poenas.
610 3307 661 3338 -,.
686 3281 825 3345 secreta,
846 3271 890 3331 rel
912 3287 1011 3330 coram
1036 3267 1138 3348 paucis
1164 3271 1289 3334 testibus

44 3349 161 3414 Eodem
177 3353 266 3414 modo
278 3351 389 3432 ldopses
406 3354 444 3416 ab
462 3354 543 3416 omni
558 3355 653 3418 ambi·
691 3353 893 3431 contingentia
911 3352 992 3414 lraus
1003 3361 1034 3412 et
1045 3352 1179 3432 deceptio
1192 3355 1289 3418 locum

48 3435 144 3506 tione,
164 3445 196 3497 et
211 3437 326 3516 proprii
341 3439 489 3500 commodi
504 3439 602 3500 studio
616 3459 665 3508 a·,
694 3429 802 3500 ha'b'ere
819 3446 924 3517 potest:
936 3434 1287 3518 ideoNumaPompilins,

49 3516 162 3580 lienum
187 3538 222 3582 se
244 3521 598 3604 ostendit;,qunocnnque
617 3542 651 3586 c·
690 3521 870 3584 hlalrometcs
895 3529 926 3583 et
949 3519 1001 3582 alii
1023 3520 1067 3582 rel
1088 3521 1289 3598 legislatores,

50 3603 108 3664 niun
130 3623 151 3664 a
167 3602 331 3666 Pharaonis
349 3605 408 3667 tilia
426 3624 546 3687 sperare
566 3616 651 3688 pote·
693 3607 735 3668 uel
748 3606 919 3686 deceptores
930 3603 966 3665 ad
977 3614 1089 3667 secreta
1101 3605 1200 3667 divina
1212 3625 1291 3668 com·

49 3696 104 3762 rut,
124 3687 244 3748 fortiter
260 3700 446 3768 aspernatum
466 3683 576 3770 regium
596 3709 652 3770 pu·
694 3689 803 3752 mercia
821 3689 1022 3770 appellabunt,
1045 3697 1076 3750 et
1094 3691 1202 3770 populo
1221 3691 1290 3750 illn-

50 3775 187 3832 testatem
206 3789 265 3832 nou
282 3791 354 3834 suae
372 3762 547 3850 tribniss'sed
562 3773 651 3836 tribui
693 3774 811 3835 debant.
828 3771 984 3844 Qnurnudu
1002 3782 1100 3834 antem
1119 3771 1229 3852 Mogses
1242 3791 1291 3851 po·

31 3849 318 3936 -ludaepollicetun
334 3857 461 3938 propriis
471 3851 547 3920 'ttttts
558 3855 653 3920 inLe·
695 3858 798 3918 luisset
816 3856 955 3918 lsradlitis
968 3857 1156 3937 persuadere,
1169 3872 1288 3932 regnunt

51 3936 177 4000 vitarum
188 3937 274 4018 plebe
285 3941 408 4018 relictis,
420 3941 654 4002 Aaronemsntn·
690 3939 812 4021 Aegypti
834 3941 933 4002 multis
944 3949 973 4001 et
984 3940 1140 4002 horrendis
1159 3935 1250 4017 plagis
1261 3938 1289 3998 in

52 4037 132 4082 nrum
152 4022 349 4100 sacerdotem,
370 4034 400 4085 et
418 4023 503 4086 lusue
522 4043 555 4086 ex
575 4023 651 4085 tribu
692 4043 795 4086 earum
814 4032 973 4105 conspectu
993 4024 1084 4166 tuipse
1100 4037 1288 4102 «percussum,

52 4101 197 4184 Ephraim
224 4105 328 4167 docem
355 4109 455 4188 populi
476 4108 650 4188 coorstitnit;
693 4109 774 4170 side
796 4107 845 4169 bis
864 4108 955 4188 plagis
980 4108 1040 4170 niln
1074 4103 1292 4178 cognovissent?

51 4189 176 4250 candide
191 4207 277 4269 porro
294 4203 405 4266 narrat,
420 4211 453 4253 se
464 4201 588 4274 propter
600 4207 652 4251 oe·
692 4191 906 4272 primogenitos
918 4188 1037 4267 Aegypti
1051 4203 1154 4244 omues
1169 4203 1227 4244 unu
1238 4206 1292 4248 no-

51 4269 146 4334 cisum
157 4274 332 4354 Aegyptium
345 4275 444 4356 lugam
456 4273 652 4358 arriperetle-
693 4285 739 4340 cte
757 4275 849 4337 luisse
863 4272 988 4346 occisos,
1003 4271 1029 4330 si
1042 4267 1127 4327 istius
1139 4267 1232 4330 cludis
1246 4279 1294 4331 to·
