2918 4734
155 191 158 210 ·
197 168 262 234 too
612 187 799 238 memoras
818 187 982 238 mnasonis

156 267 231 332 ioris
246 267 454 350 explicationis
471 268 578 350 gratia,
591 288 630 333 ne
643 268 759 332 scilicet
774 325 775 328 ,
796 285 858 350 quo
868 267 994 332 Hebraei
1005 284 1091 350 reges
1102 287 1162 332 non
1174 271 1398 354 habebant‚sed

156 350 758 435 nominibusignotisaliquaetcnelrrae
797 353 1396 440 abhorrebant.llecesseestengodicere,

156 456 243 501 sacam
262 437 354 498 textad
377 437 614 501 effunderentur.
633 438 670 500 Et
693 437 757 498 for·
797 445 951 499 auctorem
976 436 1170 500 Pentateuchi
1198 440 1279 507 Sauli
1306 462 1398 508 oeae·

155 531 237 585 tasse
259 520 351 583 ctiam
376 523 458 602 prius
480 523 555 585 llaec
573 523 605 584 in
624 521 757 598 margine
796 539 865 582 uum
884 529 937 582 aut
953 521 1146 602 posteriorem
1164 523 1269 591 luisse.

136 613 260 674 insuta
279 605 412 680 luerunt,
430 616 499 687 post
516 614 615 669 autem
628 623 662 666 ea
675 621 756 666 mar·
836 606 924 686 Reop.
947 605 992 666 lid
1010 605 1098 667 istam
1118 605 1320 674 difficultatem
1336 609 1398 673 tol-

154 691 226 769 giae
241 689 274 750 in
294 697 405 751 textum
428 690 537 752 sensim
561 688 754 752 transierunt.
794 688 928 766 leudam,
941 689 1338 770 nonnullicensent,seriem
1351 713 1399 757 re·

156 774 293 838 Ceterum
313 773 385 835 haec
403 775 479 835 levia
494 782 583 849 sunt,
603 782 633 835 et
651 772 756 834 aduer—
795 773 969 850 gumEdom
985 773 1134 853 abaliquo
1150 779 1309 856 posteriori
1322 778 1398 842 scri-

156 859 251 922 serios
274 857 454 939 prouocabat
475 858 613 919 laudatus
629 859 756 920 Boaaue·
795 865 880 938 ptore
895 875 984 919 sacro·
997 857 1142 919 adiectam
1161 877 1237 939 asse,
1252 864 1396 945 quianon

155 953 222 1018 tau,
246 952 279 1005 ut
300 941 430 1021 aliquam
450 942 632 1003 additionem
653 950 755 1002 oden·
796 941 827 1001 iu
845 941 984 1002 omnibus
1002 941 1155 1003 codicibus
1167 944 1328 1024 inuenitur3
1342 965 1396 1009 ea-

154 1030 229 1090 daut
250 1027 282 1087 in
300 1025 426 1103 legibus,
446 1025 478 1086 in
495 1025 704 1099 caeremoniis,
724 1025 755 1086 in
795 1025 864 1086 dem
882 1035 982 1087 autem
1002 1023 1159 1107 {Paralip
1177 1027 1201 1106 Ι,
1218 1032 1259 1094 43
1277 1041 1335 1094 etc.
1350 1049 1399 1092 oc·

153 1110 362 1192 dogmatibus,
383 1110 414 1170 in
434 1109 602 1184 miraculis,
626 1109 656 1169 in
682 1127 755 1188 pro—
795 1111 898 1172 currit.
918 1109 977 1171 Alii
995 1127 1062 1171 cum
1080 1109 1188 1174 Horatio
1205 1115 1243 1176 ad
1256 1115 1396 1197 spiritum

137 1196 278 1343 ‘gipedis
297 1195 344 1256 rel
366 1194 432 1254 aliis
450 1194 540 1256 rebus
558 1193 753 1270 gravioribus.
795 1192 900 1274 ldopsis
913 1193 1119 1274 propheticum
1131 1207 1297 1261 recurrunt.
1306 1199 1343 1260 tt
1354 1206 1398 1261 et·

131 1333 137 1360 ,
202 1280 291 1361 cique
306 1281 431 1341 tortasse
449 1278 550 1339 omnia
567 1278 618 1338 illa
633 1277 756 1338 nomino
795 1278 853 1340 iam
873 1277 1097 1340 adhibitarecta
1109 1281 1224 1357 exegesi
1236 1283 1397 1346 difficultas

127 1359 139 1378 ’“
155 1367 245 1428 etiam
257 1371 354 1426 aetate
366 1361 470 1442 Moysis
484 1363 584 1422 inusu
603 1361 693 1422 luisse
705 1361 756 1422 de·
795 1363 859 1426 tolli
878 1371 986 1444 potest.
1005 1360 1174 1424 Notandum
1192 1377 1301 1447 nempe
1326 1375 1395 1444 est,

154 1445 754 1523 nonstrantrtotmtenoooer,Daunius,
794 1463 830 1508 ea
846 1447 947 1508 rerba:
959 1446 1128 1524 Antequam
1141 1447 1279 1513 totamm
1297 1465 1399 1533 regem

155 1536 195 1600 D.
217 1532 343 1596 Hostias
359 1538 390 1591 ct
407 1530 469 1592 alii.
619 1553 624 1570 ·
794 1533 852 1612 filii
869 1531 984 1607 Israel,
1001 1547 1062 1591 non
1082 1549 1147 1593 esse
1176 1535 1334 1596 referenda
1359 1535 1398 1597 ad

200 1617 263 1681 Oli.
283 1616 315 1677 5.
340 1611 440 1676 Solida
457 1621 633 1693 argumenta
652 1622 755 1676 osten·
793 1613 926 1690 Saulem,
945 1613 996 1676 scd
1012 1615 1048 1676 ad
1067 1613 1207 1695 Roysem,
1223 1619 1277 1700 qui
1295 1618 1397 1680 latiori

156 1703 243 1778 dunt,
259 1699 492 1761 Pentateuchum
505 1699 754 1761 saltemddtlan-
794 1719 883 1762 sensu
904 1698 961 1760 luit
985 1699 1150 1780 appellatos
1170 1699 1232 1763 Rex
1254 1703 1399 1766 artitu-

156 1786 205 1848 nis
215 1783 390 1866 postilloysis
400 1781 670 1844 obitumexaratum
683 1783 756 1844 iuis·
793 1785 899 1866 rte(i),
910 1792 951 1859 et,
963 1792 1000 1844 ut
1011 1783 1113 1844 volunt
1128 1784 1230 1864 plures
1243 1785 1399 1868 interpre-

155 1887 200 1932 se.
219 1868 292 1931 Nam
309 1867 384 1931 Gen.
400 1865 526 1942 xxxvl,
543 1867 579 1928 31
599 1875 659 1929 etc.
678 1866 754 1946 legi·
794 1877 851 1940 tes,
871 1867 960 1931 etiam
981 1887 998 1928 a
1016 1867 1114 1948 seipso
1132 1868 1191 1948 (i).
1217 1869 1254 1931 Et
1272 1870 1399 1952 quidem

155 1963 216 2016 turs
235 1955 338 2034 Reges,
357 1953 410 2028 pai
427 1958 628 2031 regaooeruat
646 1952 681 2012 ia
692 1960 754 2014 ter·
793 1951 1010 2034 Moysespotuit
1025 1951 1084 2012 dici
1094 1953 1277 2030 primasrcc
1293 1955 1401 2018 larci·

154 2039 483 2114 rememoraturum
497 2035 635 2098 dolerem
648 2037 754 2116 Regem
793 2037 842 2111 lis,
856 2035 927 2118 quia
945 2045 1013 2096 ante
1027 2051 1094 2096 eum
1111 2037 1211 2098 nullos
1222 2046 1287 2099 erat
1302 2039 1400 2102 totius

154 2122 213 2204 pilii
230 2121 335 2195 dauid,
354 2123 479 2201 suerum
496 2120 540 2194 let,
559 2129 616 2181 etc.
636 2121 754 2181 statim·
793 2119 1135 2200 nationisprinceps‚vel
1148 2120 1401 2203 duxsadquam·

156 2225 215 2286 que
230 2212 423 2267 recensentur
442 2205 460 2265 8
479 2221 563 2280 reges
583 2213 617 2265 et
639 2205 674 2264 ll
696 2205 753 2264 du·
793 2204 867 2266 libet
885 2203 1029 2266 familiam
1056 2203 1137 2281 prior
1154 2212 1226 2267 natu
1252 2207 1397 2284 regebat3

155 2307 219 2364 ces,
235 2289 287 2370 qui
304 2287 425 2350 nonnisi
441 2297 507 2368 post
523 2305 607 2366 reges
621 2287 753 2369 impera·
794 2289 907 2368 primus
925 2296 1022 2348 autem
1043 2285 1154 2366 Moyses
1168 2289 1399 2353 uronarclticum

154 2382 246 2448 runt,
266 2381 299 2434 ut
320 2373 447 2434 hahetur
463 2371 477 2433 1
493 2371 621 2454 Paralip.
649 2371 675 2447 1,
700 2373 751 2434 51.
793 2372 950 2452 imperium
963 2371 992 2431 in
1008 2378 1069 2432 tcto
1081 2372 1131 2432 illa
1145 2379 1232 2449 gente
1246 2377 1402 2438 exercuit·

155 2457 189 2519 lu
205 2457 297 2518 citato
310 2475 381 2534 ergo
400 2455 523 2518 Genesis
541 2457 605 2518 loco
621 2457 653 2516 stt
671 2475 755 2518 meu·
793 2455 1211 2533 Veletiameauerbaintelligi
1223 2460 1399 2537 possuntde

150 2543 199 2612 {tio
223 2539 349 2618 insignis
374 2540 455 2602 illius
473 2541 658 2617 oscitationis,
677 2559 753 2620 quae
793 2540 1401 2618 inittotteocrotloc,quaeatoedorointer

149 2625 188 2706 gin
205 2625 357 2705 republica
372 2623 488 2686 isratilis
500 2625 576 2686 iacta
589 2633 645 2699 est,
661 2644 755 2704 quan·
793 2623 885 2686 [lcum
899 2633 929 2685 at
941 2623 1017 2684 salios
1025 2622 1114 2684 lsrael
1128 2622 1201 2686 inito
1209 2625 1256 2704 (3)
1269 2624 1399 2688 inchoa·

150 2709 193 2804 {do
211 2708 501 2785 lodicibusreiectis'‚
518 2707 588 2770 Saul
600 2709 629 2768 in
642 2707 752 2786 Regem
791 2719 852 2784 tur,
872 2717 902 2770 et
913 2725 974 2788 ¹quo
987 2714 1121 2788 tempore
1132 2706 1282 2770 israelitae
1296 2707 1400 2772 Deum

150 2791 754 2894 ⁸inartguratuslaitlougepustlllopsisolt·
791 2793 888 2874 ipsum
906 2800 941 2853 ut
965 2790 1073 2869 Regem
1098 2809 1185 2852 soum
1204 2793 1401 2856 veneraban-

150 2879 243 2939 itum.
262 2877 376 2939 Deinde
389 2885 454 2938 octo
471 2876 514 2937 illi
528 2895 611 2954 reges
626 2877 663 2938 alt
677 2876 752 2938 Esau
792 2886 852 2938 tur:
864 2875 933 2938 hinc
942 2875 1064 2955 quando
1072 2873 1199 2936 Hebraei
1207 2875 1403 2953 regemaSa-

150 2961 299 3054 priginem
316 2960 484 3039 trahebant3
499 2967 528 3021 at
543 2979 611 3022 vero
624 2959 752 3037 alacob,
793 2961 890 3022 muele
905 2961 1053 3041 petierant
1063 2958 1324 3021 dixitlleuseidem
1339 2959 1403 3024 Sa·

127 3084 130 3116 ,
155 3047 247 3108 fratre
268 3045 347 3107 Esau
363 3061 458 3124 usque
477 3044 512 3105 ad
530 3043 656 3123 ilopsem
675 3063 753 3106 non-
792 3046 884 3106 mueli
904 3043 975 3124 (liz
995 3043 1064 3107 Nota
1085 3052 1111 3104 te
1128 3045 1318 3118 adiecerunt,
1343 3049 1403 3110 secl

127 3117 129 3190 ἕ
151 3127 751 3210 'nisiquatuorgeuerationeseiliexerunt:
792 3142 1190 3208 memcreprtemsuperroa.
1203 3127 1331 3208 Exponit
1347 3149 1404 3192 er-

127 3193 129 3238 !
155 3231 215 3274 nou
231 3221 521 3292 poterantergctam
542 3212 752 3292 breuitempo·
791 3229 828 3290 go
846 3211 969 3292 Moyses,
989 3219 1144 3291 qualemn,
1164 3219 1193 3272 et
1209 3212 1259 3291 qui
1274 3209 1403 3276 inldu·

126 3281 130 3370 l
155 3315 189 3358 re
203 3296 233 3356 in
252 3295 365 3357 familia
378 3297 455 3358 Esau
475 3305 540 3358 auto
556 3305 685 3374 regeset
699 3315 754 3357 un-
793 3313 877 3357 maen
897 3295 1104 3374 regnaverint,
1123 3303 1283 3375 antequem
1311 3295 1403 3360 lieus

154 3380 251 3440 decim
269 3380 359 3441 duces
375 3380 433 3441 silai
456 3380 626 3442 succedere.
639 3378 769 3456 Quam·x
792 3379 896 3442 laedas
914 3397 981 3440 oum
1000 3378 1068 3440 liliis
1096 3377 1185 3441 lsra'e'l
1206 3387 1399 3460 percuteret.

128 3541 130 3548 Ι
155 3463 259 3524 obrem
278 3463 434 3525 dicendum
454 3473 513 3539 est,
532 3463 769 3526 successionem
790 3461 862 3526 Octo
877 3471 979 3526 autem
999 3479 1083 3541 reges
1098 3461 1130 3524 in
1149 3471 1226 3524 terra
1241 3462 1335 3524 Edam
1351 3463 1404 3529 ita

155 3565 258 3623 regum
278 3555 308 3607 et
324 3547 432 3608 toturn
451 3547 482 3607 in
500 3547 683 3609 terraRdom
697 3565 769 3620 usp
790 3547 915 3629 Moysem
925 3554 1157 3629 praecesserant,
1167 3555 1199 3608 ut
1210 3555 1401 3628 postremus,

58 3633 64 3644 ‘
154 3649 215 3710 qtae
232 3629 267 3691 ad
293 3639 426 3711 tempora
439 3627 541 3691 *Samis
561 3631 769 3708 anunterari„
791 3650 898 3713 ncnnpe
920 3632 1013 3704 dotat,
1033 3630 1122 3692 luerit
1136 3629 1224 3712 Moysi
1247 3643 1400 3714 coaevus3

155 3714 237 3793 quod
251 3733 269 3775 a
282 3713 379 3794 Rapsa
394 3714 535 3794 praestari
550 3724 750 3794 conpeteret.
766 3749 768 3800 2
791 3718 871 3780 uude
888 3716 1005 3778 videtur
1019 3715 1107 3776 etiam
1123 3713 1234 3795 Moyses
1246 3713 1402 3780 maiorem

155 3796 238 3858 idem
256 3801 491 3858 coalirrnaturex
506 3817 553 3870 eo,
566 3798 636 3878 quia
650 3809 767 3870 auctor
790 3801 871 3862 illius
887 3800 1022 3861 notitiam
1045 3797 1194 3873 habuisse,
1213 3817 1280 3860 cum
1303 3808 1333 3859 et
1353 3819 1403 3862 u-

156 3881 349 3943 Pentateaclri
366 3880 454 3942 'licut
468 3879 556 3956 tlttt,
576 3882 615 3942 tt
627 3890 688 3945 etc.
708 3877 767 3946 le-3
790 3903 890 3946 xorem
907 3884 987 3944 illius
1004 3881 1150 3958 nominet,
1167 3883 1334 3962 atinsuper
1357 3903 1403 3946 u·

154 3983 210 4042 ges
225 3961 431 4046 praescribite
450 3963 578 4043 Regillus
600 3965 753 4030 Hebraeo·
792 3969 870 4030 xoris
889 3975 1011 4028 inatrcm
1028 3967 1190 4044 staulam,
1206 3965 1284 4047 quood
1303 3965 1333 4026 in
1357 3986 1404 4028 a·

155 4065 224 4108 rum
246 4048 458 4110 observandas.
478 4049 628 4111 Absonutu
654 4062 752 4113 nutem
791 4053 840 4113 liis
856 4071 918 4113 non
945 4051 1065 4114 iecerat.
1090 4047 1147 4112 Nea
1162 4057 1329 4131 repugnat,
1353 4052 1403 4114 ab

155 4131 326 4207 estdicerc,
338 4133 420 4213 guod
438 4131 550 4213 Moyses
569 4135 650 4212 leges
662 4143 752 4215 prae·
790 4137 872 4198 lisaa
888 4153 984 4214 usque
1004 4133 1042 4195 ad
1060 4132 1193 4215 diapson,
1211 4133 1310 4207 idest,
1336 4151 1405 4212 per

157 4214 311 4294 scripserit
325 4235 383 4298 pro
400 4217 519 4296 regibus
536 4237 571 4279 eo
591 4228 728 4298 tempora
743 4264 769 4296 ,,
789 4219 920 4300 spatium
939 4218 1001 4280 altit
1018 4237 1162 4280 antrorum
1176 4227 1242 4279 octo
1252 4233 1338 4294 reges
1352 4219 1407 4281 si-

186 4317 222 4377 ti)
237 4320 263 4366 lu
275 4324 328 4372 citis
343 4325 399 4371 rita.
453 4323 488 4386 iit
504 4325 597 4372 iteum.
607 4323 647 4384 53,
659 4325 682 4371 i.
820 4325 855 4376 mr
870 4326 963 4373 neuter.
976 4325 1000 4386 ῖ,
1011 4326 1034 4372 et
1046 4322 1083 4371 ts
1130 4323 1191 4383 titt.
1208 4323 1260 4381 lleg.
1270 4324 1292 4378 8.
1302 4320 1333 4373 'io
