2934 4736
134 185 136 190 ’
191 239 193 249 ,
221 177 284 242 29⁴
642 197 826 246 snuouoams
847 193 1009 240 erasurus

177 291 255 352 esse,
272 281 305 338 ut
320 273 429 356 ceteris
445 273 481 338 l'.
501 275 536 340 T.
552 275 719 340 illustribus
733 277 778 340 ri·
822 273 859 336 de
877 272 1049 336 sinceritate
1063 270 1318 350 Euangelistarum
1335 273 1426 338 dubi-

175 357 218 421 ris
236 359 418 422 eminentior
439 360 535 438 deret,
556 359 674 426 Stranss
688 359 778 427 dioti-
822 366 884 420 aare
900 375 958 420 non
972 357 1099 430 videtur.
1113 375 1179 418 eun
1193 357 1276 432 dicit,
1294 357 1350 420 hos
1371 361 1424 422 bo-

175 450 229 518 tat,
249 443 301 504 sed
319 445 401 506 rrullo
425 445 514 507 modo
533 446 651 527 probat.
821 461 860 504 na
880 442 949 518 lide,
963 459 1016 503 seu
1031 439 1142 503 inscios
1160 440 1424 505 hominumdicte-

215 525 260 588 hd
279 527 310 589 5.
331 525 508 606 Straussius‚
525 538 558 592 ut
583 530 702 611 probet,
724 545 777 598 ex,-
820 525 864 587 ria
874 545 928 608 pro
938 526 1062 588 veritate
1075 523 1254 586 venditasse.
1273 524 1356 588 Talis
1368 546 1423 588 au-

172 609 351 690 positionem
371 612 548 693 mythicam,
570 614 666 676 lucem
687 631 777 694 prae·
821 619 880 672 tem
893 609 1018 672 assertio
1028 607 1331 674 omninoabsonaest.
1343 609 1424 672 Chri·

173 692 288 756 terente
306 696 508 776 philosophia,
521 715 578 777 per
598 699 693 764 mollo
708 713 776 760 aoe—
819 695 857 756 sti
875 694 957 756 enim
974 692 1129 773 discipulis
1151 692 1270 753 maximi
1291 692 1422 756 interes-

172 779 240 840 rato
258 781 351 858 magis
368 781 520 862 tnagisque
535 782 681 844 evolutam
697 799 773 858 esse,
818 795 851 840 se
863 777 979 856 debuit,
1000 796 1037 838 an
1054 777 1132 839 iacto
1147 775 1232 853 mira,
1249 795 1329 857 quae
1345 779 1381 840 de
1393 779 1419 838 i-

172 871 314 942 provocat
326 864 503 944 praeprimis
514 865 551 926 ad
564 864 774 946 mythologiam
817 880 938 942 psorum
959 861 1101 939 magistro
1120 860 1331 937 narrabantur,
1353 881 1421 924 rere

172 943 365 1025 Graecorum,
384 947 452 1010 dein
465 949 553 1010 saltat
568 949 605 1010 od
619 949 775 1014 Philonem
816 946 889 1024 aiut,
901 965 956 1009 nec
971 963 1021 1021 ne;
1038 943 1167 1010 dubitari
1184 963 1252 1022 ergo
1271 963 1333 1006 non
1352 957 1421 1026 pot-

170 1026 328 1108 ludaeum,
344 1051 379 1094 ac
394 1031 514 1094 demum
533 1033 654 1096 adducit
671 1033 775 1115 Origo·
816 1039 873 1108 est,
893 1031 974 1112 ipsos
989 1027 1063 1090 tanti
1077 1029 1219 1090 metuenti
1234 1047 1296 1090 rem
1316 1031 1420 1092 sedulo

170 1129 251 1190 nrm,
277 1123 450 1196 postquem
476 1119 626 1196 usquead
646 1119 774 1196 lugenda
816 1113 989 1194 indagasse3
1011 1131 1108 1193 neque
1133 1113 1170 1174 ad
1190 1113 1246 1174 tale
1265 1113 1418 1191 negotium

170 1203 305 1278 tempora
323 1198 543 1262 reformationis
561 1203 674 1264 nullum
695 1202 772 1265 cita·
816 1198 952 1260 criticum
963 1197 1112 1280 capacitas
1124 1195 1183 1258 illis
1194 1195 1338 1275 abnegari
1350 1211 1419 1279 pot·

169 1298 203 1342 re
221 1290 318 1364 potest
331 1301 412 1344 mere
423 1284 580 1364 mythicae,
596 1305 648 1348 seu
665 1287 774 1365 allego·
814 1293 877 1358 est,
894 1283 944 1364 qui
955 1329 964 1360 ,
977 1283 1086 1344 latente
1101 1281 1166 1360 ipsu
1184 1277 1344 1356 Straussio,
1362 1283 1419 1344 do-

169 1364 250 1427 ricae
272 1366 466 1447 expositionis
494 1377 665 1449 patronum.
700 1369 772 1442 Quis
813 1365 939 1430 utrinam
957 1365 1089 1444 magistri
1101 1365 1147 1425 sui
1166 1365 1242 1426 bene
1254 1383 1419 1446 proposue-

170 1457 268 1510 autem
285 1469 345 1511 non
357 1451 448 1525 videt,
463 1455 549 1514 talem
563 1455 770 1535 probationem
813 1459 893 1512 runt.
911 1451 996 1512 Anne
1015 1449 1143 1530 scriptur
1164 1449 1275 1510 saeculi
1293 1449 1418 1512 decimi-

168 1532 337 1596 irrisionem
354 1535 452 1614 potius
464 1537 682 1618 mereri‚quam
696 1557 770 1601 con·
814 1535 884 1596 noni
900 1534 1017 1596 facilius
1028 1533 1151 1594 dicteria
1164 1532 1318 1593 hominum
1334 1551 1417 1596 ave·

169 1615 372 1680 solationem?
388 1653 429 1664 -·
441 1619 506 1700 lpse
521 1623 607 1685 Philo
620 1620 770 1686 Straussio
814 1618 855 1679 ris
874 1619 960 1680 laetis
973 1618 1143 1679 discernere
1155 1618 1232 1678 valet
1242 1636 1330 1697 quam
1345 1619 1417 1678 scri-

168 1717 228 1760 nou
248 1703 464 1781 patrocinatur:
484 1705 553 1767 licet
573 1707 653 1768 enim
674 1707 770 1768 histo·
813 1710 912 1782 ptores
930 1701 1031 1764 coaevi
1052 1709 1080 1764 et
1103 1698 1284 1764 oculatii-
1300 1735 1344 1746 -—

167 1783 243 1845 riam
272 1786 433 1849 creationis
451 1789 609 1866 allegorice
628 1800 768 1872 exponat,
854 1785 1255 1866 attyttaeauvanqettornm
1268 1785 1414 1866 expositio

167 1869 279 1930 nunsic
292 1877 392 1932 tamon
409 1873 634 1952 procedit,cum
648 1875 683 1936 de
696 1875 769 1937 sub·
812 1871 903 1932 totins
928 1869 1114 1952 antiquitatis
1138 1869 1297 1931 consensui
1321 1889 1414 1949 repu-

168 1953 364 2033 sequentibus
381 1957 564 2035 temporibus
584 1959 696 2036 agitur,
716 1959 767 2021 sed
810 1964 891 2032 gnat.
913 1955 1063 2017 Ecclesiae
1082 1954 1160 2014 enim
1176 1953 1291 2029 Patres,
1305 1953 1416 2015 doctri-

168 2054 237 2096 cum
249 2035 418 2100 Abrahamu
437 2059 535 2102 veram
550 2041 703 2103 historiam
717 2044 768 2105 iu·
811 2057 849 2099 na
868 2048 897 2100 et
915 2039 1071 2100 sanctitate
1088 2036 1254 2117 conspicui,
1268 2038 1415 2099 miracula

168 2119 252 2199 cipit,
264 2139 299 2181 ac
316 2141 363 2196 ea,
380 2142 457 2203 quae
469 2125 505 2185 de
523 2123 713 2202 Patriarchis,
730 2127 767 2188 de
809 2121 918 2184 Christi
937 2123 1103 2184 litteraliter
1119 2130 1298 2202 acceperunt
1315 2121 1414 2202 iisque

166 2201 263 2284 Moyse
274 2214 332 2266 etc.
353 2207 503 2284 leguntur,
520 2227 578 2269 nou
590 2219 623 2271 ut
637 2210 765 2292 ntythoS,
809 2207 845 2268 ad
861 2205 1218 2268 contundendostuuaeos
1232 2214 1323 2286 atque
1339 2204 1415 2268 Gen·

167 2287 218 2347 sed
241 2296 274 2348 ut
290 2308 359 2351 uera
378 2291 455 2352 sacta
472 2294 608 2354 assumit.
632 2329 674 2340 -
694 2294 765 2365 Ori·
808 2291 874 2352 tiles
888 2291 991 2372 quovis
1004 2308 1075 2351 aevo
1087 2290 1131 2350 usi
1146 2297 1226 2365 sunt,
1239 2308 1310 2350 cum
1324 2309 1414 2368 prae-

165 2387 254 2451 gencs
272 2389 395 2450 magnus
406 2375 543 2455 equidem
557 2377 764 2455 allegoriarum
808 2376 895 2456 cipue
911 2395 946 2436 ex
958 2375 1091 2438 realitate
1104 2371 1315 2434 miraculorum
1330 2372 1414 2435 Chri:

167 2464 282 2516 amator
299 2457 366 2534 suit,
391 2461 441 2520 sed
464 2478 584 2521 sensum
607 2462 764 2523 litteralem
808 2461 846 2522 sti
864 2459 1044 2520 christianae
1060 2457 1212 2535 religionis
1225 2457 1410 2518 divinitatem

165 2540 336 2602 nullatenus
349 2552 381 2607 ut
392 2540 559 2604 Straussius
575 2545 701 2623 negarit,
714 2547 765 2608 sed
808 2544 981 2624 probarent.
993 2541 1096 2624 Neque
1108 2542 1193 2602 aliter
1205 2541 1317 2620 primos
1329 2541 1412 2602 chri-

164 2621 196 2683 in
217 2625 318 2686 multis
333 2626 420 2686 etiam
437 2626 520 2688 miris
535 2629 619 2690 iactis
632 2630 763 2692 admisit.
807 2628 931 2702 stianos‚
951 2627 1093 2707 apostolis
1111 2643 1235 2686 coaevos
1246 2671 1254 2700 ,
1267 2625 1410 2701 sensisse,

164 2703 213 2767 Sic
231 2708 384 2769 historiam
404 2709 513 2772 Noachi
530 2713 587 2791 (l),
611 2713 764 2776 historiam
807 2721 852 2773 sat
871 2711 1060 2774 manifestum
1073 2717 1128 2772 est.
1146 2706 1301 2780 Quomodo
1315 2709 1410 2784 enirn,

162 2789 250 2852 Lothi
263 2791 323 2872 (R),
337 2792 439 2854 decem
453 2795 554 2874 plagas
567 2795 690 2878 Aegypti
704 2797 763 2878 (3),
807 2815 867 2857 nun
896 2795 1083 2872 obstantibus
1101 2793 1173 2854 diris
1191 2793 1409 2873 persecutioni·

163 2876 321 2936 transitum
354 2878 443 2938 maris
468 2879 549 2940 rubri
571 2881 617 2960 (l)
643 2882 765 2943 omnino
807 2879 875 2955 ltus,
893 2890 935 2940 tot
949 2899 984 2940 ex
1006 2878 1123 2940 ludaeis
1142 2884 1171 2938 et
1191 2895 1226 2937 ex
1241 2874 1411 2938 Gentilibus

162 2959 332 3022 litteraliter
355 2963 502 3042 exposuit.
533 2962 636 3044 ltaque
662 2985 766 3027 omnes
807 2963 992 3044 Religionem
1022 2962 1215 3024 christianam
1248 2960 1411 3021 assumsis-

161 3043 306 3119 rationes,
329 3047 764 3128 promythicaEvaugeliorum
807 3057 885 3124 sent,
906 3048 931 3108 si
949 3049 1026 3110 lacta
1049 3047 1125 3107 mira
1148 3043 1261 3107 Christi
1290 3044 1410 3105 nonnisi

163 3128 349 3206 expositione
366 3130 494 3208 allatae,
518 3131 619 3192 sutiles
649 3142 718 3195 sunt
736 3141 766 3196 et
807 3132 962 3207 ementita,
982 3139 1012 3192 et
1031 3149 1066 3192 ex
1081 3129 1164 3190 vanis
1180 3127 1337 3189 hominum
1362 3128 1410 3190 di-

160 3210 278 3272 inanes.
807 3216 907 3277 cteriis
926 3223 990 3277 urta
1002 3214 1141 3288 luissent,
1155 3220 1211 3274 eta
1225 3211 1336 3273 sabulis
1350 3231 1409 3272 non

200 3291 239 3355 b.
252 3293 405 3372 Rationes,
420 3316 497 3376 quae
512 3298 660 3378 mythicae
676 3320 766 3382 expo·
806 3297 1051 3379 discrepassent?
1063 3331 1105 3342 --
1116 3294 1276 3360 Celerrime
1298 3312 1410 3376 propa-

160 3374 263 3437 sitioni
282 3387 486 3458 opponuntur,
507 3401 633 3463 eamque
646 3403 705 3446 non
718 3405 766 3446 so·
805 3383 884 3460 gatio
899 3381 1062 3460 Religionis
1073 3380 1265 3456 christianae,
1277 3397 1354 3458 quae
1367 3388 1412 3440 to-

159 3460 221 3521 lum
241 3463 421 3524 orthodoxae
441 3465 521 3540 fidei,
542 3467 594 3531 sed
612 3469 701 3530 etiarn
715 3488 765 3531 re·
807 3465 1184 3548 tiusquasimundiiaeiem
1194 3463 1410 3538 mutavit,tunc

160 3551 226 3604 ctae
239 3545 445 3628 philosophiae
456 3555 765 3629 prorsuscontrariam
806 3560 884 3614 esset
905 3552 1033 3626 lactum,
1053 3549 1139 3610 cuius
1158 3548 1302 3608 rationem
1323 3548 1410 3608 sulit-

160 3629 334 3706 ostendunt,
350 3639 420 3692 sunt
437 3634 646 3696 solidissimae.
697 3658 699 3663 ’
806 3636 932 3699 cientem
952 3637 1034 3696 nulla
1052 3631 1246 3712 Philosophia
1260 3631 1410 3710 explicare

206 3714 235 3775 l.
253 3712 344 3776 Recta
363 3716 443 3778 enim
464 3717 654 3800 philosophia
666 3720 764 3798 docet,
807 3721 928 3796 valeret,
941 3727 971 3780 et
983 3717 1060 3799 quod
1080 3718 1147 3778 ideo
1162 3712 1341 3777 miraculum
1355 3713 1411 3775 mi·

160 3797 239 3859 iacta
251 3798 372 3860 nonnisi
385 3819 419 3862 ea
431 3804 768 3866 monumentisauthen-
806 3805 975 3866 seculorum
994 3801 1152 3866 dicendum
1173 3807 1251 3860 esset
1262 3799 1323 3878 (5).

158 3879 226 3943 ticis
251 3891 280 3942 et
307 3883 364 3945 fide
393 3883 492 3962 dignis
514 3887 714 3962 desumenda,
736 3897 765 3949 et
849 3889 879 3948 3.
893 3884 1018 3948 Remum
1033 3883 1411 3946 haudditiroileestosten·

158 3964 240 4026 iuxta
259 3967 332 4028 haec
352 3967 542 4033 diiudicanda
567 3988 644 4030 esse.
665 3971 768 4044 Evan-¹
807 3971 897 4046 dere,
916 3979 1009 4031 totam
1036 3967 1175 4030 Straussii
1202 3974 1330 4045 systema
1350 3985 1409 4029 non

129 4055 130 4058 ’
160 4050 236 4123 getia
251 4059 350 4111 autem
370 4051 511 4128 genuina,
530 4058 559 4110 et
578 4051 614 4112 ab
632 4055 764 4113 auctori·
807 4064 920 4116 tantum
940 4054 1090 4114 soliditate
1107 4069 1221 4127 carere,
1233 4049 1284 4110 sed
1296 4059 1326 4111 et
1340 4068 1411 4110 con·

159 4130 216 4190 bros
234 4133 291 4193 sade
310 4134 407 4210 dignis
434 4132 602 4212 conscripta
629 4153 710 4211 esse,
735 4137 762 4217 5.
807 4138 1033 4201 tradictioaibus
1050 4136 1170 4213 inrolri,
1191 4136 1216 4198 si
1236 4133 1413 4196 decantato·

159 4211 196 4272 81
211 4223 310 4296 etseq.
324 4215 482 4296 probatum
497 4224 552 4276 est.
567 4215 632 4296 lpse
646 4216 765 4281 Strauss
836 4268 867 4326 (ὅ,
883 4267 950 4314 nom.
966 4269 979 4312 ⁴
996 4271 1019 4314 tn
1033 4269 1073 4316 aa.
1164 4267 1272 4328 (mom.
1284 4267 1300 4314 ⁵
1313 4268 1339 4314 tn
1356 4267 1399 4316 ΕΒ

189 4318 221 4378 (Ι)
231 4321 296 4364 llum
313 4322 365 4366 bin
381 4323 438 4366 Gen.
517 4319 547 4381 (2)
565 4321 632 4367 Rom.
644 4325 657 4368 5
669 4324 693 4368 lu
706 4327 764 4370 Gen.
836 4326 869 4385 (ὅ)
884 4325 918 4372 Cl.
934 4325 954 4387 ἓ.
970 4329 1014 4374 tat)
1029 4331 1074 4376 etc.
