2910 4732
49 675 55 686 ’
148 683 222 744 tioui
238 691 372 756 nostrae,
393 679 470 740 sicut
486 676 530 738 soi
546 676 625 736 lucet
643 689 698 734 ocu

193 161 234 231 tt
546 141 974 222 :emmonaarmrtttti
997 203 1018 212 .,

144 261 223 329 naus
242 270 290 326 est
317 259 394 324 sicut
412 256 589 342 principium
607 247 744 326 essendi,
784 215 1323 318 maguaemoiunteutaafferretbein
1341 237 1385 282 ue

146 348 188 410 ita
219 356 250 410 et
271 344 398 428 primum
429 341 608 424 principium
633 351 744 414 cogno·
783 323 865 388 ratio
886 315 1006 400 quidem
1031 308 1103 373 satis
1133 303 1248 368 exculta
1277 304 1383 365 omnia

145 432 258 492 scendi:
282 429 381 492 omnia
397 445 466 506 ergo
492 425 522 487 iu
547 423 608 488 Deo
633 434 745 497 coguo-
784 400 966 470 consectaria
978 391 1108 460 ‚actionis
1125 387 1285 471 praevidet,
1297 393 1327 448 et
1338 387 1385 447 de

145 515 270 588 scimus,
284 513 355 595 quia
373 510 473 574 omnia
486 507 685 572 diiudioumus
699 501 745 562 iu·
784 507 886 553 eorum
897 475 1379 565 complexuiudicarepotest,cum

146 607 195 660 xta
209 598 340 676 reguiam
361 593 504 670 ueritatis,
520 610 597 672 quae
608 590 687 652 lucet
698 601 745 645 ra·
783 584 883 640 tamen
902 569 990 632 etiam
1008 561 1084 624 ratio
1110 557 1208 620 miuus
1231 555 1311 617 culta
1340 553 1385 614 de

700 670 741 742 lo,
784 655 949 724 moralitate
962 648 1110 714 actionum
1124 658 1212 720 saepe
1225 638 1319 721 primo
1331 637 1383 700 in.

145 775 176 827 ut
194 765 311 828 obiecta
325 780 470 843 corporea
484 759 582 820 ridere
593 753 697 837 possit.
711 750 743 814 id
783 741 859 806 initu
881 734 1025 800 iudicium
1040 731 1126 791 ferti·
1144 723 1385 804 Tandem'quae·

146 849 205 910 iam
237 847 353 928 antiqui
370 843 560 924 Philosophi,
580 835 744 902 (innupla.
783 826 840 888 stio
860 824 1043 902 superesset,
1063 828 1117 874 our
1134 808 1266 870 actiones
1279 807 1383 869 susci-

145 943 225 1009 tone,
256 941 286 993 et
311 929 362 992 SS.
389 929 508 1002 Patres,
529 923 686 1006 praecipue
711 917 741 982 S.
783 927 855 991 pere
870 905 1032 968 debeamus
1044 913 1119 979 quae
1135 891 1225 968 bona,
1244 899 1274 952 et
1287 891 1384 954 omit·

144 1015 272 1078 [ustinus
289 1013 342 1089 M„
355 1013 489 1076 Clemens
499 1010 581 1072 Alex,
595 1017 625 1070 er
635 1005 666 1069 s.
679 1004 743 1068 Au.
784 1002 844 1056 tere
856 991 933 1064 ilias,
946 1002 1022 1068 quae
1034 981 1110 1044 maia
1119 975 1301 1042 consectaria
1318 993 1381 1035 an-

148 1099 283 1179 gustinus
300 1099 467 1159 docuerunt
486 1093 544 1174 (b).
783 1058 1384 1143 nexahaberiti--Propriouhiquecom-

565 1198 568 1204 ·
783 1161 869 1222 modo
882 1155 1012 1229 studere,
1023 1142 1288 1214 nuliatenusuobis
1298 1161 1384 1205 sem·

389 1269 423 1340 ς.
443 1275 497 1323 aa.
782 1241 1005 1326 perprobatur.
1024 1233 1088 1295 Non
1106 1247 1175 1307 orgo
1193 1225 1380 1290 consectaria

246 1401 294 1451 vm
318 1404 333 1450 Δ
729 1395 733 1405 ,
783 1327 908 1390 actionis
935 1339 1010 1404 quae
1034 1313 1166 1378 nondum
1190 1309 1306 1385 existit,
1322 1309 1379 1371 sed

296 1437 302 1450 '
335 1403 528 1518 ‘i'ssffinfflp‘ss
544 1398 643 1470 ruperto
670 1461 673 1468 ·
782 1413 827 1476 lex
840 1392 1380 1492 praecipiens,relretaus,quaeiam

527 1493 534 1505 ’
783 1495 892 1571 existit,
919 1499 947 1553 et
966 1487 1052 1549 uobis
1077 1489 1146 1542 uota
1164 1488 1224 1555 est,
1250 1476 1320 1542 iacit
1340 1495 1383 1538 a·
1406 1469 1408 1472 ’

190 1603 219 1665 i.
238 1601 357 1665 Certum
380 1607 435 1671 est,
452 1597 515 1658 dari
530 1597 623 1674 legem
643 1610 743 1654 mora.
782 1580 909 1642 ctionem
928 1575 1034 1640 iustam
1054 1567 1242 1630 iniustamre.

147 1687 218 1765 iem;
235 1684 395 1747 nonnullas
407 1683 485 1744 enim
495 1682 626 1742 actiones
638 1678 742 1751 iustas,
823 1659 853 1724 d.
873 1659 958 1734 Nuilo
978 1668 1095 1735 quoque
1116 1647 1202 1708 modo
1223 1643 1281 1706 dici
1305 1651 1384 1725 pot-

147 1772 253 1844 bouas,
271 1774 455 1849 praereptas,
476 1765 549 1827 alias
564 1781 633 1824 uero
651 1761 743 1822 maias
781 1755 837 1824 est,
856 1742 1013 1808 discrimen
1032 1735 1110 1798 iuter
1124 1731 1246 1804 bouum,
1262 1735 1292 1788 et
1308 1745 1380 1788 ma-

146 1874 181 1917 ac
200 1853 306 1916 uetitas
331 1851 507 1912 iudicamus.
532 1848 568 1910 bt
586 1864 652 1908 cum
669 1843 743 1905 nihil
782 1832 841 1892 lum
861 1827 931 1892 oriri
955 1841 993 1887 ed
1013 1815 1147 1885 nutricata·
1164 1811 1378 1894 impetitione,

146 1939 198 2001 fiat
216 1938 281 1998 siue
308 1934 424 1996 rarione
448 1932 630 2006 sufficiente,
655 1928 744 1990 buius
781 1917 826 1978 aei
839 1900 1169 1979 oonsioaeoolamtotb.
1186 1895 1280 1977 Saepe
1295 1895 1381 1959 euim

148 2039 270 2104 quoque
298 2018 422 2094 iudicii,
446 2035 498 2078 seu
525 2015 613 2076 huius
640 2029 744 2074 sensus
783 1999 929 2062 actionem
945 1994 1132 2074 praeceptam
1151 1981 1378 2060 cognoscimus,

149 2105 270 2168 moratis
296 2103 372 2164 ratio
400 2101 565 2173 sufficiens,
585 2116 638 2158 seu
655 2115 744 2160 causa
783 2103 799 2144 ὃ
820 2101 879 2163 qua
904 2077 1038 2139 voluntis
1053 2067 1241 2139 ,aversionem
1260 2063 1380 2138 Sentit,

147 2207 289 2272 suprema
307 2185 423 2261 existat,
445 2201 566 2244 necesse
581 2187 643 2243 est.¹
783 2176 812 2229 et
829 2186 846 2228 e
864 2173 979 2227 contra.
1000 2157 1034 2220 Et
1052 2171 1118 2216 curu
1139 2150 1220 2212 uuita
1237 2148 1314 2210 actio
1332 2147 1384 2206 si·

190 2273 222 2335 d.
244 2271 324 2334 Haeo
334 2269 409 2330 ratio
421 2267 580 2341 sufficiens,
591 2283 643 2326 seu
656 2283 744 2327 causa
783 2269 821 2312 ¹¹0
845 2239 1081 2330 praedomississii
1110 2231 1308 2318 pi⁰tt0¹¹⁵i⁰ss0
1326 2250 1382 2291 Vt>-

147 2373 287 2437 suprema
306 2371 365 2416 nou
376 2361 421 2413 est
434 2353 466 2414 in
481 2353 544 2431 ipra
554 2358 678 2423 narcara,
693 2367 744 2410 sep
783 2333 903 2396 luntatis
914 2326 1103 2407 suscipiatur,
1116 2320 1140 2382 si
1153 2315 1310 2400 propensio
1322 2313 1384 2376 bo-

148 2439 273 2503 esaeniio
288 2438 439 2500 actionem
457 2436 523 2510 sita,
545 2452 578 2494 ac
596 2433 619 2493 si
638 2433 745 2494 atiaea
784 2437 849 2492 ¹¹³⁵,
870 2415 947 2478 situi
961 2407 1075 2474 ιιθΐδῑθ
1097 2404 1190 2466 milis
1212 2401 1322 2462 siceissi
1341 2416 1383 2458 ὃ·

148 2542 192 2600 se,
209 2528 243 2584 tet
266 2539 318 2603 per
335 2539 366 2582 se
385 2521 490 2594 bunne,
511 2517 621 2586 aliana
646 2535 695 2592 se,
716 2525 745 2577 er
784 2501 907 2573 otioues,
927 2495 1007 2559 nulla
1025 2506 1155 2571 uuquam
1174 2485 1250 2547 actio
1270 2499 1381 2563 pecca·

149 2626 201 2687 per
218 2625 250 2668 se
269 2607 364 2667 metae
381 2603 518 2664 existant.
536 2599 607 2662 Nam
629 2599 744 2679 quaeri.
784 2585 898 2646 minosa
914 2577 1038 2642 dicenda
1051 2581 1139 2636 esset.
1150 2569 1202 2632 Ast
1214 2569 1292 2648 ipsas
1304 2583 1384 2646 pro-

148 2691 198 2755 bet
217 2690 293 2752 actio
310 2696 355 2750 est
368 2685 477 2767 aliquid
494 2684 677 2762 contingens3
695 2701 744 2744 er.
785 2667 943 2750 pensiones
959 2657 1118 2724 voluntatis
1135 2654 1181 2716 rei
1200 2653 1303 2727 bonas,
1331 2651 1382 2710 rei.

149 2795 185 2853 go
205 2773 278 2836 uibii
298 2792 315 2834 a
333 2791 375 2847 se,
388 2772 434 2831 rei
452 2787 504 2848 pen
522 2787 565 2845 se,
584 2767 636 2828 sed
655 2766 744 2846 quid.
786 2752 877 2814 maias
892 2746 1142 2811 discernimus-
1162 2737 1243 2798 iuxta
1261 2734 1382 2812 legem,

149 2858 219 2940 quid
236 2864 306 2931 test,
327 2873 414 2916 esua
433 2871 521 2914 causa
540 2861 602 2928 est3
624 2856 653 2912 et
678 2849 745 2912 ideo
783 2836 832 2898 tui
850 2831 1066 2915 ipsuroiuutas
1083 2823 1201 2886 subiisti
1219 2826 1275 2880 esi·

149 2939 324 3004 moralitatis
336 2945 491 3018 praecepta
503 2937 659 3008 sentimus,
681 2935 745 3013 pri·
826 2921 857 2982 5·
877 2917 978 2997 Neque
995 2912 1073 2976 ratiti
1095 2909 1159 2988 ipsa
1176 2903 1233 2966 sibi
1255 2909 1300 2968 esi
1317 2899 1378 2962 lex.

149 3043 274 3106 usquam
292 3024 375 3104 ipsae
393 3023 523 3082 actiones
538 3021 621 3080 baut:
638 3019 684 3078 lex
699 3036 746 3078 er·
785 3001 871 3066 Ratio
886 3001 964 3063 enim
980 3015 1040 3058 1¹0ss
1057 3001 1102 3057 est
1117 2989 1173 3054 nisi
1188 2986 1311 3048 facultas
1328 2984 1383 3044 iu·

149 3129 185 3188 go
205 3109 335 3170 actiones
358 3104 520 3186 praecedit,
539 3112 568 3164 et
586 3100 670 3163 nobis
689 3119 745 3162 an.
788 3068 1387 3159 dicandi,seuinquirendireritatem3iu*

152 3205 199 3254 tea
224 3199 358 3252 notaest
376 3198 407 3250 ut
425 3190 505 3250 iuxta
521 3187 602 3248 iilam
622 3185 674 3246 bas
696 3185 746 3246 ju.
787 3171 992 3247 dicareautem
1005 3181 1063 3224 non
1074 3165 1170 3240 potest
1180 3153 1387 3234 sincpraeriis¹
1411 3214 1414 3220 ,

153 3277 297 3339 dicemus.
370 3310 414 3344 ,.
787 3251 1102 3336 principiis.;ergoex
1122 3241 1169 3303 his
1193 3237 1388 3300 solummodo

136 3417 138 3423 Α
203 3361 234 3422 3.
253 3357 353 3438 Neque
382 3356 459 3418 ratio
482 3353 629 3417 sufficiens
658 3349 747 3412 huius
787 3338 918 3400 actiones
935 3333 980 3394 rei
995 3339 1028 3392 ut
1041 3321 1322 3404 bouasapprobaro‚
1335 3321 1386 3380 rei-

152 3442 331 3508 discrimiuis
356 3440 434 3502 iuter
460 3439 570 3500 bonurn
590 3443 619 3497 et
637 3435 746 3496 malum
788 3430 821 3483 ui
838 3421 929 3482 malas
942 3415 1070 3483 ,reiicete
1086 3417 1193 3491 potest·
1212 3403 1384 3468 Βθὶιιιιιῑίο

154 3526 278 3591 inveniri
292 3533 388 3606 potest
406 3525 435 3584 iu
449 3523 635 3602 praevisione
652 3536 747 3582 conse·
787 3503 1013 3586 inquitiilei‘em
1026 3490 1277 3568 ¹¹¹⁰ffl¹0¹¹is⁰if⁰³
1290 3505 1385 3567 inim

153 3612 316 3676 storiarum
337 3608 471 3682 actionis,
496 3623 530 3665 ac
548 3605 573 3666 si
592 3621 626 3665 ex
644 3621 747 3664 eoso-
788 3607 887 3651 estate
911 3591 1027 3668 Ρῡῑθδῑί
1046 3581 1138 3658 iugem
1159 3593 1226 3638 V⁰i⁰
1250 3571 1385 3650 isniiiffl

126 3771 133 3785 ·
153 3699 212 3757 lum
232 3695 307 3757 ratio
327 3694 458 3754 actiones
476 3689 520 3749 rel
533 3687 687 3769 approbet,
703 3687 748 3748 rel
790 3681 903 3734 mutare
921 3667 1033 3749 nequit.
1050 3664 1115 3745 lpsa
1129 3678 1197 3736 ergo
1212 3657 1286 3720 ratio
1299 3673 1316 3714 a
1328 3672 1388 3716 co·

153 3778 301 3860 reprobet,
321 3777 390 3856 quia
410 3774 499 3846 bona,
517 3775 560 3833 rei
581 3772 657 3832 mala
674 3787 749 3830 con·
789 3757 870 3835 gnita
893 3756 956 3830 iege
982 3750 1084 3812 morati
1110 3742 1276 3824 deprendet,
1295 3737 1387 3804 cuius

154 3863 323 3925 sectoriaex
335 3859 436 3941 positis
447 3857 613 3917 actionibus
626 3853 749 3914 oriunda
790 3857 897 3922 praeco
917 3839 980 3897 iure
999 3833 1173 3914 appeiiatur.
1186 3824 1317 3887 Tandem
1331 3839 1387 3882 ra·

154 3947 314 4029 praevidet.
336 3939 482 4020 -Saepe
506 3940 583 4000 enim
605 3937 748 3999 actionem
791 3925 831 3984 tio
851 3922 966 3998 utrina,
982 3931 1034 3979 seu
1052 3931 1190 3995 suprema
1209 3926 1304 3971 causa·
1317 3923 1389 3966 mo·

143 4032 287 4094 *illicitam
323 4023 531 4102 agnoscimus,
559 4041 634 4104 quae
664 4021 750 4082 nobis
790 4006 915 4070 raritatis
928 4022 986 4066 uon
1002 4010 1058 4077 est,
1078 3999 1147 4079 quin
1166 3991 1300 4076 quaestio
1321 4008 1389 4050 mo-

402 4127 403 4132 *
790 4091 851 4152 reri
871 4096 976 4170 potest,
989 4103 1042 4148 rur
1058 4081 1163 4145 rationi
1177 4079 1390 4155 obtemperan-

186 4179 216 4234 (it
227 4177 252 4220 V.
260 4171 373 4220 luvenalis
390 4173 461 4216 duan.
477 4171 517 4217 tib.
530 4173 568 4218 Soi
580 4169 750 4238 intelligentiae:
792 4175 861 4237 dum
878 4174 927 4246 siu
944 4190 1010 4232 cum
1022 4170 1100 4231 enim
1118 4163 1192 4226 rapio
1208 4180 1267 4222 non
1282 4159 1320 4218 sip
1332 4175 1386 4217 ens

157 4235 281 4284 Piritibrrt:
297 4231 338 4274 tier
353 4229 461 4284 ebitiirbe
476 4231 565 4284 Friede,
581 4230 753 4278 standeumaaet
893 4258 899 4270 .

155 4294 248 4352 uuam.
263 4292 286 4336 s.
300 4288 382 4346 aona
404 4287 426 4334 r.
790 4277 871 4338 ase,
890 4257 958 4320 ideo
973 4275 990 4318 a
1008 4273 1052 4330 se,
1070 4251 1116 4314 roi
1141 4256 1261 4331 propter
1276 4260 1316 4305 se
1335 4259 1394 4330 reg,
