2918 4734
192 163 257 228 let
593 176 778 224 rurocoomc
796 174 958 224 eruemus

149 258 283 324 loannis.
296 281 311 323 r
324 258 406 324 Idem
419 259 467 342 (l)
480 258 522 324 ita
535 259 679 342 loquitur:
691 279 706 321 e
716 255 754 322 Ut
793 265 896 340 operte
905 254 1052 339 spurios,
1072 272 1201 340 quorum
1220 263 1331 320 ructor
1349 257 1421 322 ob-

150 344 264 421 seiatis,
280 365 342 409 uon
360 345 455 408 solum
474 353 604 428 quatuor
621 344 754 423 Euange-
792 359 899 406 scurus
917 352 947 404 et
965 342 1082 420 ignotus
1101 341 1158 418 sit,
1175 360 1271 420 genus
1287 343 1421 406 dictio·

151 429 210 505 lia,
230 428 282 492 sed
302 429 431 510 plurima
447 447 513 491 esse
531 427 716 510 conscripta,
735 445 753 490 e
793 426 839 488 uis
857 423 895 488 ab
915 425 1078 507 apostolico
1098 425 1257 508 discrepet,
1278 435 1310 488 et
1330 446 1419 490 seu-

151 513 260 592 quibus
278 513 363 590 baec,
382 532 460 595 quae
480 512 638 589 habemus,
658 513 753 574 electo
793 509 886 572 tentio
904 530 921 572 a
936 509 993 572 lide
1012 509 1143 587 aberret,
1164 529 1211 574 ex.
1227 529 1274 590 pr.
1295 511 1418 575 Evau-

150 606 240 674 sunt,
260 605 290 659 et
313 597 420 660 tradita
444 596 606 672 Ecclesiis,
626 613 662 658 ex
687 596 751 676 ipso
791 593 901 673 gelium
922 593 1056 656 Thomoe
1073 602 1131 656 etc.

150 681 302 760 prooemio
316 679 415 744 Lucae
429 697 654 759 cognoscamus:
670 660 776 754 Quo-¹
844 679 874 740 3.
902 676 1041 740 Testibus
1069 677 1240 740 domesticis
1270 681 1415 764 adiungi

149 765 232 827 nium
249 766 366 844 quidem
382 764 470 828 multi
487 764 584 827 cunuti
604 771 673 825 suut
697 780 751 826 or·
792 770 917 843 possunt
941 768 1053 825 veteres
1077 762 1211 844 plerique
1235 763 1412 846 baeretici,

149 849 255 913 dicore
272 849 500 912 coerctionem:
519 847 576 909 hoc
593 846 675 928 quod
696 845 750 924 ait,
789 845 1085 922 reluctacione,
1103 847 1251 922 Marcius,
1268 850 1413 932 aliique,

62 959 64 975 ¹
148 933 343 1007 cenaticum,
359 933 501 994 latentem
519 931 609 993 lubet
626 949 750 992 accusa·
791 929 844 1010 qui
864 930 974 992 nostris
998 929 1166 1008 Evangeliis
1183 939 1214 992 et
1231 935 1348 997 ceteris
1370 936 1410 999 N.

149 1016 261 1079 tionem
291 1034 418 1092 eorum,
443 1015 496 1096 qui
521 1013 634 1096 absque
656 1014 751 1093 gretia
790 1012 825 1076 T.
844 1013 963 1095 scriptis
981 1013 1027 1076 usi
1046 1023 1133 1091 sunt;
1152 1022 1184 1078 et
1200 1019 1345 1096 quamvis
1368 1039 1412 1084 ea

148 1097 275 1182 Spiritus
293 1097 324 1164 S.
345 1100 381 1162 od
408 1099 567 1162 scribenda
590 1097 751 1178 Evangelia
790 1116 844 1160 suo
863 1097 950 1160 modo
970 1097 1155 1179 explicarunt
1177 1107 1228 1160 aut
1247 1118 1413 1184 corrupe-

148 1184 352 1264 prosilierunt.
377 1181 545 1246 Matthaeus
566 1182 697 1264 quippe,
721 1190 751 1246 et
790 1189 872 1257 runt,
890 1200 1043 1263 uunquam
1062 1189 1162 1244 tamen
1177 1182 1332 1264 Apostolis
1351 1189 1404 1250 ab·

148 1266 281 1345 Marcus,
299 1277 330 1330 et
351 1267 496 1346 loannes,
517 1273 546 1331 et
568 1265 664 1329 Lucas
688 1286 748 1329 noo
790 1266 922 1330 iudicare
940 1265 1004 1328 ausi
1022 1273 1103 1328 suot.
1125 1263 1201 1338 Quin
1221 1275 1251 1328 et
1268 1268 1330 1350 ipsi
1351 1291 1414 1352 pa·

147 1361 217 1414 sunt
235 1353 333 1416 couati
352 1351 495 1428 scribere,
514 1350 566 1413 sed
584 1349 697 1432 Spiritu
716 1347 747 1414 S.
789 1349 858 1428 gani
882 1349 969 1412 uobis
992 1357 1083 1412 testes
1107 1360 1178 1412 sunt
1199 1352 1282 1413 omni
1302 1371 1409 1418 exce-

147 1436 227 1517 pleni
244 1436 427 1517 scripserunt
443 1434 653 1514 Evangelia...
667 1431 748 1506 Que—
790 1433 892 1514 ptione
909 1433 1059 1496 maiores:
1083 1443 1228 1515 quotquot
1251 1436 1338 1506 enirn
1369 1459 1411 1502 ex

147 1527 214 1582 tuor
233 1529 348 1582 tanturn
367 1519 529 1598 Evangelia
545 1522 616 1580 sunt
637 1517 749 1600 proba·
789 1518 848 1580 illis
865 1527 968 1580 contro
990 1516 1175 1596 Religionem
1198 1519 1410 1585 christianam
1442 1559 1447 1570 ·

148 1610 187 1677 tu,
200 1622 224 1668 ¹e
244 1604 354 1684 quibus
372 1603 428 1665 sub
447 1621 574 1684 persona
588 1601 709 1664 Domini
719 1610 750 1665 et
789 1604 993 1684 scripserunt,
1012 1602 1049 1664 do
1068 1620 1218 1664 sacrorum
1244 1603 1409 1670 librorum

147 1683 747 1769 Salvatorisproferendesuntdogmata.»
789 1686 946 1749 authentia
956 1704 994 1748 ne
1005 1685 1187 1750 levissimum
1200 1687 1324 1768 quidem
1344 1692 1411 1753 du·

148 1770 290 1854 Oripeues
309 1791 408 1854 porro,
424 1779 498 1834 teste
512 1771 650 1847 Eusebio,
666 1777 749 1832 cata·
789 1771 873 1834 bium
898 1778 1028 1832 movent.
1050 1769 1093 1831 lta
1114 1770 1212 1833 Celsus
1230 1781 1306 1834 teste
1325 1771 1410 1836 Ori·

147 1856 248 1935 logum
273 1855 367 1918 texuit
390 1853 523 1917 omnium
543 1853 578 1915 N.
599 1852 633 1916 T.
654 1853 750 1915 libro·
789 1873 864 1934 pene
892 1854 939 1936 (l)
959 1872 1112 1935 nunquam
1136 1855 1274 1931 negarit,
1300 1857 1409 1922 libros

147 1957 226 2017 rum,
238 1940 276 2002 ab
289 1939 428 2002 universa
439 1938 572 2001 Ecclesia
584 1945 751 2018 acceptatu-
789 1958 890 2002 sacros
909 1938 1139 2000 christianorum
1151 1939 1297 2014 genuinos
1313 1959 1405 2022 esse,

147 2041 227 2100 rum;
240 2043 308 2085 oum
320 2015 479 2101 Evangelio
489 2021 588 2083 Lucae
602 2021 751 2084 connectit
789 2024 850 2086 imo
869 2024 953 2104 plura
971 2021 1072 2084 laudat
1090 2041 1125 2084 ex
1147 2021 1330 2102 Euangeliis,
1353 2046 1409 2090 se·

146 2107 220 2170 Acta
246 2107 477 2188 Apostolorum,
498 2115 528 2168 et
554 2105 591 2167 de
616 2105 750 2186 epistulis
790 2106 1267 2189 queilleenlibrisdiscipulorum
1281 2107 1407 2174 Christi

144 2190 230 2254 Pauli
257 2191 381 2254 scribit:
404 2209 419 2251 t
440 2190 553 2254 Paulus
571 2208 630 2250 non
649 2190 748 2250 omni·
789 2191 956 2254 describere
972 2189 1407 2276 affirmetldemdel'orphy-

145 2273 211 2352 bus,
232 2294 307 2356 quos
326 2273 439 2348 docuit,
451 2273 598 2336 ucctestis
616 2273 748 2355 scripsit,
789 2276 833 2338 rio
852 2284 979 2337 testatur
992 2276 1023 2340 S.
1047 2274 1258 2355 Hieronymus.
1279 2277 1406 2342 Lucio-
1454 2289 1457 2306 ⁴

144 2360 193 2421 sed
214 2366 243 2420 et
262 2357 372 2440 quibus
396 2356 533 2439 scripsit,
558 2357 661 2438 paucis
679 2376 747 2419 rer·
789 2379 848 2423 uus
870 2360 918 2440 (5)
946 2359 1049 2421 irridet
1072 2359 1266 2438 scriptoribus
1284 2364 1403 2441 sacris,

143 2441 226 2516 sibus
241 2442 371 2524 scripsit.
388 2443 495 2506 Petrus
513 2461 616 2518 unam,
633 2441 671 2503 de
689 2461 749 2522 qua
789 2445 839 2507 sed
863 2444 1019 2526 Apostolos
1051 2450 1081 2504 et
1097 2442 1258 2525 discipulos
1280 2443 1407 2509 Christi

114 2536 223 2589 “certo
255 2535 391 2603 constet,
417 2526 573 2607 epistolam
603 2526 746 2606 reliquit;
789 2528 931 2591 librorum
953 2526 989 2589 N.
1012 2525 1048 2588 T.
1072 2536 1209 2589 auctores
1237 2547 1306 2590 esse
1332 2550 1404 2594 non

143 2620 205 2673 esto
231 2619 349 2686 autem,
373 2620 404 2672 et
428 2612 551 2672 alteram
576 2609 744 2690 reliquerit.
788 2622 886 2691 negot.
906 2612 1044 2674 lectiones
1061 2609 1201 2690 Apostoto
1216 2612 1263 2692 (b)
1287 2617 1403 2677 norni-

142 2695 268 2758 loannes
279 2694 398 2776 reliquit
409 2693 564 2774 epistolam
576 2694 748 2775 paucisver·
787 2715 825 2758 ne
854 2704 981 2777 quatuor
1022 2694 1276 2774 Evangelistarum
1310 2698 1404 2761 clare

142 2779 225 2841 sibus
244 2780 502 2860 comprehensam:
524 2786 600 2854 esto,
620 2776 745 2839 adiicia·
785 2779 925 2860 exprimit
951 2780 1079 2841 dioens:
1117 2798 1132 2839 e
1154 2777 1252 2842 losum
1277 2781 1402 2863 quippe

132 2870 191 2924 =tur
208 2872 237 2925 et
256 2865 361 2940 altera,
377 2871 406 2924 et
421 2863 510 2924 tertio
522 2862 582 2942 (h).
596 2860 662 2942 lpse
676 2863 744 2925 Eu·
785 2865 869 2926 illum
897 2881 995 2945 neque
1024 2861 1135 2924 Paulus
1162 2863 1255 2926 lleum
1288 2865 1402 2930 dicere

142 2947 236 3010 sebius
253 2956 409 3009 accuratus
435 2947 626 3027 antiquorum
649 2945 754 3020 libro·,
784 2967 875 3010 ausus
892 2955 954 3023 est,
976 2965 1073 3027 neque
1091 2945 1268 3023 llattbaeus,
1288 2968 1401 3030 neque

142 3049 208 3092 rom
228 3033 369 3095 collector
386 3039 417 3092 et
438 3048 544 3092 censor
559 3029 607 3108 (3)
626 3037 686 3090 tres
704 3029 743 3090 li·
783 3029 891 3110 Lucus,
909 3051 1007 3113 neque
1022 3029 1147 3106 ldarcus,
1164 3033 1216 3093 sed
1232 3033 1330 3094 bonus
1354 3035 1406 3096 il..

143 3113 264 3177 brorum
278 3117 388 3177 classes
399 3113 552 3175 discernit:
565 3112 741 3193 odprimam
784 3117 811 3178 le
829 3116 973 3178 Ioannes.
1058 3115 1187 3196 primum
1208 3115 1237 3177 id
1260 3117 1399 3197 prodere

142 3196 677 3275 relectlronrologumeuos,oommuni
689 3197 743 3258 Ec·
783 3219 875 3262 ausus
894 3207 950 3262 est.
972 3197 1083 3261 »Haeo
1099 3199 1270 3261 testimonia
1289 3204 1399 3279 magni

142 3281 249 3343 clesiae
277 3301 424 3359 consensu
451 3291 610 3362 receptos,
634 3299 742 3360 nempe
783 3291 853 3344 sunt
872 3283 1031 3359 momenti,
1053 3282 1123 3363 quia
1141 3284 1318 3348 adversariis
1340 3286 1398 3346 in·

141 3374 268 3444 quatuor
286 3363 457 3442 Evangelio,
475 3365 546 3426 Actu
564 3363 681 3445 Apost,
701 3365 742 3426 ll-
785 3375 894 3430 teresse
910 3366 1025 3445 debuit,
1045 3375 1078 3428 ut
1096 3369 1268 3444 ostendant,
1295 3368 1397 3432 libros

142 3448 265 3528 pistolas
282 3449 322 3511 13
341 3448 437 3524 Pauli,
454 3467 543 3510 unam
560 3447 651 3524 Petri,
666 3457 695 3510 et
709 3469 744 3509 u·
784 3451 1015 3513 christianorum
1037 3452 1242 3531 supposititios
1264 3471 1346 3514 esse.

143 3551 210 3592 nam
232 3532 363 3594 loannis.
382 3532 424 3594 hd
445 3533 568 3594 alterum
588 3533 679 3594 relert
703 3533 743 3593 li·
825 3537 914 3599 Noto.
935 3535 1102 3597 Adversarii
1123 3535 1306 3613 argumentis
1329 3556 1397 3599 no·

142 3615 224 3691 bros,
239 3616 291 3696 qui
307 3617 351 3678 vel
365 3636 381 3676 a
395 3616 531 3694 pluribus
545 3615 742 3696 recipiuntur,
784 3619 854 3680 stris
871 3615 1028 3700 sequentia
1050 3627 1216 3699 opponunt.

143 3700 184 3760 uti
204 3701 329 3781 epistola
348 3699 464 3774 iacobi,
486 3699 594 3775 ludae,
613 3701 744 3762 secunde
827 3703 892 3767 Odi.
915 3703 944 3764 l.
960 3701 997 3765 Ut
1011 3703 1228 3781 ostenderetur,
1242 3702 1337 3766 libros
1352 3704 1399 3769 N.

141 3783 239 3861 Petri,
259 3786 388 3845 secumlu
408 3794 437 3845 et
456 3783 541 3845 tertie
556 3783 694 3861 loannis,
714 3774 764 3911 et'
783 3786 818 3848 T.
836 3789 983 3866 genuinos
1001 3805 1078 3863 esse,
1098 3795 1187 3850 testes
1206 3788 1308 3849 coaevi
1330 3789 1395 3849 ad-

141 3868 343 3949 bpocalypsis3
358 3868 401 3930 vel
415 3887 432 3928 a
444 3867 592 3948 plerisque
604 3868 743 3929 reiiciuu·
782 3871 910 3932 ducendi
929 3879 1040 3933 essent.
1060 3868 1118 3933 Sed
1135 3890 1233 3953 neque
1248 3872 1391 3948 iudaeus,

140 3961 201 4028 tur,
222 3960 255 4014 ut
282 3952 404 4014 historia
428 3949 531 4027 Pauli,
558 3952 743 4031 apocalypsis
783 3973 881 4034 neque
900 3955 1055 4031 ethnicus,
1074 3973 1171 4035 neque
1191 3955 1282 4018 etiam
1301 3955 1394 4016 chri·

141 4035 221 4100 Petri
246 4044 303 4098 etc.
328 4036 373 4098 hd
399 4035 526 4108 tertiam,
543 4036 633 4099 rel'ert
650 4035 743 4098 libros
782 4040 898 4101 stianus
916 4040 1044 4121 scriptor
1057 4056 1184 4102 coaevus
1198 4041 1319 4101 illorum
1334 4059 1392 4101 au·

172 4185 308 4240 ihiloml
327 4191 351 4236 ln
369 4189 483 4238 lucum.-
594 4235 623 4241 ,,
647 4233 658 4242 .,
805 4179 882 4254 tillo
899 4193 994 4240 tlh.2c.
1011 4195 1069 4241 cels.

173 4246 205 4299 (2)
218 4249 242 4292 tl.
258 4249 341 4295 Euseh.
357 4251 410 4296 hist.
425 4251 482 4296 eect
496 4252 512 4297 l.
528 4252 550 4306 o,
564 4261 615 4310 cop.
630 4251 675 4298 26.Ἴ
693 4287 696 4292 .
721 4250 729 4307 f
805 4254 843 4309 tu)
857 4252 906 4297 tlh.
920 4252 949 4298 de
965 4255 1040 4300 morto
1056 4254 1181 4311 Peregrini.

171 4305 203 4359 (5)
220 4305 270 4350 bd
286 4309 337 4352 hist.
353 4311 417 4368 eccl,
429 4312 512 4370 copo.
523 4315 546 4356 et
561 4313 582 4367 t,
597 4311 635 4368 2⁴,
650 4312 674 4357 el
688 4309 747 4374 ²5¹}
767 4340 787 4374 ,¹
811 4314 851 4374 ltil-
860 4316 901 4368 hp.
911 4313 932 4356 S.
940 4312 1048 4369 Cprillum
1057 4315 1119 4361 Alex.
1129 4315 1170 4360 llh.
1184 4313 1216 4362 lu.
1227 4313 1250 4359 lo
1261 4314 1379 4362 nrluclulu
