2930 4736
211 181 272 244 :tto
609 201 796 250 annuemus
818 201 981 248 mensure

169 299 229 342 non
247 279 379 343 luerunt.
401 281 431 360 c)
449 280 529 343 Deus
550 281 581 345 io
600 280 636 344 t.
657 282 691 344 T.
715 301 767 363 pro
809 281 960 344 ctissimns
983 281 1144 344 Bossnetns
1166 283 1226 364 (l).
1249 317 1293 332 -
1314 280 1418 366 Neque

168 366 283 426 unitate
301 363 431 442 fidei,et
446 366 640 446 persuasione
658 367 695 428 de
709 366 768 428 lide
810 368 935 430 multum
968 367 1144 447 proluernnt
1181 367 1252 430 libri
1281 367 1416 449 ipsorum

169 449 325 511 aliomodo
335 450 475 530 providit.
489 450 675 530 Frequenter
687 450 767 512 enim
809 450 987 530 symbolici,
1009 469 1084 532 quus
1102 453 1137 513 ad
1163 451 1295 532 speciem
1316 471 1414 534 qnan-

168 531 347 598 Patrlarchis
374 535 531 615 apparuit,
556 537 697 616 ipsosque
713 553 768 615 pa·
809 535 876 596 darn
907 535 1041 596 unitatis
1059 536 1293 598 conservandam
1328 555 1413 599 corn·

169 631 253 683 ternu
270 617 359 681 rnudo
372 618 511 696 erudioit3
533 628 639 680 etcum
657 619 770 679 hilou-
809 618 958 698 pilarum,
976 619 1044 698 qni,
1066 628 1169 699 utpote
1186 619 1288 682 divina
1312 629 1344 683 et
1366 622 1413 683 in·

167 703 320 785 gissimam
339 703 428 764 sitam
458 703 675 782 protraherent,
696 703 769 763 uni·
808 701 926 764 lellibili
959 703 1135 765 auctoritate
1166 712 1305 766 carentes
1343 724 1412 787 per-

171 790 265 851 tatiet
278 787 400 868 puritati
417 787 485 848 fidei
500 787 652 863 invigilare
666 795 770 867 potne-
807 787 915 848 lectum
948 785 1165 849 subiectionem
1201 789 1347 866 exigere,
1384 800 1413 852 et

168 880 248 936 runt.
269 869 357 933 -In
377 871 501 952 periodo
520 870 769 933 autemniosaica
807 871 925 932 lirrnam
956 871 1182 952 persuasionem
1213 890 1322 953 parere
1355 893 1412 936 non

167 955 301 1040 quolibet
314 956 376 1017 lere
387 965 533 1035 ternpore,
546 973 579 1016 ac
593 954 765 1036 praecipue,
791 964 980 1035 potuerunt.
1001 952 1147 1017 Successu
1165 957 1312 1036 temporis
1331 975 1412 1019 sem-

167 1043 192 1106 si
209 1040 347 1121 specialis
371 1039 537 1117 indigentia
563 1039 591 1100 id
618 1039 765 1120 poposcit,
807 1057 861 1119 per
880 1041 973 1118 magis
996 1040 1150 1120 magisque
1173 1040 1305 1120 aprima
1326 1059 1412 1124 corp·

168 1126 249 1187 missi
269 1135 339 1186 sunt
359 1123 541 1204 Prophetae,
561 1123 599 1184 ob
624 1123 767 1186 miracula
806 1123 970 1204 phaeouum
1000 1123 1240 1188 Protestantismi
1274 1125 1411 1188 doctriua

167 1219 197 1272 et
212 1208 351 1272 vaticinia
374 1207 473 1270 divina
501 1208 679 1269 anctoritate
698 1210 766 1288 pul-

166 1295 273 1368 lentes,
293 1311 419 1374 quornm
441 1311 550 1354 munus
568 1301 645 1368 crat,
665 1310 766 1373 popn·

165 1379 226 1440 lum
245 1380 277 1442 in
296 1379 356 1455 iis,
382 1395 459 1457 quac
487 1375 661 1454 religionem
692 1395 764 1457 spe-

165 1471 259 1540 ctant,
279 1462 439 1536 instruere,
468 1460 709 1542 superstitionem
730 1479 765 1522 ac

164 1565 280 1610 errores
294 1547 432 1622 euellere,
442 1545 762 1622 etgenuinnmcultum

163 1631 296 1692 divinum
308 1640 486 1720 restaurare.
496 1629 583 1690 Hisce
591 1638 690 1690 autem
705 1647 767 1692 me·

163 1715 221 1777 diis
241 1713 320 1776 Deus
334 1733 395 1777 non
414 1713 509 1775 utitur
525 1713 556 1774 in
573 1712 608 1774 N.
623 1713 659 1776 Τ.
679 1713 715 1774 ad
731 1733 764 1774 u·

163 1799 286 1861 nitatem
310 1808 340 1861 ct
362 1798 522 1880 puritatem
547 1795 616 1860 lldei
638 1814 762 1859 conser-

163 1885 302 1962 vandam,
323 1883 518 1963 quamobrem
536 1882 594 1943 alio
615 1882 712 1944 medio
726 1900 762 1943 u·

161 1987 218 2050 pus
233 1975 289 2045 est,
306 1967 449 2029 nimirum
473 1966 656 2045 magisterio,
676 1966 763 2028 insal-

161 2052 299 2115 lilailitate
316 2052 438 2114 donato.
458 2085 501 2098 -
514 2051 669 2113 Absonum
690 2068 763 2112 sane

161 2147 250 2214 esset,
266 2135 377 2210 dicere,
398 2135 514 2196 minora
532 2134 762 2214 essepririlegia

160 2221 311 2284 Ecclesiae
329 2241 346 2282 a
360 2219 465 2282 Massia
478 2219 647 2294 institutae,
671 2237 767 2300 quarn

160 2303 312 2387 priuilegia
324 2304 476 2367 Ecclesiae
500 2303 718 2382 patriarchalis,
733 2313 762 2364 et

159 2391 331 2468 mosaicae3
361 2397 392 2450 et
418 2397 518 2450 tamen
542 2386 573 2448 id
602 2387 760 2449 dicendum

160 2477 258 2552 haret,
283 2481 390 2552 negata
418 2471 569 2535 Ecclesiae
592 2471 762 2534 infallibili-

160 2559 286 2623 tatel-
298 2593 341 2605 -

391 2682 421 2754 S·
446 2688 522 2737 2¹8·

318 2790 345 2839 [Ι.
359 2791 462 2840 Bedente
477 2791 598 2838 hlstorlca.

151 2883 155 2908 ²
196 2886 363 2975 Repudiata
380 2891 532 2955 Ecclesiae
546 2893 759 2958 infallibilitate

44 3003 48 3010 ·
158 2978 300 3041 unitatem
320 2978 389 3042 hdei
405 2977 514 3059 perire,
542 2987 572 3040 et
590 2981 704 3039 hrotam
721 2981 758 3042 de

156 3061 213 3123 lide
234 3063 457 3144 persuasionem
471 3081 531 3122 non
549 3061 757 3139 obtineri,lri·

157 3145 249 3208 storia
267 3152 491 3207 commonstrat.
505 3145 576 3207 Fata
589 3145 758 3208 Protestnu-
790 3181 793 3189 ‹

155 3229 236 3291 tismi
254 3229 285 3291 id
303 3231 411 3291 invicte
430 3228 568 3311 probant.
588 3229 709 3308 Magnae
721 3251 756 3294 e-

146 3312 218 3382 nim
239 3313 442 3376 dissensiones
460 3314 539 3375 inter
554 3314 688 3376 eiusdem
701 3335 755 3377 co-

154 3395 294 3477 riphaeos
311 3406 417 3460 citatae
436 3407 517 3473 sunt,
547 3399 625 3479 quod
650 3408 755 3462 osten·

156 3479 233 3541 dunt
257 3481 392 3559 dissidia,
412 3501 489 3563 quae
520 3480 669 3544 lutherus
686 3502 753 3546 cnm

153 3563 754 3644 Zwinglio,Calvino‚Earolostadio,Cas·

153 3667 227 3731 paro
245 3647 482 3712 Schwenlaleldio
503 3658 533 3711 et
555 3650 621 3712 aliis
637 3651 753 3730 habuit3

152 3752 252 3815 neque
267 3734 372 3796 aderat
393 3733 471 3815 apud
490 3733 572 3814 ipsos
586 3735 753 3814 legitimum

153 3818 297 3896 trihunal,
309 3836 369 3900 quo
380 3818 600 3881 coutroversiae
618 3821 692 3882 istae
706 3821 755 3882 di-

152 3902 344 3966 rimerentur.
357 3902 403 3965 Ab
421 3902 477 3964 isto
496 3913 631 3984 tempore
649 3904 754 3967 Eccle-

152 3983 212 4048 sias
236 3985 467 4050 Protestantinm
496 3988 576 4050 circa
599 3987 669 4048 hdei
698 3988 755 4050 do-

152 4070 278 4132 ctrinam
296 4072 446 4134 continuis
466 4071 682 4133 mutationibus
697 4073 755 4134 oh-

804 1207 969 1269 discessum
998 1215 1055 1285 est,
1081 1207 1219 1286 dogmata
1238 1208 1411 1288 plurimae

805 1292 950 1370 religione
974 1291 1138 1354 christiana
1159 1303 1309 1372 expuncta
1326 1303 1409 1370 sunt,

805 1377 850 1438 vel
873 1378 916 1438 ita
932 1377 1081 1440 declarata
1107 1385 1136 1438 et
1155 1377 1346 1455 modificate,
1376 1387 1411 1440 nt

805 1479 864 1523 nou
879 1461 975 1522 dicam
988 1479 1056 1522 cum
1069 1461 1204 1522 doctrina
1214 1457 1343 1538 Christi,
1357 1463 1409 1524 sed

804 1563 841 1606 ne
860 1563 927 1606 cum
953 1544 1089 1607 doctrina
1117 1544 1237 1624 quidem
1267 1544 1406 1622 Eutheri,

803 1627 928 1705 Caluini,
945 1639 974 1690 et
986 1630 1111 1690 aliorum
1126 1629 1407 1692 haeresiarcharum

805 1713 953 1774 ullatenus
965 1714 1168 1788 convenircnt3
1186 1713 1357 1776 ecdemnm
1373 1733 1406 1776 eo

803 1796 962 1858 detentum
978 1805 1035 1874 est,
1056 1805 1088 1858 ut
1103 1796 1340 1866 Protestnntium
1353 1800 1406 1860 do-

802 1890 911 1958 ctores,
943 1883 974 1943 in
989 1881 1122 1945 anaxima
1141 1881 1219 1960 apud
1245 1881 1331 1962 ipsos
1350 1903 1406 1944 an·

802 1967 938 2028 ctoritate
958 1965 1064 2042 habiti,
1082 1983 1135 2046 pru
1153 1965 1314 2044 Religione
1329 1967 1406 2028 chri·

802 2050 899 2112 stiana
919 2050 1039 2112 nonnisi
1061 2049 1325 2126 rationalismnm,
1354 2071 1405 2114 sen

803 2135 1030 2196 naturalismum
1045 2135 1201 2195 traderent
1218 2133 1282 2214 (θ).
1303 2134 1405 2216 Neque

802 2219 877 2281 mira
893 2219 980 2282 nohis
996 2219 1068 2280 haec
1084 2218 1329 2280 Protestantismi
1348 2221 1405 2282 sata

802 2303 892 2364 rideri
910 2312 1045 2384 possunt,
1060 2303 1085 2364 si
1100 2311 1210 2368 attente
1227 2303 1403 2366 considere·
1456 2329 1457 2338 ¹

802 2405 868 2448 mus
885 2396 1056 2468 systemata,
1076 2385 1187 2469 quibus
1201 2387 1304 2449 variae
1322 2389 1404 2450 eius·

800 2473 868 2534 alem
890 2481 988 2533 sectae
1004 2472 1034 2532 in
1046 2470 1221 2552 exponenda
1233 2467 1401 2552 Scriptura,

801 2554 1404 2633 iustatuendaRea-elatiunisdoctrina,et

800 2640 830 2701 in
848 2641 1058 2702 controuersiis
1077 2640 1144 2702 lidei
1165 2639 1347 2701 dirimendis
1365 2661 1401 2702 n·
1455 2693 1456 2696 ,

801 2723 1275 2804 tugtnr.Haecenimtaliasnnt,
1295 2733 1403 2786 utnon
1455 2727 1456 2745 ¹

730 2841 731 2848 .
799 2810 896 2872 solum
915 2809 1059 2872 unitatem
1072 2809 1141 2870 hdei
1153 2807 1323 2889 producere
1339 2810 1404 2870 nul·

800 2894 916 2957 latonas
933 2894 1062 2969 valeant,
1086 2895 1137 2954 sed
1163 2892 1252 2954 etiam
1281 2911 1319 2954 ex
1337 2893 1402 2955 allis

800 2977 965 3038 rationibus
981 2977 1097 3039 admitti
1117 2995 1309 3058 nequaquam
1336 2995 1403 3057 pos·

798 3061 868 3123 sint.
889 3061 920 3123 hl
939 3063 1020 3123 omni
1034 3062 1099 3123 iore
1115 3071 1178 3124 tum
1194 3063 1230 3124 de
1246 3069 1403 3141 sgstcnrnte
1454 3085 1455 3104 .

796 3147 1022 3223 Eunuticorum,
1043 3155 1104 3208 tuan
1122 3148 1158 3209 de
1174 3153 1334 3225 systemate
1347 3147 1401 3211 so-

796 3230 1002 3306 cinianornm,
1020 3239 1082 3291 tum
1100 3231 1137 3292 de
1153 3237 1311 3310 systemate
1323 3232 1400 3293 Pro·

795 3316 979 3390 testulutum,
998 3313 1054 3376 solt
1070 3331 1128 3395 qno
1148 3313 1274 3376 nornine
1289 3312 1399 3375 Lnthe·

794 3399 860 3460 runi
883 3408 912 3461 et
939 3397 1111 3462 (lattiniani
1127 3397 1320 3479 potissimum
1347 3417 1398 3460 re·

795 3483 893 3560 uiant,
918 3484 1109 3546 asserendum
1127 3492 1182 3544 est.

836 3565 1104 3648 Necd'Sgstenaata
1120 3567 1193 3628 haec
1207 3564 1398 3628 hcatlrolico-

794 3667 861 3712 rum
879 3653 939 3713 iana
956 3652 1030 3713 satis
1054 3669 1205 3732 superque
1230 3650 1401 3712 refutantur

796 3753 848 3816 per
861 3743 1036 3816 argttmenta
1051 3754 1104 3816 pro
1118 3742 1278 3816 systemate
1296 3736 1401 3796 catho-

795 3821 854 3881 lico
870 3821 972 3884 alluta.
998 3817 1057 3881 Sed
1082 3837 1117 3881 ex
1140 3819 1260 3882 illorum
1286 3827 1400 3881 attenta

795 3904 1033 3967 consideratione
1047 3912 1077 3966 et
1094 3901 1275 3965 relutatione
1289 3905 1399 3965 clarius
1452 3915 1453 3967 t

796 3988 932 4070 patescit.
949 3989 1068 4049 unicum
1090 3995 1217 4068 systema
1231 3985 1401 4049 Catholica-

795 4091 860 4133 rnnt
879 4090 934 4134 ceu
953 4091 1054 4133 verum
1073 4080 1104 4134 et
1124 4071 1290 4150 legitimum
1310 4089 1400 4132 accc·

153 4153 256 4215 noxias
274 4155 381 4232 luisse,
410 4156 528 4235 egregie
546 4154 677 4216 ostendit
698 4156 755 4216 do·
788 4157 1035 4237 ptandnnr-esse.
1048 4189 1092 4203 --

185 4279 214 4334 lt)
230 4282 255 4325 ln
272 4263 436 4332 celeberrimo¹
445 4297 517 4345 opere
536 4285 566 4331 de
584 4285 755 4334 rurlutlontbus
826 4281 859 4341 th)
869 4287 902 4333 cl.
914 4289 978 4334 h'rtnt
997 4287 1011 4331 t.
1023 4287 1060 4346 ill,
1073 4283 1148 4346 ΜΠ
1158 4285 1205 4334 etc.
1215 4260 1271 4332 llice
1284 4283 1329 4344 tt,
1340 4283 1397 4344 pil,

153 4335 207 4381 [cal
230 4343 325 4395 protest.

796 4357 848 4398 curi.
864 4347 899 4392 tv.
915 4348 1013 4402 Anhang
1028 4347 1045 4393 l.
