2934 4736
432 179 505 227 runs
520 163 555 228 n'.
574 169 676 222 suerro
692 175 724 220 ιι.
741 171 836 222 canor
850 171 881 218 r.
1178 157 1240 220 285

70 253 182 336 proxime
190 254 285 318 lutura
294 255 455 320 coniicerm
467 258 535 322 ideo
545 259 577 323 S.
589 259 646 339 Cg-
685 257 800 338 Religio
818 257 962 322 naturalis
977 257 1075 340 quoad
1094 273 1212 320 summa
1225 255 1283 316 'ca-

68 341 220 420 priomude
235 333 429 404 daemonibus
441 342 494 404 ait:
511 362 527 403 ι
543 341 580 406 lli
594 361 644 404 er·
686 343 747 424 pita
766 363 840 424 pom
858 343 1002 417 traditur,
1022 341 1162 422 illiusque
1181 349 1285 401 auctor

70 441 99 500 go
113 423 222 504 spiritus
236 423 291 488 sub
312 425 418 488 statuis
433 435 522 506 atque
537 425 645 506 imagi·
685 428 745 490 reri
769 427 901 488 nominis
918 425 1113 507 pbilosopbus
1139 423 1285 488 dicendus

72 505 142 568 nibus
157 507 342 585 delitescunt,
358 508 389 570 bi
409 509 508 574 afflatu
527 529 581 572 suo
598 529 646 572 va·
685 518 742 586 est,
759 511 828 574 licet
842 509 1136 572 animadvertendum
1151 507 1202 584 sit,
1224 527 1285 570 non

71 597 118 651 ton
132 599 248 672 pectora
263 591 422 672 iuspirant,
444 595 564 656 oracula
579 595 645 656 elli-
685 594 806 670 omnia,
826 612 902 676 quaa
921 601 1001 655 recte
1023 592 1174 674 proposita
1195 599 1283 668 sunt,

70 673 135 734 ciunt
149 675 287 755 etc.(l).u
303 675 410 739 Libros
425 677 578 758 sybillinos
589 677 647 740 llo·
686 679 741 740 soli
766 679 875 740 rationi
893 677 1101 748 adscribenda,
1116 674 1167 737 sed
1186 675 1290 754 potius

70 774 121 820 uae
136 765 305 836 asservatos,
319 769 348 822 et
362 759 394 822 iu
409 779 516 840 magno
534 762 646 824 honore
686 781 721 824 ox
737 763 918 824 revelatione
941 760 1120 824 Patriarobis
1131 759 1221 834 lacta,
1234 775 1286 838 per

70 841 166 904 habitos
182 862 246 906 esse
263 851 392 922 constat,
408 845 460 908 sed
479 845 510 908 in
524 846 646 908 illisue·
685 846 829 909 Noemum
847 857 1020 928 propagata,
1033 853 1063 907 et
1079 842 1196 906 lidelius
1212 859 1287 903 oon·

70 925 153 988 tioioia
174 944 243 990 uera
261 937 401 990 contenta
419 928 529 1006 luisse,
552 929 648 992 critiri
686 939 802 992 servata
820 929 982 992 derivanda
998 947 1074 990 esse.
1090 961 1132 974 -
1143 926 1223 988 lolem
1237 925 1286 987 di·

70 1017 108 1070 sat
122 1011 204 1074 solide
221 1021 343 1090 negant.
363 1011 486 1075 Etiamsi
503 1033 574 1076 roro
592 1013 647 1076 ad·
687 1015 814 1076 cendum
834 1022 878 1076 est
893 1014 931 1076 de
943 1013 1038 1089 ludu,
1053 1012 1107 1093 qui
1125 1010 1286 1091 aliquando

71 1091 215 1156 mitteretur
237 1095 403 1158 carminum
423 1096 645 1177 sibyllinorum,
686 1106 797 1160 rectam
818 1097 854 1160 de
879 1096 941 1159 Deo
969 1097 1120 1158 notionem
1148 1094 1287 1157 babuisse

71 1194 132 1258 quae
155 1180 241 1241 modo
271 1187 392 1256 extant,
411 1181 647 1258 authenticitas,
689 1182 842 1257 dicuntur,
861 1199 949 1262 quern
968 1181 1023 1243 snb
1043 1180 1164 1242 nomine
1178 1177 1288 1240 Parab-

69 1277 140 1342 quarn
156 1263 292 1324 nonnulli
310 1263 437 1344 probare
460 1273 576 1327 tentant
586 1266 648 1346 (d),
689 1266 813 1328 rabmae
824 1284 878 1327 ceu
889 1284 943 1329 ens
954 1284 971 1326 a
983 1283 1015 1326 se
1028 1264 1208 1338 absolutum,
1219 1281 1288 1323 san-

70 1361 111 1424 per
125 1346 170 1407 illa
188 1367 248 1408 non
268 1365 383 1428 pagana
408 1349 460 1412 sed
487 1349 650 1415 christiana
689 1359 782 1424 otum,
799 1358 965 1425 aeternum,
980 1347 1167 1410 immutabile
1183 1346 1287 1407 colue-

70 1428 154 1507 religio
173 1431 377 1494 confirmatur.
393 1430 464 1494 ldeo
479 1433 607 1496 libenter
620 1443 650 1495 et
689 1443 770 1495 runt.
791 1431 848 1495 Sed
867 1451 935 1494 mor
963 1451 979 1493 a
998 1440 1079 1494 recto
1101 1432 1159 1494 isto
1176 1448 1288 1492 conce-

69 1527 122 1572 cum
139 1514 222 1576 laude
241 1515 413 1594 sibyllarum
435 1519 554 1580 oracula
571 1518 648 1580 cita·
689 1526 741 1598 plu
759 1518 944 1593 deiecerunt,
964 1515 1106 1596 proidea
1130 1513 1289 1576 creationis

69 1605 124 1657 runt
138 1598 271 1660 nonnulli
285 1595 337 1662 SS.
351 1597 465 1677 Patres,
483 1619 511 1664 e.
530 1620 560 1679 g.
580 1599 649 1663 Ori·
689 1601 894 1668 emanationes
906 1599 1291 1662 ersubstantiadivinasta·

68 1695 141 1754 genes
153 1682 211 1761 (3),
230 1681 368 1746 Clemens
384 1684 467 1746 allen.
490 1684 549 1766 (l),
575 1683 649 1748 Ter-
690 1694 822 1761 luerunt,
839 1684 900 1747 lieo
915 1701 1054 1764 supremo
1073 1693 1135 1745 turn
1152 1701 1288 1759 uxorem,

68 1763 191 1828 tullianus
206 1767 268 1848 (5),
287 1766 469 1848 Augustinus
480 1770 540 1849 (d).
689 1779 751 1832 turn
781 1769 857 1831 Deos
889 1767 1045 1830 inferiores
1074 1767 1287 1843 adiunxerant,

107 1849 243 1912 Noto..ln
262 1851 362 1912 odium
382 1849 545 1930 Religionis
567 1852 649 1915 cbri—
691 1851 956 1934 metempsychosin
969 1851 1065 1914 etalia
1077 1851 1224 1926 sabuloso,
1236 1850 1290 1912 ab·

65 1929 161 1994 stiauae
175 1933 338 1996 Voltairius
350 1937 651 2000 manirneextulitre·
690 1937 780 1999 surda
792 1946 821 1999 et
840 1935 1221 1998 obscoenadoouerunt.--·
1231 1934 1292 2006 An·

66 2012 187 2094 ligionem
217 2019 402 2084 sinensium.
433 2017 492 2082 Sed
517 2021 551 2085 in
578 2019 650 2084 Sina
690 2021 789 2103 liquos
813 2022 921 2084 Portos
948 2019 980 2082 in
1009 2017 1161 2082 montibus
1183 2018 1238 2080 soli
1260 2026 1291 2079 et
1362 2033 1364 2038 ·

67 2114 176 2162 crassam
189 2102 441 2176 derebusdivinis
452 2105 649 2182 ignorantiam
691 2106 779 2167 lunae
807 2105 1011 2180 sacriticasse,
1040 2103 1141 2181 ignem
1171 2119 1291 2164 sacrum

67 2179 188 2264 inueniri,
208 2187 339 2248 maxima
356 2206 391 2250 en
410 2197 493 2269 parte
507 2189 649 2270 polytbei·
690 2191 818 2251 coluisse
834 2197 863 2251 et
880 2189 1027 2250 dualismo
1051 2187 1234 2263 adhaesisse,
1252 2205 1291 2248 ex

67 2281 146 2328 smum
165 2279 195 2332 et
212 2270 412 2334 idololatriam
428 2273 538 2350 rigere,
558 2293 651 2355 expo·
691 2273 839 2335 llerodoto
865 2281 895 2334 et
926 2271 1145 2352 Xenophonte,
1165 2271 1293 2351 aliisque

68 2349 189 2414 sitionem
213 2365 245 2418 et
269 2355 388 2418 eaedem
412 2355 570 2418 inlaotium
596 2358 652 2420 ad·
691 2357 885 2438 scriptoribus
897 2364 1024 2418 constat.
1039 2354 1194 2416 Zoroaster
1208 2355 1293 2435 eqni·

67 2433 145 2512 mitti,
165 2439 301 2519 aliosque
320 2439 509 2516 grauissimas
536 2441 652 2503 inordi-
692 2442 778 2517 dem,
797 2441 1018 2521 Philosophus,
1037 2440 1185 2501 nonnulla
1200 2438 1293 2501 'boua

66 2518 185 2609 potiones
203 2522 351 2604 conspici,
368 2524 453 2586 multi
468 2524 540 2602 iam,
558 2526 650 2607 quiin
691 2525 871 2587 documenta
897 2525 1028 2600 tradidit,
1056 2523 1165 2604 quibus
1192 2530 1293 2584 tamen

65 2599 115 2662 rllis
141 2606 314 2685 regionibus
342 2607 474 2685 luerunt,
496 2610 652 2672 contestati
694 2609 788 2670 multo
807 2609 882 2670 falsa
897 2607 1042 2686 adiunxit,
1059 2608 1129 2668 dum
1142 2607 1200 2668 duo
1212 2625 1294 2667 sum·

67 2694 132 2748 sunt.
158 2689 312 2754 bleliorem
333 2691 486 2770 religionis
514 2693 650 2758 notitiam
694 2711 742 2754 ma
761 2692 908 2772 principia
923 2691 1036 2768 docuit,
1052 2691 1216 2752 doctrinam
1231 2707 1295 2748 mo·

66 2765 171 2851 babent,
187 2775 242 2855 qui
259 2776 365 2837 librum
378 2773 589 2855 Sedu-Kiuget
601 2777 653 2838 do·
692 2777 784 2838 ralem
806 2777 935 2837 inanima
960 2795 996 2836 ex
1015 2785 1098 2856 parte
1118 2773 1246 2851 neglexit
1262 2779 1294 2832 et

67 2854 175 2945 ctrinnm
190 2859 327 2922 Gorrlucii
346 2869 523 2942 sequuntur.
540 2859 597 2924 Sed
616 2862 652 2923 de
693 2877 826 2922 amorem
855 2860 893 2922 ad
915 2860 995 2920 solos
1014 2859 1149 2921 concives
1167 2855 1293 2917 restrin-

67 2936 108 2997 rllo
116 2940 187 3004 libro
196 2943 378 3005 dissentiunt
388 2945 508 3008 eruditi.
521 2943 654 3008 luxtaDe
693 2945 736 3005 nit
748 2953 806 3006 etc.
820 2941 1019 3015 Quamobrem
1032 2940 1151 3004 riorrnisi
1162 2959 1195 3000 cx
1208 2957 1296 3020 prae-

69 3019 185 3104 Gotones
204 3027 281 3088 liber
298 3027 348 3090 ille
363 3029 604 3109 polptbeismurn,
623 3039 654 3092 et
694 3027 814 3090 iudiciis
832 3036 862 3090 et
880 3026 1070 3108 passionibus
1101 3024 1165 3085 steri
1186 3022 1293 3104 potuit,

69 3108 655 3188 multaaliaabsurdaetlalsatrao'it,et
695 3121 727 3173 ut
750 3112 911 3190 religiones
936 3112 1011 3172 istae
1042 3126 1110 3170 oum
1141 3106 1295 3184 Religione

67 3185 124 3252 licet
140 3195 236 3257 officia
256 3214 323 3274 erga
341 3206 489 3276 parentes,
505 3197 654 3278 principes
694 3195 857 3257 christiana
884 3200 1111 3274 comparantur,
1133 3193 1177 3254 rel
1204 3193 1295 3254 etium

66 3281 90 3333 et
105 3279 241 3358 aequales
254 3289 342 3359 reete
363 3280 562 3356 determinet,
578 3283 653 3343 nilril
696 3279 764 3342 buic
782 3279 989 3360 praeferantur
1005 3277 1065 3358 (l).
1169 3310 1171 3318 ·

67 3362 152 3422 tamen
167 3364 203 3425 tie
216 3363 277 3425 lieo
292 3375 530 3442 remuneratore,
547 3365 584 3427 de
598 3366 654 3428 fine

66 3437 181 3508 lucrinis
198 3447 304 3508 ultimo
316 3449 394 3510 etde
406 3441 463 3510 vita
476 3450 574 3511 lutura
588 3468 656 3530 pro·
873 3446 1045 3494 AWJWS
1058 3446 1089 3494 Π·

66 3528 148 3604 ponit.
164 3564 207 3575 ——
225 3530 309 3594 quta
337 3533 520 3600 Mantiniam
538 3552 606 3596 vero
625 3542 655 3595 et
812 3533 974 3584 uerooorsmo
989 3534 1042 3592 post
1057 3532 1181 3580 coruum.

65 3609 105 3671 llo
119 3613 261 3678 lloldiom
277 3615 308 3676 in
328 3617 378 3678 illo
389 3616 525 3678 doctrina
543 3617 580 3682 u'e
594 3617 655 3680 Deo
930 3607 960 3676 S·
987 3615 1062 3662 ¹⁰²·

66 3709 133 3771 uuo,
159 3697 196 3760 de
222 3700 372 3762 attributis
391 3700 522 3777 divinis,
547 3701 583 3762 de
602 3701 655 3763 uei
738 3700 923 3780 Religionem
943 3702 1117 3780 mosaicam,
1137 3717 1226 3783 quam
1245 3697 1298 3759 lu·

67 3781 251 3859 providentia,
264 3783 300 3844 de
319 3786 424 3846 timore
444 3794 474 3846 et
489 3802 591 3846 arnore
603 3785 656 3848 boi
696 3787 762 3848 daei
782 3787 944 3863 colebant,
967 3787 1111 3848 divinitus
1139 3785 1297 3846 revolutam

66 3871 134 3924 reete
150 3867 303 3943 statuitur,
321 3876 352 3930 et
370 3869 499 3947 genuina
514 3886 568 3950 pro
588 3889 656 3930 mo·
697 3889 786 3947 esse,
809 3879 855 3932 sat
872 3871 976 3932 solidis
997 3869 1295 3948 argumentistcap.

66 3945 179 4011 rulitatis
199 3950 303 4014 nffi53is
322 3955 431 4015 motiva
453 3953 653 4031 assignantur.
697 3954 737 4036 ll)
755 3954 912 4037 probatum
931 3964 986 4018 est.
1006 3954 1189 4032 Religionem
1210 3966 1295 4025 uero,

67 4022 165 4096 Quodsi
190 4034 232 4096 ita
261 4044 327 4114 est,
356 4035 387 4098 in
407 4037 557 4118 praedicto
580 4036 656 4106 libro
728 4075 757 4135 (⁰,
770 4077 804 4122 Μ
818 4077 867 4124 0„
883 4068 926 4124 „gl
941 4079 957 4124 Ι,
970 4077 1010 4136 m,
1022 4088 1044 4122 o.
1056 4074 1094 4120 25·
1114 4071 1148 4120 0„
1171 4071 1234 4118 pp„
1250 4071 1267 4117 Ι,
1283 4082 1297 4116 o

93 4126 120 4182 lb
132 4131 162 4177 ne
178 4133 233 4178 root.
250 4135 321 4198 ιιιιι.
697 4135 717 4198 g.
732 4136 828 4181 «ιι-ιιι.
1309 4169 1311 4174 .

92 4185 118 4242 lu
134 4191 156 4232 v.
172 4192 246 4238 uam
261 4193 341 4252 mgm.
353 4192 376 4239 ι.
389 4193 429 4239 uo.
445 4194 468 4237 ι.
481 4193 541 4240 ιιι.
551 4193 572 4238 a.
582 4193 657 4254 epist.
730 4195 759 4254 pr
773 4195 806 4242 cr.
817 4197 841 4241 r.
853 4196 950 4241 zammer
959 4195 1010 4239 mr.
1023 4191 1070 4238 nor.
1081 4190 1131 4236 car.
1145 4190 1161 4235 ι.
1173 4189 1189 4248 ι,
1200 4186 1220 4248 p.
1233 4189 1299 4234 so-

65 4239 175 4297 mme„
388 4253 418 4310 rs,
433 4253 457 4300 o.
473 4254 495 4312 s,
510 4265 531 4298 c.
541 4254 598 4299 coe.
699 4251 711 4314 ι
735 4256 772 4301 oo.
788 4255 902 4313 uonna„
925 4257 939 4300 t
956 4253 996 4310 ru,
1017 4251 1038 4310 a.
1058 4249 1109 4294 ιιι.
1122 4250 1297 4296 suuooomao

90 4303 118 4362 lb
134 4312 215 4355 suou-
233 4312 253 4370 l,
268 4311 290 4358 l.
381 4311 412 4369 [dt
422 4311 448 4376 J,
464 4345 494 4375 „g
509 4339 563 4379 mu,
578 4339 600 4371 p,
616 4310 638 4370 2,
672 4323 677 4368 ι
693 4331 816 4374 Quom.
834 4317 850 4362 t.
867 4316 881 4368 t,
891 4325 914 4372 p.
930 4314 947 4370 l,
958 4311 979 4370 ἓ.
994 4312 1038 4357 ιιι
1050 4311 1095 4354 eto.
