2934 4736
186 144 250 206 nat
584 145 769 208 rrreouoonts
792 159 955 206 ernsnnnu

171 239 216 303 i.
238 239 276 302 Et
301 236 419 321 quidem
437 239 470 302 in
495 239 599 324 primis
627 242 744 303 nullum
787 249 896 302 tratum
910 240 1026 319 luisset,
1040 240 1071 303 id
1083 239 1205 304 nonnisi
1213 241 1396 308 virtuticlae-

145 342 199 406 pro
216 323 391 388 Geutitismo
405 325 525 404 allegari
544 324 744 407 potestmira-
786 325 941 387 moniacae
957 326 1187 388 adscribendum
1202 327 1290 405 soret,
1309 347 1346 390 ac
1359 329 1395 390 il-

144 410 259 484 culum,
279 409 365 470 cuius
380 409 489 470 ueritas
508 408 661 487 historica,
679 409 745 490 phi·
785 409 1394 491 lornmreligionemrationiprorsuscon·

144 492 569 573 loseplricaetrelatiracertis
586 509 745 572 argumen·
785 492 905 555 traciam
933 511 1087 576 nunquam
1112 497 1289 558 confirmare
1318 515 1392 578 pos·
1450 539 1451 546 .

143 577 182 638 tis
204 576 327 656 probata
357 577 407 640 sit.
435 575 575 640 Nonnulli
604 577 742 658 equidem
783 578 903 658 set(i).

142 661 326 740 legislatores
345 679 373 722 e.
394 679 422 740 g.
447 660 541 722 hiinos
559 660 674 735 Cretae,
689 660 744 723 Za·
823 660 856 722 2.
871 661 989 723 Nullum
1015 679 1135 744 quoque
1147 659 1324 725 vaticinium
1338 681 1393 745 pro

141 745 245 807 leucus
262 742 398 826 Spartae,
415 744 511 806 Numa
529 745 641 806 Romae
658 762 743 806 com·
783 741 960 806 Gentilismo
978 745 1077 808 afferri
1097 754 1204 826 potest,
1228 746 1318 808 cuins
1337 765 1392 810 ve·

143 828 287 890 mercium
307 847 375 890 cum
395 829 518 890 numine
535 829 635 890 divino
650 828 745 891 iacta·
783 827 857 890 ritas
874 827 1016 890 historica
1035 847 1070 891 ac
1090 829 1297 911 philosophica
1309 839 1341 893 et
1356 850 1392 894 e·

142 912 225 989 bant,
242 913 322 994 quod
340 920 439 974 autem
456 914 555 974 nullus
574 929 678 974 eorum
697 913 741 974 si·-
783 920 887 974 ventus
898 913 1095 996 respondeus,
1112 919 1325 976 etneruscum
1340 933 1392 978 re·

141 997 207 1075 gnis
229 997 408 1058 authenticis
427 996 573 1077 probarit.
593 995 741 1060 —nttra-
782 995 893 1074 ligioue
912 997 1000 1078 plene
1021 997 1144 1078 liqueat.
1175 996 1276 1076 Viguit
1298 998 1392 1080 eqni·

142 1083 209 1143 cula
226 1079 522 1162 hpolloniiTianaei,
536 1079 639 1142 iamin
653 1081 741 1143 seri·
781 1080 848 1142 dem
874 1081 953 1162 apud
972 1097 1077 1143 omnes
1095 1082 1157 1143 lere
1178 1089 1282 1161 gentes
1307 1081 1390 1144 divi·
1450 1091 1451 1126 ἒ

142 1163 553 1241 dicnlaetabsurda,coaevis
566 1163 743 1244 ignotesue-
782 1165 876 1241 natio,
896 1175 926 1227 et
944 1164 1178 1228 celebratissima
1194 1164 1333 1245 pluribus
1359 1165 1392 1228 iu
1450 1183 1451 1228 3

141 1257 224 1326 runt,
242 1257 272 1312 et
290 1248 410 1310 nonnisi
432 1265 450 1310 a
466 1247 668 1325 Philostrato,
688 1249 741 1330 qui
782 1247 855 1309 locis
866 1249 950 1310 inere
963 1250 1093 1328 oracula,
1104 1267 1181 1332 quae
1192 1251 1290 1312 iutura
1302 1269 1394 1332 prae·

141 1335 298 1415 plusquam
317 1340 435 1396 centum
455 1331 542 1394 annis
565 1340 632 1413 post
648 1333 740 1414 Apol·
783 1332 882 1396 dicere
900 1333 1065 1396 tentabant.
1086 1367 1129 1380 -
1146 1331 1203 1396 Sed
1228 1351 1305 1414 quae
1329 1331 1391 1397 ista

140 1419 254 1480 lonium
273 1417 360 1494 viril,
381 1416 549 1497 conscripta
567 1425 647 1480 sunl:
670 1417 742 1480 citat
781 1416 988 1498 proferebant,
1005 1433 1142 1479 verarum
1162 1418 1390 1499 prophetiarum
1450 1469 1451 1496 ζ

140 1503 190 1563 ille
208 1501 328 1584 quidem
348 1501 503 1564 cuiusdam
522 1500 675 1578 Damidis,
698 1501 740 1562 h·
782 1501 904 1563 nomine
926 1500 1062 1580 insigniri
1080 1521 1140 1564 non
1163 1511 1300 1583 possunt.
1313 1500 1391 1564 Nam
1450 1515 1451 1578 j

141 1586 265 1667 pollonii
280 1585 418 1665 discipuli
429 1603 515 1666 opus,
529 1582 566 1647 aie
581 1585 666 1647 ouius
685 1603 742 1646 au·
782 1584 888 1661 multa,
909 1599 985 1666 quae
1004 1585 1154 1666 praedicta
1178 1585 1274 1662 suere,
1292 1593 1387 1648 natu·

141 1680 199 1730 tem
216 1667 740 1744 authentiamerito'dubitatur,cnm
782 1669 837 1730 rali
856 1669 1015 1748 sagacitate
1042 1669 1206 1751 praevideri
1230 1678 1389 1750 poterant,

140 1754 290 1834 prioribus
311 1753 494 1834 temporibus
516 1754 635 1834 penitus
654 1753 741 1831 igno·
783 1761 812 1814 et
824 1753 860 1814 de
876 1760 975 1814 cetero
990 1753 1179 1816 oraculorum
1197 1771 1345 1834 responsa
1360 1773 1392 1816 e-
1450 1757 1451 1782 ¹

141 1847 204 1900 tum
220 1838 320 1900 luerit:
334 1837 496 1913 Lucienus,
510 1837 620 1898 saeculi
636 1855 749 1900 secum·
782 1845 849 1899 rant
868 1837 994 1900 obscura
1012 1837 1173 1899 admodum
1196 1846 1224 1900 et
1242 1837 1391 1920 aequiro·

141 1922 170 1984 di
192 1923 328 2004 scriptor,
349 1922 385 1984 de
408 1920 565 2002 Apollonio
587 1921 740 2002 loquitur,
776 1924 830 1998 ca,
843 1931 886 1998 ut,
901 1921 981 2003 quod
993 1921 1063 1984 inde
1081 1921 1279 2000 colligendum
1296 1931 1389 1999 esset,
1450 1913 1451 1990 l

82 2025 85 2032 ·
141 2005 193 2071 sed
216 2007 253 2068 tle
284 2006 417 2068 eiusdem
450 2005 601 2066 miraculis
630 2006 742 2066 nullam
783 2007 961 2086 plerumque
980 2005 1182 2084 ignoraretur.
1200 2005 1268 2086 Ipse
1285 2007 1392 2069 Larcio·
1450 2011 1451 2086 l

141 2091 323 2152 mentionem
347 2087 742 2169 iacit.-—Vespasianusin
783 2107 840 2152 atta
858 2090 1038 2171 Apollinem,
1059 2089 1303 2172 perspicuitatem
1320 2091 1390 2151 lau·

141 2174 283 2256 Aegypto,
297 2175 459 2236 mandante
470 2173 530 2235 Deo
543 2170 697 2254 Serapide,
714 2181 743 2234 et
784 2174 924 2250 dantem,
950 2173 1164 2254 reprehendit,
1180 2174 1259 2254 quod
1278 2174 1309 2234 in
1338 2192 1390 2236 re·
1450 2177 1451 2250 l

141 2277 261 2320 caecum
281 2267 311 2320 et
328 2257 465 2320 claudum
489 2275 608 2319 curasse
634 2255 744 2318 dicitur
784 2258 900 2339 sponsis
915 2257 978 2318 suis
995 2264 1054 2318 tam
1075 2257 1200 2319 obscure
1220 2258 1388 2339 loquatur,

140 2341 278 2404 aVacito
298 2351 328 2406 at
347 2341 501 2404 Suetonio.
522 2340 579 2403 Sed
611 2337 743 2404 celebres
783 2351 817 2402 ut
835 2341 870 2402 ad
899 2341 949 2402 illa
969 2331 1162 2420 intelligerida
1187 2360 1262 2403 nono
1289 2341 1389 2404 inter·

140 2426 188 2488 isti
208 2427 341 2488 historici
360 2427 479 2504 alacto,
493 2424 571 2507 quod
588 2415 741 2486 examina·
785 2434 868 2506 prete
887 2444 963 2506 opus
977 2425 1016 2488 sil
1032 2425 1091 2507 (S).
1112 2424 1199 2500 Teste
1213 2427 1343 2490 Eusebio
1362 2426 1390 2486 i·
1450 2431 1451 2498 ᾗ

139 2529 173 2573 re
195 2510 296 2572 debito
311 2510 399 2572 modo
419 2529 477 2572 non
492 2517 640 2592 poterant,
654 2511 743 2588 longe
784 2530 828 2590 psr
856 2509 968 2572 ethnici
987 2509 1018 2570 iu
1037 2509 1166 2572 oraculis
1183 2509 1286 2571 omnia
1304 2510 1389 2571 lrau-
1450 2501 1451 2572 l

140 2595 251 2672 dissiti,
279 2595 353 2656 falso
376 2613 498 2656 rumora
515 2594 630 2674 decepti
660 2602 741 2654 sunt.
784 2591 872 2655 ilibus
886 2592 1004 2655 tractari
1014 2611 1047 2655 ac
1061 2593 1161 2674 peragi
1170 2593 1240 2654 lassi
1253 2594 1395 2674 sunl(3)..

139 2676 306 2742 Euhenum
337 2679 509 2740 narratione
533 2678 631 2754 euim,
651 2685 681 2739 et
709 2695 745 2738 ex
787 2679 930 2758 Origenes
942 2677 990 2758 (d)
1008 2677 1060 2738 ait:
1081 2677 1153 2740 aida
1166 2677 1316 2758 (oracula)
1330 2695 1389 2739 uon

142 2763 291 2825 adiunctis
309 2764 397 2825 facile
414 2761 573 2824 coniicitur
590 2761 669 2836 illos,
691 2759 743 2841 qui
785 2763 912 2823 credunt
939 2761 1028 2823 etiam
1057 2779 1232 2840 graecorum
1252 2761 1388 2842 philoso·

139 2844 355 2928 Vespasianum
376 2847 587 2928 imperatorem
605 2844 671 2906 lieri
690 2863 743 2905 cx·
786 2846 912 2928 phorum
937 2853 1048 2922 seclae,
1068 2845 1245 2926 praesertim
1263 2845 1318 2928 qui
1340 2864 1390 2908 se·

142 2933 296 3012 optalnant,
316 2932 449 3000 fraudem
472 2931 513 2991 ita
541 2928 743 3010 compegisse,
786 2937 919 3011 quantur
932 2929 1147 3001 Democritum,
1160 2928 1340 3010 Epicurum,
1353 2930 1390 2991 h·
1450 2931 1451 2972 l

141 3016 421 3096 utpcrsimulatnm
438 3013 621 3076 morhumet
640 3029 744 3074 emen·
786 3010 1389 3095 ristotelemmQuodsiperoraculaquid
1450 3027 1451 3074 ἐ

141 3099 226 3162 titam
245 3100 447 3175 curationem,
466 3097 654 3178 aegyptiacae
674 3094 745 3164 Dei·
786 3098 972 3180 praedictum
984 3097 1389 3178 luil,quodnaturaliterco·

140 3184 211 3245 tatis
228 3184 310 3246 iussu
334 3184 465 3258 iactam,
488 3180 664 3264 Vespasiani
690 3199 745 3243 au·
786 3181 888 3260 gnosci
911 3199 971 3242 non
990 3189 1117 3262 poterat,
1137 3181 1164 3243 id
1190 3181 1391 3258 malignorum

142 3268 264 3329 ctoritas
275 3267 305 3327 in
318 3266 447 3348 Aegypto
466 3267 646 3328 firmaretur.
661 3263 746 3326 Idem
788 3265 945 3347 spirituum
955 3265 1079 3326 inilnrui
1091 3264 1386 3340 adscribendumest‚

142 3350 301 3413 dicendum
322 3361 366 3412 est
386 3353 422 3412 de
442 3349 592 3412 miraculis
604 3347 747 3411 Hadriani
789 3368 876 3431 quem
897 3347 927 3410 S.
943 3347 1095 3430 Scriptura
1108 3349 1155 3429 (5)
1174 3347 1252 3410 haud
1265 3349 1391 3410 obscure

141 3435 218 3514 imp.
240 3453 317 3515 quae
332 3434 433 3496 Aelius
446 3431 620 3516 Spartianus
634 3440 747 3511 narrat,
789 3433 937 3514 indigitat.
955 3431 1038 3494 Licet
1052 3433 1131 3494 enim
1151 3432 1316 3494 daemones
1332 3430 1392 3494 reri

142 3519 194 3580 sed
210 3518 240 3578 in
254 3520 313 3580 stne
328 3518 441 3595 adiicit,
456 3537 472 3578 r
486 3515 622 3599 quamuis
639 3516 749 3579 ilarius
791 3517 921 3580 neminis
937 3517 1111 3598 prophetias
1122 3516 1209 3579 edere
1225 3525 1390 3597 nequeant,

146 3600 294 3664 Maximus
309 3601 382 3663 haec
401 3621 455 3684 per
469 3600 689 3664 simulationem
702 3601 749 3662 ie·
791 3609 915 3684 possunt
934 3611 1045 3678 tannen,
1065 3609 1098 3663 ut
1117 3597 1263 3663 aiuntSS.
1274 3599 1391 3676 Patres,

143 3695 191 3748 cta
208 3694 435 3749 commemoret.
454 3705 470 3747 n
493 3715 536 3757 ε-
550 3683 598 3747 Sic
613 3687 673 3750 iam
692 3685 751 3747 du·
792 3686 963 3768 praedicere
975 3685 1064 3760 mala,
1078 3702 1204 3766 quorum
1217 3684 1313 3746 futuri
1324 3691 1394 3746 sunt

145 3770 218 3832 dum
241 3790 258 3833 e
276 3769 386 3832 criticis
400 3780 433 3832 ut
454 3770 527 3832 salsa
546 3778 575 3832 et
592 3769 696 3832 fictitia
715 3787 752 3830 o·
792 3780 950 3846 auctores,
972 3779 1097 3850 possunt
1125 3787 1182 3845 ea,
1205 3785 1284 3849 quae
1304 3767 1391 3831 modo

143 3863 249 3918 stenen
272 3862 352 3932 sunt,
374 3871 450 3935 quae
468 3854 505 3916 dc
523 3853 675 3916 miraculis
693 3851 751 3933 Py·
792 3855 878 3930 liunt,
893 3854 925 3915 in
940 3853 999 3915 alia
1014 3853 1136 3932 regione
1152 3860 1268 3914 remota
1286 3851 1390 3913 eodem
1450 3919 1451 3922 Ἴ

143 3939 304 4019 thagorae,
323 3939 452 4021 Apulei,
473 3938 654 4020 Aesculapii,
671 3937 753 3999 etde
792 3939 853 4000 iere
866 3936 1393 4019 temporemanifestare,possuntex
1450 3969 1451 3976 .

143 4027 237 4100 genio
255 4022 386 4086 Socratis
414 4024 588 4086 circumlata
616 4023 751 4083 suerunt.
793 4021 1000 4104 praesentibus
1011 4021 1233 4100 suasagacitatc
1245 4019 1393 4101 quaedam
1450 4031 1451 4110 ,

143 4105 284 4188 Denique
297 4108 321 4170 si
335 4108 405 4189 quid
417 4108 483 4168 miri
497 4106 534 4168 ab
549 4104 684 4168 Ethnicie
695 4121 751 4185 pa·
769 4039 772 4156 Ι
821 4178 853 4234 m
865 4177 890 4224 tn
902 4178 955 4224 roae
967 4176 1063 4224 arenoso
1085 4143 1137 4222 m

129 4211 131 4216 Ι
174 4234 204 4296 V)
220 4235 248 4280 cl
272 4237 341 4283 Wleat
363 4241 379 4285 t.
395 4239 424 4299 11,
440 4237 460 4299 ἓ.
476 4237 752 4295 trocnadensium
823 4236 853 4296 (5)
871 4235 1143 4296 trecassinae.

147 4311 162 4356 1.
175 4307 196 4340 c.
212 4293 232 4353 fl.
248 4295 353 4343 tta-tm.
822 4298 855 4356 tt)
868 4299 892 4342 C.
904 4295 961 4341 Cela.
977 4295 992 4342 l.
1003 4295 1026 4341 8.
1145 4293 1176 4352 lh)
1187 4291 1234 4339 hcl.
1247 4289 1327 4353 ligii
1338 4291 1379 4340 tle.
