2934 4736
234 164 295 229 alf
632 183 816 236 rnconoonc
836 185 998 233 armamus

232 263 311 328 Noto
328 261 358 325 2.
379 263 421 326 Ex
439 262 526 328 dictis
541 271 632 346 patet,
650 267 738 347 quale
752 265 791 328 sit
829 276 906 329 sant.
931 266 1046 330 Idcirco
1068 265 1149 330 iuxta
1170 264 1282 344 logicas
1313 264 1439 346 regulas

192 347 353 410 discrimen
389 348 467 409 inter
496 350 724 432 inspirationem
761 358 790 412 et
829 349 1032 432 incipiendum
1051 361 1096 413 est
1114 371 1132 414 a
1150 350 1324 415 veritatibus
1343 351 1436 412 certis

191 449 348 496 canonem.
372 431 530 513 inspiratio
547 433 630 496 emat
649 442 694 495 est
711 433 789 496 ectio
828 435 988 516 inquibus
1005 434 1167 498 aduersarii
1185 434 1395 510 consentiunt,
1409 443 1436 496 et

190 517 289 578 divina
301 535 378 598 quae
389 517 550 597 scriptores
562 518 662 592 afficit,
677 535 788 598 eosque
828 519 897 582 dein
912 519 1134 600 procedendum
1153 527 1198 582 est
1220 519 1255 580 ad
1275 519 1434 596 veritates,

190 600 418 681 hagiographos,
432 619 484 664 seu
497 601 595 662 divina
611 603 787 664 auctoritate
827 603 859 664 in
888 603 997 684 quihus
1022 604 1221 678 dissentiunt,
1246 602 1431 683 probandas.

188 687 334 767 pollentes
351 685 458 746 reddit.
479 684 579 752 Canon
600 703 669 747 vero
694 685 788 747 oritur
825 685 966 758 Quamvis
988 696 1086 752 autem
1107 686 1301 750 infallibilitas
1323 685 1434 748 Eccle-

187 790 223 834 et
249 769 385 846 actione,
414 789 468 831 seu
497 769 607 831 iudicio
636 769 786 834 Ecclesiae
825 772 888 834 sine
906 771 1002 834 solide
1017 791 1053 835 ex
1064 773 1157 834 sacris
1173 771 1256 833 tibris
1268 770 1431 851 probetur,

187 876 264 937 quae
276 856 419 931 declarat,
438 854 559 936 quinam
570 852 742 934 scriptores,
756 863 786 917 et
825 854 895 918 licet
913 855 962 917 isti
977 865 1092 918 tanturn
1108 865 1141 918 ut
1155 873 1246 935 opera
1259 855 1319 916 fule
1339 853 1432 931 dignae

186 943 308 1021 quinam
322 957 425 1002 eorum
436 938 505 1001 iibri
519 947 550 998 ut
560 938 636 1002 sacri
649 946 678 1000 et
692 937 784 1002 divini
824 938 1061 1018 considerantum
1082 958 1170 1002 neruo
1187 938 1320 1015 negabit,
1339 957 1431 1014 argu-

185 1023 401 1098 babendi‘sint,
424 1032 454 1084 et
476 1022 600 1083 istorum
617 1023 783 1101 catalogum
824 1033 956 1086 mentum
976 1024 1119 1086 biblicum
1135 1024 1163 1084 in
1180 1021 1344 1085 clarissima
1360 1022 1429 1084 luce

185 1109 316 1171 estribet.
330 1107 447 1171 Certum
461 1105 604 1169 animast
622 1106 709 1169 talem
729 1125 782 1168 ca·
822 1109 940 1188 reponi,
962 1109 987 1170 si
1006 1108 1066 1170 iam
1081 1108 1204 1189 probata
1219 1106 1257 1168 sit
1269 1123 1427 1166 sacrorum

184 1194 313 1272 talogum
334 1193 364 1252 iu
380 1189 410 1253 S.
427 1190 651 1253 bibliisfrustra·
664 1191 780 1272 quaeri,
822 1191 967 1254 librorum
994 1192 1167 1273 inspiratio·
1192 1190 1317 1252 Deorum
1343 1188 1427 1250 iuxta

184 1285 213 1338 et
229 1277 455 1359 inspirationem
475 1275 573 1356 quoad
587 1293 692 1337 omnes
703 1277 780 1337 scri·
821 1295 926 1338 ornnes
941 1277 1058 1340 fumum
1073 1294 1126 1356 pro
1139 1272 1351 1337 infallibilitate
1364 1273 1427 1334 Ec-

183 1368 284 1441 ptores
302 1369 332 1423 et
353 1378 460 1422 ornnes
488 1358 581 1422 libros
607 1378 644 1421 ex
665 1361 728 1422 sota
753 1379 778 1422 s.
820 1360 929 1422 clasiae
947 1369 1155 1439 argumentum
1178 1358 1288 1440 petitur
1305 1375 1340 1419 ex
1357 1365 1427 1418 tra·

182 1441 335 1527 Scriptura
343 1443 463 1525 probari
478 1461 538 1504 non
552 1461 651 1524 posse.
668 1441 782 1515 Quam·
821 1444 953 1506 ditione:
965 1444 1017 1506 sed
1032 1444 1121 1506 etiam
1139 1444 1195 1505 hoc
1213 1450 1425 1520 argumentum

183 1529 286 1591 obrem
305 1538 337 1590 ut
354 1528 551 1590 infallibiliter
568 1545 782 1607 cognoscamus
820 1528 946 1590 validius
965 1528 1039 1605 erit,
1059 1529 1084 1590 si
1102 1528 1161 1590 iam
1185 1527 1425 1589 demonstratum

182 1621 256 1694 quot
273 1620 303 1674 et
324 1613 445 1695 quinam
465 1609 599 1693 praecise
623 1612 781 1693 scriptores
821 1613 934 1691 fuerit,
958 1631 994 1676 ex
1011 1613 1075 1695 ipsa
1098 1611 1286 1674 onliuatione
1313 1609 1424 1672 Christi

182 1715 216 1758 ac
235 1697 303 1758 iibri
322 1717 339 1758 a
356 1696 417 1758 beo
433 1697 568 1778 inspirati
585 1696 706 1773 fuerint,
723 1717 780 1760 ne·
820 1697 1011 1760 traditionem
1031 1696 1212 1759 constituere
1231 1696 1343 1757 fontem
1371 1713 1424 1755 re·

181 1799 263 1843 cesse
283 1790 340 1858 est,
360 1793 393 1843 ut
410 1781 441 1842 id
456 1781 492 1842 ab
507 1780 656 1843 infallibili
674 1781 780 1844 Eccle-
818 1782 976 1843 velationis
993 1782 1185 1844 christianae.
1205 1777 1253 1841 Sic
1266 1779 1347 1840 clare
1365 1797 1422 1859 pa-

181 1864 781 1943 siaemagisteriodeterminetur.Ideore·
820 1865 905 1943 tebit,
925 1865 1076 1929 Christum
1092 1884 1151 1926 non
1166 1882 1220 1945 per
1236 1863 1329 1924 solam
1343 1863 1423 1923 scri·

181 1949 631 2027 centioresflrcologiscenscnt,
649 1949 778 2030 primum
820 1957 949 2030 pturarn,
973 1948 1130 2012 sedetiam
1151 1966 1204 2030 per
1227 1945 1420 2008 traditionem

180 2033 331 2096 Ecclesiae
342 2034 582 2096 infallibilitatem
596 2034 778 2114 probandam
819 2033 855 2095 ad
871 2053 926 2098 nos
939 2034 1032 2116 loqui,
1046 2043 1077 2096 et
1091 2053 1151 2095 non
1170 2031 1263 2094 solam
1280 2027 1421 2110 Scriptu-

180 2134 263 2194 esse,
279 2127 312 2180 ut
330 2118 437 2180 deinde
453 2125 534 2179 certo
552 2119 777 2198 determinetur,
817 2135 895 2196 rom,
913 2119 964 2180 sed
980 2118 1139 2200 praecipue
1151 2114 1355 2194 magisterium
1369 2135 1420 2176 eo-

180 2201 301 2282 quinam
327 2202 395 2274 libri
418 2219 487 2262 vere
512 2201 653 2264 diuinitus
681 2202 778 2285 inspi-
818 2202 1017 2265 clesiasticum
1033 2221 1098 2265 esse
1111 2221 1143 2264 os
1158 2199 1266 2265 Christi
1282 2217 1338 2260 nos
1353 2217 1421 2260 eru·

179 2286 236 2347 rati
254 2287 324 2348 sint.
341 2287 377 2348 Et
391 2295 470 2347 certe
489 2287 590 2364 negari
609 2288 778 2353 nullatenus
817 2286 937 2362 diensis,
954 2286 1003 2350 oui
1016 2287 1189 2365 magnificae
1204 2283 1420 2364 promissiones

180 2379 288 2450 potest,
308 2370 550 2432 infallibilitatem
565 2371 716 2434 Ecclesiae
730 2393 779 2436 so·
817 2370 912 2432 factae
926 2379 1007 2433 siant.
1029 2369 1077 2434 Sic
1092 2370 1138 2431 via
1148 2370 1259 2449 optime
1274 2368 1420 2428 sternitur

179 2455 239 2517 lide
257 2455 378 2535 probari
401 2473 503 2535 posse,
524 2456 595 2537 quin
619 2456 657 2518 de
675 2475 778 2520 sacro·
817 2455 852 2515 ad
872 2464 1029 2518 tractatum
1047 2455 1084 2517 de
1102 2453 1251 2516 Ecclesiae
1270 2450 1419 2514 infallibi-

179 2557 244 2601 rum
258 2539 399 2600 librorum
413 2539 607 2620 inspiratione
615 2550 713 2602 actum
726 2544 776 2622 sit;
817 2539 911 2602 litate.

178 2641 248 2684 narn
266 2623 334 2684 libri
351 2623 439 2699 sacri,
453 2633 486 2686 ut
496 2623 529 2686 P.
544 2623 581 2700 ll,
595 2633 668 2688 sect.
683 2625 777 2708 ipro·

179 2706 280 2769 batum
301 2707 367 2785 fuit,
385 2716 454 2770 sunt
471 2709 606 2786 genuini,
625 2711 730 2788 integri
749 2720 779 2774 et
1052 2667 1082 2738 ς’
1106 2671 1181 2722 m‘

178 2791 235 2853 fide
250 2791 343 2870 digni,
356 2811 391 2853 ac
405 2792 472 2854 ideo
487 2793 616 2854 dubitari
639 2813 699 2856 non
713 2805 779 2876 pot·

178 2883 236 2937 test
252 2876 289 2938 de
316 2876 564 2957 promissionibus
591 2879 778 2942 assistentiae
871 2877 943 2942 Cum
973 2877 1146 2955 Revelatio,
1166 2893 1255 2956 queam
1285 2873 1417 2936 Christus

178 2959 286 3023 Christi
305 2969 334 3021 et
353 2958 480 3040 Spiritus
502 2959 620 3038 Sancti,
640 2981 715 3042 quae
730 2964 775 3026 fa·
818 2964 928 3026 mundo
944 2963 1054 3038 attulit,
1073 2981 1132 3023 non
1152 2970 1184 3021 ut
1201 2961 1247 3020 lex
1265 2958 1414 3032 mosaica,

178 3052 245 3105 otae
261 3053 330 3106 sunt
349 3044 499 3106 Ecclesiae
526 3063 620 3125 usque
644 3047 679 3106 ad
702 3063 777 3108 cen·
817 3067 871 3129 pro
888 3067 947 3109 uno
967 3056 1080 3108 tanturn
1100 3043 1210 3126 populo
1234 3043 1285 3104 sed
1304 3060 1358 3122 pro
1382 3059 1415 3101 o-

177 3129 406 3189 summationem
418 3127 706 3191 saecuta-sedhic
717 3151 777 3193 non
818 3133 938 3194 mnibus
955 3141 1053 3192 terrae
1065 3129 1214 3210 gentibus,
1235 3145 1313 3207 quae
1330 3124 1415 3185 variis

142 3249 146 3258 «
178 3210 386 3288 obstantibus,
403 3213 547 3274 naturalis
566 3215 636 3274 ordo
656 3233 777 3295 poscere
816 3217 925 3292 linguis
943 3224 1078 3290 utuntur,
1096 3213 1243 3275 destinata
1260 3210 1362 3286 fuerit;
1376 3241 1416 3253 -

178 3294 305 3372 ridetur,
328 3304 360 3356 ut
379 3298 507 3376 primum
523 3296 688 3376 Religionis
701 3299 778 3361 chri·
816 3320 841 3361 s.
863 3297 1026 3380 Scriptura,
1043 3307 1076 3360 ut
1092 3315 1147 3359 ceu
1165 3297 1231 3357 fons
1250 3293 1416 3356 lieuelatio-

178 3377 293 3438 stianae
310 3378 406 3441 fontes
428 3381 632 3460 assignentur,
655 3391 684 3445 et
700 3393 778 3464 post·
816 3384 906 3446 tionis
918 3384 1057 3445 omnibus
1070 3389 1194 3462 pateret,
1209 3380 1241 3440 in
1254 3376 1415 3439 varioslin-

178 3479 214 3522 ea
232 3463 337 3523 modos
354 3463 532 3541 declaretur,
552 3485 611 3546 quo
630 3485 663 3528 en
683 3469 776 3529 fonti·
816 3487 890 3546 guas
905 3467 1047 3529 vertendo
1059 3473 1132 3527 erat.
1152 3461 1375 3526 Pluresidcirco
1388 3479 1413 3522 s.

178 3544 235 3607 bus
256 3544 393 3622 dogmata
410 3549 535 3628 petenda
553 3551 623 3610 sint.
641 3551 777 3614 Praeter·
816 3551 979 3613 bibliorum
999 3551 1149 3613 versiones
1163 3549 1316 3610 confectae
1334 3552 1413 3620 sont,

178 3647 213 3690 ea
236 3629 329 3710 probe
352 3631 564 3694 attendendum
584 3641 640 3710 est,
660 3636 777 3716 praeci·
816 3636 853 3697 de
876 3635 984 3716 quibus
1002 3634 1097 3696 fusius
1120 3633 1151 3695 in
1176 3631 1275 3694 studio
1305 3629 1413 3691 biblico

178 3731 267 3795 paam
291 3713 377 3776 nohis
395 3714 504 3776 luctam
525 3735 590 3778 esse
612 3737 679 3780 cum
702 3718 777 3782 Pro·
817 3720 923 3798 agitor.
946 3719 1001 3780 Pro
1024 3737 1080 3780 usu
1105 3726 1203 3779 autem
1236 3714 1414 3792 Theologiae

178 3797 778 3878 testantibus,quiescundnmlibrosscos
816 3799 1416 3883 dogmaticaeatiqoadeooctoritctecer·

143 3927 144 3932 η
177 3881 355 3964 symbolicos
383 3883 606 3963 inspirationem
632 3886 776 3950 librorum
815 3887 910 3950 aionis
922 3903 1043 3967 graecae
1061 3887 1101 3949 to
1117 3886 1370 3964 instrumentorum
1383 3882 1415 3942 de

178 3985 330 4029 sacrorum
352 3967 468 4047 (saltem
487 3972 730 4054 praecipuorum)
745 3981 778 4034 ut
817 3973 991 4034 arroteritote
1011 3970 1150 4051 Valgotoe
1164 3966 1415 4032 lothtoedicenda

178 4061 289 4116 certam
323 4051 505 4116 admittunt:
535 4055 775 4120 infallibilitatem
816 4056 950 4117 veniunt.

179 4144 278 4196 autem
298 4134 447 4197 Ecclesiae
465 4140 630 4218 praefracte
649 4147 776 4217 negant;
861 4139 891 4200 f.
915 4138 957 4201 Ile
973 4146 1105 4218 tempore
1124 4144 1153 4198 et
1172 4137 1273 4214 modo,
1293 4155 1353 4217 quo
1369 4135 1415 4195 in·
1445 4133 1454 4208 'j

179 4216 240 4276 imo
258 4226 287 4278 et
306 4219 492 4282 traditionem
510 4229 543 4282 ut
566 4222 675 4282 fontem
695 4221 778 4284 cbri—
817 4221 887 4284 clita
908 4221 1210 4284 versio'ldconfecta
1224 4221 1339 4296 fuerat,
1360 4235 1415 4280 non
1453 4219 1454 4252 l

180 4298 295 4360 stianae
312 4301 473 4375 Religionis
500 4321 661 4380 agnoscere
689 4323 779 4368 recu·
819 4307 891 4368 satis
903 4303 1040 4368 convenit
1054 4307 1132 4368 inter
1148 4306 1293 4368 eruditos.
1308 4305 1415 4367 Narra·

902 2777 929 2824 ll.
944 2778 978 2824 De
992 2777 1015 2824 S·
1030 2777 1162 2836 scripturae
1177 2772 1336 2828 versionibus,
