2918 4734
183 153 243 216 152
581 174 767 225 rmouocus
789 161 963 228 cenamus

136 251 188 331 qui
207 250 239 313 in
257 247 478 318 narrationibus
502 254 565 319 snis
589 258 648 319 stili
675 259 740 320 ele·
778 260 940 340 'conspectu
973 256 1170 342 plurimorum
1206 277 1389 327 coaevorum

137 341 280 414 gantiam,
296 347 323 400 et
336 338 475 402 dictionis
493 349 632 403 ornatum
647 341 741 404 anhe·
778 351 912 424 patrata,
924 344 1026 406 loooet
1037 354 1171 426 ternpore
1180 353 1319 407 accurate
1334 365 1389 409 as·

138 428 200 488 lare
215 432 445 501 cognoscuntur.
477 425 509 486 3⁰
525 422 555 487 S.
576 419 740 507 Scriptores
779 425 906 505 signato,
921 427 1065 508 appositis
1084 445 1203 510 quoque
1219 427 1309 490 variis
1324 430 1388 492 cir-

137 529 173 573 ea
187 526 305 593 quoque
320 508 446 570 candide
460 517 594 586 narrant,
611 529 689 592 quae
699 510 739 570 il·
779 513 967 574 cumstantiis
980 520 1009 574 et
1021 511 1268 592 adiunctisquae,
1284 513 1310 574 si
1323 532 1389 576 non

138 598 166 658 lo
186 605 318 676 tempore
335 591 452 655 Christo
469 611 575 674 parom
594 593 738 656 bonoriss·
778 593 820 656 ita
842 594 1055 674 contigissent,
1076 604 1164 676 prout
1182 595 1292 677 scripta
1318 596 1391 661 lue-

138 699 172 742 ca
187 677 281 758 ¹rirleoi
301 686 449 758 poterant;
466 677 508 738 sic
528 695 573 739 ex.
590 695 634 758 gr.
656 677 737 739 reie-
777 688 868 756 runt,
888 679 1024 760 deceptio
1047 681 1147 742 statim
1166 679 1284 758 detegi,
1306 691 1336 743 et
1356 683 1388 744 in

138 773 207 827 runt
223 761 331 827 Christi
355 761 538 826 nativitatem
557 761 587 822 in
608 761 737 841 stabulo,
779 764 940 824 inanimum
959 766 1169 845 Apostolorum
1189 763 1387 844 opprobrium

139 851 237 929 lugam
249 848 279 908 in
290 847 465 926 Aegyptum,
479 845 566 906 vitam
580 845 737 907 obscuram
778 863 898 926 vergere
916 847 1079 911 debuisset.
1095 882 1137 894 -
1150 846 1238 911 Ornrri
1257 849 1324 911 iure
1335 869 1388 912 er-

139 936 168 997 in
187 935 275 996 domo
291 931 379 1006 labri,
393 930 453 990 imo
469 937 498 990 et
516 929 581 990 eius
600 930 736 1007 agoniam
778 949 814 1010 go
831 948 884 1014 pro
894 933 1086 995 conclusione
1096 932 1151 994 hoo
1164 931 1308 994 dilemma
1320 951 1391 1014 pro-

138 1026 206 1082 ante
225 1017 406 1099 passionem,
421 1029 522 1094 quam,
540 1022 642 1094 utpote
658 1014 738 1075 unici
779 1017 850 1098 poni
871 1024 978 1097 potest:
994 1017 1127 1098 Apostoli
1147 1017 1191 1078 vel
1210 1015 1391 1098 deceptores

138 1104 219 1166 illius
238 1110 345 1177 testes,
363 1099 454 1160 facile¹
477 1097 603 1162 reticere
621 1100 738 1179 potuis·
779 1109 877 1177 erant,
892 1103 936 1164 rei
949 1119 1028 1163 non:
1048 1101 1073 1163 si
1089 1101 1233 1183 primum,
1250 1110 1331 1164 certe
1346 1111 1391 1164 ta·

138 1196 215 1250 sent.
236 1184 332 1248 Sirnili
356 1181 444 1243 morio
463 1183 597 1262 proprias
616 1184 740 1246 inlirmi·
780 1185 1058 1268 liasactataoqlram
1069 1183 1187 1266 publice
1199 1191 1314 1266 patrata
1327 1205 1390 1247 non

139 1282 229 1350 tates,
252 1266 396 1332 natalium
414 1267 576 1345 vilitatem,
596 1267 739 1347 ignoran·
781 1280 942 1334 narrarunt
958 1289 1035 1354 quae
1051 1269 1128 1331 haud
1145 1268 1348 1347 contigerunt3
1363 1270 1391 1331 si

138 1360 209 1418 tiam
229 1371 326 1428 suam,
345 1349 604 1432 praeiudiciasua,
622 1351 739 1414 inordi·
780 1355 959 1432 secundum,
980 1372 1050 1432 ergo
1067 1371 1186 1417 omanem
1211 1353 1301 1415 sidem
1322 1371 1392 1417 me-

140 1448 223 1503 natas
244 1457 313 1500 suas
332 1436 497 1517 passiones,
520 1434 618 1516 lugam
639 1449 737 1513 suant,
781 1450 896 1507 rentur.

139 1526 207 1588 alum
219 1522 352 1586 Christus
363 1528 530 1601 caperetur,
542 1519 740 1604 proditionem
821 1523 900 1589 Noto
912 1525 941 1587 l.
958 1519 1110 1585 veracitas
1129 1519 1340 1602 Apostolorum
1361 1531 1393 1584 et

141 1608 241 1685 iudae,
256 1605 441 1684 negationem
465 1603 555 1681 Petri,
576 1605 740 1667 inereduli·
782 1607 1037 1686 Evangelistarum
1052 1605 1140 1668 etiam
1153 1625 1205 1687 per
1217 1607 1393 1668 testimonia

140 1701 230 1755 tatem
249 1687 380 1752 Thomas
402 1697 459 1750 etc.
478 1689 542 1754 sine
558 1690 739 1768 tergiversa-
781 1702 967 1768 exterorum,
995 1691 1172 1753 ludaeorum
1192 1697 1222 1751 et
1239 1689 1390 1753 Ethnico·

141 1777 221 1838 tione
242 1774 382 1837 latentur.
403 1771 486 1835 Talia
504 1785 572 1836 reto
591 1794 650 1837 non
664 1774 739 1836 scri·
780 1795 859 1853 rurn,
879 1777 1083 1839 confirmatur.
1103 1771 1166 1836 Non
1183 1775 1253 1834 levis
1270 1775 1391 1856 ponde-

141 1862 281 1942 psissent,
291 1857 392 1942 siquid
403 1857 580 1938 eliudqnam
591 1860 684 1922 solam
694 1878 742 1923 re·
781 1863 821 1924 ris
839 1871 1045 1940 argumentum
1059 1868 1138 1920 recte
1157 1860 1215 1919 iano
1229 1876 1265 1918 ex
1281 1876 1319 1919 eo
1333 1859 1393 1920 de·

141 1941 742 2024 ritatemquaesiissent.A⁰Nequeprincb
782 1945 912 2022 ducitur,
930 1946 1009 2030 quod
1028 1963 1063 2006 ex
1078 1943 1160 2004 nullo
1177 1942 1301 2022 antiquo
1327 1961 1395 2004 mo·

143 2031 231 2112 pibus
253 2026 415 2105 Sinagogae
438 2035 489 2088 aut
509 2029 620 2108 potenti
639 2027 742 2090 Phari-
783 2037 926 2092 numento
952 2028 1066 2092 ostendi
1087 2027 1198 2108 possit,
1218 2025 1391 2106 Apostolos,

141 2131 277 2176 saeorum
297 2119 405 2189 sectae,
425 2119 476 2172 aut
494 2110 661 2175 Gentilibus
681 2113 741 2175 ullo
783 2115 854 2176 dum
873 2113 969 2177 verbis
983 2121 1013 2175 et
1026 2112 1145 2193 scriptis
1167 2109 1245 2172 dicta
1265 2117 1295 2173 et
1313 2111 1394 2174 lacta

142 2197 229 2260 modo
241 2196 368 2258 blandiri
381 2194 573 2272 studuerunt,
589 2197 640 2258 sed
655 2215 742 2258 acer·
783 2197 890 2262 Christi
908 2197 1025 2278 publice
1040 2196 1271 2283 annuntiarunt,
1284 2195 1322 2256 de
1338 2195 1395 2256 ial-

143 2281 233 2343 rimos
252 2279 395 2343 aChristo
418 2287 521 2341 contra
540 2280 606 2342 illos
625 2280 742 2342 habitos
783 2283 870 2346 silete
896 2281 1058 2346 testimonii
1079 2297 1210 2362 unquam
1234 2287 1392 2342 accusatos

144 2384 293 2428 sermones
309 2362 589 2441 fideliterrelerunt,
607 2374 636 2428 et
651 2365 744 2426 intre·
784 2369 886 2446 luisse.
911 2365 1022 2428 Eorum
1045 2365 1165 2447 quidem
1189 2362 1394 2444 praedicatio-

143 2451 391 2532 pidonarrantac
405 2447 553 2525 scribunt,
567 2448 742 2512 Pharisaeos
784 2470 851 2513 nom
880 2449 1041 2512 adversarii
1065 2447 1175 2513 Christi
1198 2447 1279 2508 omni
1302 2448 1393 2508 modo

143 2543 171 2597 et
184 2533 331 2616 principes
343 2531 520 2594 ludaeorum
536 2551 572 2595 ex
588 2533 699 2594 invidia
714 2542 743 2595 et
785 2535 943 2616 prohibere
960 2533 1151 2610 studuerunt,
1168 2531 1218 2594 sed
1233 2532 1394 2611 Apostolos

143 2619 223 2694 odio,
243 2618 370 2680 Pilatum
394 2635 463 2678 vero
482 2617 616 2678 exinani
638 2617 743 2680 timore
784 2619 858 2704 ialsa
875 2626 904 2682 et
919 2618 1021 2680 hctitia
1044 2616 1216 2700 protulisse,
1235 2633 1393 2696 nunquam

142 2701 289 2766 Christum
310 2700 396 2762 morti
418 2699 584 2764 tradidisse.
604 2698 677 2774 Quis
697 2710 744 2762 ta·
785 2710 988 2766 asseruerunt.
1006 2702 1107 2764 Iudaei
1126 2708 1241 2777 ergoet
1258 2697 1394 2762 Gentiles

143 2787 200 2848 lem
216 2785 247 2849 S.
267 2784 449 2865 Scriptorum
466 2785 667 2848 sinceritatem
683 2805 744 2847 non
786 2787 886 2850 coaevi
906 2788 1011 2848 saltem
1029 2784 1147 2847 silentio
1167 2784 1395 2846 saeveritatem

102 2878 107 2890 '
144 2867 359 2933 admirabitur?
377 2869 409 2929 5⁰
427 2865 524 2947 hlagui
542 2888 661 2952 quoque
678 2889 744 2931 rno-
786 2890 888 2934 eorum
908 2871 1098 2947 confirmant,
1117 2887 1194 2950 quae
1211 2868 1242 2928 in
1263 2867 1393 2931 librislll.

145 2954 238 3018 menti
257 2963 312 3030 est,
336 2951 415 3032 quod
435 2954 536 3033 plures
563 2955 744 3035 scriptores,
786 2955 821 3018 Τ.
836 2963 1005 3018 narrantur.
1019 2954 1084 3016 lmo
1102 2953 1157 3015 hoc
1168 2951 1321 3014 silentium
1340 2971 1394 3034 pro

145 3037 313 3121 pervarias
331 3035 468 3116 regiones
483 3037 622 3120 dispersi,
638 3037 746 3102 Christi
786 3040 944 3102 veracitate
961 3039 1170 3120 Apostolorum
1187 3045 1216 3098 et
1236 3035 1397 3114 Evangeli-

146 3122 300 3184 historiam
315 3121 355 3182 ita
370 3132 523 3198 enarrent,
539 3131 572 3184 ut
585 3121 691 3185 nullibi
702 3123 747 3184 si·
788 3133 899 3186 starum
914 3143 949 3186 eo
965 3123 1080 3186 firmius
1095 3122 1217 3204 praebet
1230 3139 1397 3196 argumen-

146 3207 176 3269 bi
194 3204 420 3281 contradicant,
441 3203 493 3266 sed
511 3205 590 3268 circa
615 3207 694 3268 dicta
719 3216 749 3269 et
788 3217 864 3284 tum,
888 3227 948 3290 quo
967 3207 1061 3286 magis
1085 3203 1295 3267 infensissimis
1311 3203 1395 3265 ileli-

146 3292 222 3351 lacta
236 3288 367 3366 magistri
382 3289 428 3351 sui
445 3291 532 3370 plane
547 3293 746 3354 consentiant.
789 3291 886 3371 gionis
903 3291 1082 3353 christianae
1095 3290 1231 3351 hostibus
1249 3287 1396 3350 interesse

145 3373 205 3435 Nec
225 3391 316 3432 unrtm
335 3372 459 3433 alterum
481 3373 671 3455 descripsisse
700 3375 749 3437 di·
791 3375 949 3454 debuit,ut
966 3375 1124 3456 Apostolos
1138 3371 1286 3436 mendacii
1303 3381 1335 3434 et
1347 3373 1397 3432 lal-

148 3457 175 3518 ci
198 3464 306 3537 potest3
327 3455 405 3535 quod
422 3463 501 3537 patet
517 3468 578 3520 tum
598 3479 632 3520 ex
651 3459 750 3522 diver·
791 3461 886 3522 sitatis
905 3467 1085 3539 arguerent,
1104 3468 1133 3520 et
1161 3458 1204 3519 sic
1230 3456 1396 3519 eortrndem

148 3541 235 3602 sitate
248 3539 319 3616 stili,
335 3549 396 3600 tum
412 3559 447 3602 ex
459 3543 684 3604 occurrentibus
698 3562 751 3604 arr·
792 3539 1337 3606 auctoritatemlabefactarent—His
1348 3559 1398 3600 ac-

151 3624 273 3704 tilogiis‚
305 3643 379 3704 quas
399 3625 494 3689 reales
509 3645 569 3688 non
588 3645 653 3688 esse
670 3636 752 3688 recta
793 3628 883 3705 cedit,
909 3627 1091 3710 quodetiam
1112 3626 1247 3687 nonnulli
1265 3623 1397 3705 scripto·

150 3707 281 3788 exegesis
296 3709 434 3770 ostendit.
455 3708 557 3791 Neque
572 3727 704 3772 asserere
719 3711 755 3772 li·
792 3731 840 3774 res
865 3712 957 3773 exteri
975 3709 1095 3788 coaevi,
1115 3719 1166 3773 aut
1187 3709 1323 3793 proxime
1345 3727 1397 3769 se-

151 3801 217 3869 cet,
241 3793 399 3875 scriptores
424 3795 454 3855 in
472 3794 644 3858 unanimem
664 3793 753 3857 dece·
794 3784 1006 3878 quentesiac'ta
1018 3795 1124 3860 Christi
1138 3794 1173 3856 ab
1190 3793 1340 3874 Apostolis
1353 3809 1398 3852 re·

152 3878 284 3960 ptionem
305 3877 493 3952 coniurasse,
514 3877 542 3938 id
563 3877 642 3940 enim
661 3895 753 3959 repu·
794 3881 852 3942 lata
872 3879 1058 3942 conlirment.
1075 3878 1155 3940 lnter
1169 3877 1335 3957 Scriptores
1345 3875 1397 3936 lu-

151 3969 221 4040 gnat
241 3970 301 4022 tum
325 3962 456 4042 ipsorum
481 3961 665 4038 characteri,
690 3972 752 4024 tum
794 3965 884 4026 dacos
907 3965 1019 4026 eminet
1036 3963 1171 4044 Iosephus
1191 3961 1325 4035 Flauius,
1346 3957 1398 4038 qui

151 4055 232 4108 recte
253 4045 382 4122 sartioni,
403 4063 479 4125 quae
500 4055 598 4107 tantae
623 4046 754 4109 malitiae
794 4049 848 4110 lib.
873 4048 925 4110 l8.
944 4047 1045 4130 Antiq.
1064 4047 1144 4125 iud,
1164 4065 1230 4126 cap.
1252 4046 1282 4106 3.
1309 4061 1397 4105 corn·

153 4147 272 4191 carosam
282 4130 432 4207 assignare
449 4129 563 4210 nequit.
577 4129 710 4210 Denique
723 4133 755 4193 6ο
795 4151 964 4194 memorans
982 4151 1029 4209 ea,
1053 4149 1129 4212 quae
1147 4130 1202 4193 sub
1226 4127 1331 4190 Pontio
1352 4125 1399 4187 Pi·

154 4213 289 4291 deceptio
306 4211 499 4292 impossibilis
512 4213 626 4290 luisset3
641 4232 708 4276 narn
721 4213 751 4276 S.
795 4218 853 4277 lato
873 4227 938 4277 acta
963 4225 1043 4293 sunt,
1073 4217 1147 4276 haec
1174 4211 1297 4275 scribit:
1328 4211 1397 4272 (Eo

101 4306 104 4315 '
154 4294 319 4358 Srriotores
335 4304 475 4355 enarrant
493 4296 568 4358 lacta
581 4299 712 4378 publico,
724 4299 755 4360 in
796 4301 885 4362 etiam
899 4299 1095 4373 temporeluit
1105 4297 1198 4371 Iesus,
1211 4297 1397 4378 virsapiens,
