<?xml version="1.0" encoding="UTF-8"?>
<!DOCTYPE html PUBLIC "-//W3C//DTD XHTML 1.0 Transitional//EN"
    "http://www.w3.org/TR/xhtml1/DTD/xhtml1-transitional.dtd">
<html xmlns="http://www.w3.org/1999/xhtml" xml:lang="en" lang="en">
 <head>
  <title>
</title>
<meta http-equiv="Content-Type" content="text/html;charset=utf-8" />
  <meta name='ocr-system' content='tesseract 3.04.00' />
  <meta name='ocr-capabilities' content='ocr_page ocr_carea ocr_par ocr_line ocrx_word'/>
</head>
<body>
  <div class='ocr_page' id='page_1' title='image "./institutionesth00knolgoog_0343.png"; bbox 0 0 2934 4736; ppageno 0'>
   <div class='ocr_carea' id='block_1_1' title="bbox 414 217 1236 280">
    <p class='ocr_par' dir='ltr' id='par_1_1' title="bbox 414 217 1236 280">
     <span class='ocr_line' id='line_1_1' title="bbox 414 217 1236 280; baseline 0.004 -3"><span class='ocrx_word' id='word_1_1' title='bbox 414 231 488 278; x_wconf 82' lang='lat' dir='ltr'><strong>rans</strong></span> <span class='ocrx_word' id='word_1_2' title='bbox 510 232 553 276; x_wconf 89' lang='lat' dir='ltr'><strong>nr.</strong></span> <span class='ocrx_word' id='word_1_3' title='bbox 578 231 721 277; x_wconf 78' lang='lat' dir='ltr'><strong>sacrior.</strong></span> <span class='ocrx_word' id='word_1_4' title='bbox 746 231 839 277; x_wconf 82' lang='lat' dir='ltr'><strong>carun</strong></span> <span class='ocrx_word' id='word_1_5' title='bbox 861 233 894 278; x_wconf 89' lang='lat' dir='ltr'><strong>n.</strong></span> <span class='ocrx_word' id='word_1_6' title='bbox 1174 217 1236 280; x_wconf 87' lang='grc'><strong>335</strong></span> 
     </span>
    </p>
   </div>
   <div class='ocr_carea' id='block_1_2' title="bbox 39 309 1309 3581">
    <p class='ocr_par' dir='ltr' id='par_1_2' title="bbox 39 309 1309 3581">
     <span class='ocr_line' id='line_1_2' title="bbox 59 309 1278 394; baseline 0.005 -23"><span class='ocrx_word' id='word_1_7' title='bbox 59 309 193 373; x_wconf 79' lang='lat' dir='ltr'><strong>mendant.</strong></span> <span class='ocrx_word' id='word_1_8' title='bbox 207 309 255 374; x_wconf 88' lang='lat' dir='ltr'><strong>Sic</strong></span> <span class='ocrx_word' id='word_1_9' title='bbox 268 311 325 374; x_wconf 90' lang='lat' dir='ltr'><strong>iam</strong></span> <span class='ocrx_word' id='word_1_10' title='bbox 335 311 367 376; x_wconf 90' lang='lat' dir='ltr'><strong>S.</strong></span> <span class='ocrx_word' id='word_1_11' title='bbox 377 313 562 394; x_wconf 74' lang='lat' dir='ltr'><strong>lpactiusll.</strong></span> <span class='ocrx_word' id='word_1_12' title='bbox 577 317 641 373; x_wconf 89' lang='lat' dir='ltr'><strong>mio-</strong></span> <span class='ocrx_word' id='word_1_13' title='bbox 680 310 717 373; x_wconf 94' lang='lat' dir='ltr'><strong>ab</strong></span> <span class='ocrx_word' id='word_1_14' title='bbox 727 311 1278 394; x_wconf 85' lang='lat' dir='ltr'><strong>Apostolis,ApnstoliaChrislo,Ehri·</strong></span> 
     </span>
     <span class='ocr_line' id='line_1_3' title="bbox 59 393 1279 478; baseline 0.006 -24"><span class='ocrx_word' id='word_1_15' title='bbox 59 395 122 470; x_wconf 89' lang='lat' dir='ltr'><strong>nuit,</strong></span> <span class='ocrx_word' id='word_1_16' title='bbox 141 402 210 458; x_wconf 88' lang='lat' dir='ltr'><strong>teste</strong></span> <span class='ocrx_word' id='word_1_17' title='bbox 228 396 359 458; x_wconf 87' lang='lat' dir='ltr'><strong>Eusebio</strong></span> <span class='ocrx_word' id='word_1_18' title='bbox 375 399 435 476; x_wconf 85' lang='lat' dir='ltr'><strong>(l),</strong></span> <span class='ocrx_word' id='word_1_19' title='bbox 455 397 556 460; x_wconf 86' lang='lat' dir='ltr'><strong>fideles</strong></span> <span class='ocrx_word' id='word_1_20' title='bbox 578 404 640 458; x_wconf 82' lang='lat' dir='ltr'><strong>(ut</strong></span> <span class='ocrx_word' id='word_1_21' title='bbox 680 401 770 457; x_wconf 87' lang='lat' dir='ltr'><strong>slusa</strong></span> <span class='ocrx_word' id='word_1_22' title='bbox 783 397 842 458; x_wconf 78' lang='lat' dir='ltr'><strong>lieo</strong></span> <span class='ocrx_word' id='word_1_23' title='bbox 855 397 1000 477; x_wconf 78' lang='lat' dir='ltr'><strong>suscepit:</strong></span> <span class='ocrx_word' id='word_1_24' title='bbox 1014 415 1103 478; x_wconf 91' lang='lat' dir='ltr'><strong>porro</strong></span> <span class='ocrx_word' id='word_1_25' title='bbox 1114 406 1214 460; x_wconf 86' lang='lat' dir='ltr'><strong>nostra</strong></span> <span class='ocrx_word' id='word_1_26' title='bbox 1227 393 1279 461; x_wconf 80' lang='lat' dir='ltr'><strong>do·¹</strong></span> 
     </span>
     <span class='ocr_line' id='line_1_4' title="bbox 60 478 1278 562; baseline 0.006 -24"><span class='ocrx_word' id='word_1_27' title='bbox 60 478 105 538; x_wconf 89' lang='lat' dir='ltr'><strong>sihi</strong></span> <span class='ocrx_word' id='word_1_28' title='bbox 123 498 138 539; x_wconf 89' lang='lat' dir='ltr'><strong>a</strong></span> <span class='ocrx_word' id='word_1_29' title='bbox 157 480 252 560; x_wconf 91' lang='lat' dir='ltr'><strong>pravis</strong></span> <span class='ocrx_word' id='word_1_30' title='bbox 282 481 496 542; x_wconf 89' lang='lat' dir='ltr'><strong>haeretieorum</strong></span> <span class='ocrx_word' id='word_1_31' title='bbox 519 480 639 561; x_wconf 91' lang='lat' dir='ltr'><strong>opinio·</strong></span> <span class='ocrx_word' id='word_1_32' title='bbox 679 480 1278 562; x_wconf 86' lang='lat' dir='ltr'><strong>ctrinadeApostolorumtraditionecen-</strong></span> 
     </span>
     <span class='ocr_line' id='line_1_5' title="bbox 61 561 1280 644; baseline 0.005 -22"><span class='ocrx_word' id='word_1_33' title='bbox 61 561 130 623; x_wconf 91' lang='lat' dir='ltr'><strong>nibus</strong></span> <span class='ocrx_word' id='word_1_34' title='bbox 140 573 359 642; x_wconf 75' lang='lat' dir='ltr'><strong>praecaverent,</strong></span> <span class='ocrx_word' id='word_1_35' title='bbox 373 566 566 644; x_wconf 81' lang='lat' dir='ltr'><strong>hortatusque</strong></span> <span class='ocrx_word' id='word_1_36' title='bbox 581 573 636 641; x_wconf 91' lang='lat' dir='ltr'><strong>est,</strong></span> <span class='ocrx_word' id='word_1_37' title='bbox 678 574 771 641; x_wconf 90' lang='lat' dir='ltr'><strong>setur;</strong></span> <span class='ocrx_word' id='word_1_38' title='bbox 784 566 1038 626; x_wconf 85' lang='lat' dir='ltr'><strong>coronaruniearnus</strong></span> <span class='ocrx_word' id='word_1_39' title='bbox 1049 565 1129 626; x_wconf 89' lang='lat' dir='ltr'><strong>enirn</strong></span> <span class='ocrx_word' id='word_1_40' title='bbox 1142 583 1210 627; x_wconf 90' lang='lat' dir='ltr'><strong>eum</strong></span> <span class='ocrx_word' id='word_1_41' title='bbox 1223 565 1280 628; x_wconf 88' lang='lat' dir='ltr'><strong>Ec-</strong></span> 
     </span>
     <span class='ocr_line' id='line_1_6' title="bbox 60 646 1277 731; baseline 0.005 -26"><span class='ocrx_word' id='word_1_42' title='bbox 60 654 83 706; x_wconf 91' lang='lat' dir='ltr'><strong>ut</strong></span> <span class='ocrx_word' id='word_1_43' title='bbox 97 646 293 726; x_wconf 80' lang='lat' dir='ltr'><strong>Apostolorum</strong></span> <span class='ocrx_word' id='word_1_44' title='bbox 321 648 532 711; x_wconf 84' lang='lat' dir='ltr'><strong>traditionibus</strong></span> <span class='ocrx_word' id='word_1_45' title='bbox 552 656 638 710; x_wconf 89' lang='lat' dir='ltr'><strong>tena·</strong></span> <span class='ocrx_word' id='word_1_46' title='bbox 678 649 776 710; x_wconf 88' lang='lat' dir='ltr'><strong>clesiis</strong></span> <span class='ocrx_word' id='word_1_47' title='bbox 791 649 973 729; x_wconf 83' lang='lat' dir='ltr'><strong>apostolicis,</strong></span> <span class='ocrx_word' id='word_1_48' title='bbox 989 650 1066 731; x_wconf 90' lang='lat' dir='ltr'><strong>quod</strong></span> <span class='ocrx_word' id='word_1_49' title='bbox 1082 648 1164 710; x_wconf 90' lang='lat' dir='ltr'><strong>nulla</strong></span> <span class='ocrx_word' id='word_1_50' title='bbox 1179 649 1277 711; x_wconf 88' lang='lat' dir='ltr'><strong>diver·</strong></span> 
     </span>
     <span class='ocr_line' id='line_1_7' title="bbox 59 727 1277 813; baseline 0.005 -25"><span class='ocrx_word' id='word_1_51' title='bbox 59 727 116 789; x_wconf 89' lang='lat' dir='ltr'><strong>riter</strong></span> <span class='ocrx_word' id='word_1_52' title='bbox 129 730 325 795; x_wconf 86' lang='lat' dir='ltr'><strong>inhaererent.</strong></span> <span class='ocrx_word' id='word_1_53' title='bbox 338 752 354 794; x_wconf 76' lang='lat' dir='ltr'><strong>a</strong></span> <span class='ocrx_word' id='word_1_54' title='bbox 366 765 403 778; x_wconf 89' lang='lat'>-</span> <span class='ocrx_word' id='word_1_55' title='bbox 420 733 453 797; x_wconf 88' lang='lat' dir='ltr'><strong>S.</strong></span> <span class='ocrx_word' id='word_1_56' title='bbox 474 733 638 813; x_wconf 73' lang='lat' dir='ltr'><strong>Dionysius</strong></span> <span class='ocrx_word' id='word_1_57' title='bbox 677 752 710 792; x_wconf 89' lang='lat' dir='ltr'><strong>sa</strong></span> <span class='ocrx_word' id='word_1_58' title='bbox 728 731 874 808; x_wconf 90' lang='lat' dir='ltr'><strong>doctrina,</strong></span> <span class='ocrx_word' id='word_1_59' title='bbox 899 731 954 795; x_wconf 91' lang='lat' dir='ltr'><strong>boc</strong></span> <span class='ocrx_word' id='word_1_60' title='bbox 972 732 1125 812; x_wconf 80' lang='lat' dir='ltr'><strong>igiturest</strong></span> <span class='ocrx_word' id='word_1_61' title='bbox 1144 733 1277 794; x_wconf 87' lang='lat' dir='ltr'><strong>testimo·</strong></span> 
     </span>
     <span class='ocr_line' id='line_1_8' title="bbox 60 813 1309 897; baseline 0.003 -23"><span class='ocrx_word' id='word_1_62' title='bbox 60 813 146 893; x_wconf 89' lang='lat' dir='ltr'><strong>Areop.</strong></span> <span class='ocrx_word' id='word_1_63' title='bbox 161 815 219 877; x_wconf 90' lang='lat' dir='ltr'><strong>sive</strong></span> <span class='ocrx_word' id='word_1_64' title='bbox 233 815 367 896; x_wconf 91' lang='lat' dir='ltr'><strong>quisquis</strong></span> <span class='ocrx_word' id='word_1_65' title='bbox 380 825 424 878; x_wconf 90' lang='lat' dir='ltr'><strong>cst</strong></span> <span class='ocrx_word' id='word_1_66' title='bbox 439 823 542 878; x_wconf 87' lang='lat' dir='ltr'><strong>auctor</strong></span> <span class='ocrx_word' id='word_1_67' title='bbox 557 817 638 877; x_wconf 91' lang='lat' dir='ltr'><strong>anti·</strong></span> <span class='ocrx_word' id='word_1_68' title='bbox 678 815 760 876; x_wconf 91' lang='lat' dir='ltr'><strong>nium</strong></span> <span class='ocrx_word' id='word_1_69' title='bbox 780 815 944 878; x_wconf 78' lang='lat' dir='ltr'><strong>veritatis.»</strong></span> <span class='ocrx_word' id='word_1_70' title='bbox 962 851 1002 863; x_wconf 91' lang='lat'>-</span> <span class='ocrx_word' id='word_1_71' title='bbox 1013 816 1155 897; x_wconf 81' lang='lat' dir='ltr'><strong>Oripeues</strong></span> <span class='ocrx_word' id='word_1_72' title='bbox 1170 816 1216 895; x_wconf 82' lang='lat' dir='ltr'><strong>(e)</strong></span> <span class='ocrx_word' id='word_1_73' title='bbox 1232 816 1277 878; x_wconf 89' lang='lat' dir='ltr'><strong>di·</strong></span> <span class='ocrx_word' id='word_1_74' title='bbox 1304 815 1309 827; x_wconf 82' lang='lat'>‘</span> 
     </span>
     <span class='ocr_line' id='line_1_9' title="bbox 60 897 1278 982; baseline 0.005 -27"><span class='ocrx_word' id='word_1_75' title='bbox 60 897 173 975; x_wconf 81' lang='lat' dir='ltr'><strong>quissimi</strong></span> <span class='ocrx_word' id='word_1_76' title='bbox 185 901 283 979; x_wconf 90' lang='lat' dir='ltr'><strong>operis</strong></span> <span class='ocrx_word' id='word_1_77' title='bbox 296 901 332 966; x_wconf 90' lang='lat' dir='ltr'><strong>de</strong></span> <span class='ocrx_word' id='word_1_78' title='bbox 345 902 451 962; x_wconf 88' lang='lat' dir='ltr'><strong>eccles.</strong></span> <span class='ocrx_word' id='word_1_79' title='bbox 463 897 638 962; x_wconf 88' lang='lat' dir='ltr'><strong>Hierarchia</strong></span> <span class='ocrx_word' id='word_1_80' title='bbox 677 899 734 960; x_wconf 90' lang='lat' dir='ltr'><strong>cit:</strong></span> <span class='ocrx_word' id='word_1_81' title='bbox 757 920 773 961; x_wconf 80' lang='lat' dir='ltr'><strong>s</strong></span> <span class='ocrx_word' id='word_1_82' title='bbox 787 897 925 962; x_wconf 88' lang='lat' dir='ltr'><strong>Servetur</strong></span> <span class='ocrx_word' id='word_1_83' title='bbox 943 900 1142 963; x_wconf 86' lang='lat' dir='ltr'><strong>ecelesiastica</strong></span> <span class='ocrx_word' id='word_1_84' title='bbox 1162 899 1278 982; x_wconf 87' lang='lat' dir='ltr'><strong>praedi·</strong></span> 
     </span>
     <span class='ocr_line' id='line_1_10' title="bbox 59 981 1275 1064; baseline 0.006 -25"><span class='ocrx_word' id='word_1_85' title='bbox 59 981 640 1064; x_wconf 82' lang='lat' dir='ltr'><strong>e.l,deApostolisloqueasdicit:‹Pri·</strong></span> <span class='ocrx_word' id='word_1_86' title='bbox 677 985 754 1046; x_wconf 88' lang='lat' dir='ltr'><strong>catio</strong></span> <span class='ocrx_word' id='word_1_87' title='bbox 773 1003 826 1063; x_wconf 91' lang='lat' dir='ltr'><strong>per</strong></span> <span class='ocrx_word' id='word_1_88' title='bbox 844 982 1041 1046; x_wconf 88' lang='lat' dir='ltr'><strong>successionis</strong></span> <span class='ocrx_word' id='word_1_89' title='bbox 1072 983 1206 1045; x_wconf 88' lang='lat' dir='ltr'><strong>ordinere</strong></span> <span class='ocrx_word' id='word_1_90' title='bbox 1237 983 1275 1046; x_wconf 90' lang='lat' dir='ltr'><strong>ab</strong></span> 
     </span>
     <span class='ocr_line' id='line_1_11' title="bbox 59 1064 1275 1148; baseline 0.007 -26"><span class='ocrx_word' id='word_1_91' title='bbox 59 1064 92 1122; x_wconf 87' lang='lat' dir='ltr'><strong>ani</strong></span> <span class='ocrx_word' id='word_1_92' title='bbox 107 1065 143 1126; x_wconf 90' lang='lat' dir='ltr'><strong>illi</strong></span> <span class='ocrx_word' id='word_1_93' title='bbox 166 1067 261 1129; x_wconf 89' lang='lat' dir='ltr'><strong>nostri</strong></span> <span class='ocrx_word' id='word_1_94' title='bbox 291 1069 424 1130; x_wconf 89' lang='lat' dir='ltr'><strong>muneris</strong></span> <span class='ocrx_word' id='word_1_95' title='bbox 448 1068 638 1130; x_wconf 84' lang='lat' dir='ltr'><strong>sacerdotalis</strong></span> <span class='ocrx_word' id='word_1_96' title='bbox 677 1066 824 1148; x_wconf 88' lang='lat' dir='ltr'><strong>Apostolis</strong></span> <span class='ocrx_word' id='word_1_97' title='bbox 844 1067 950 1129; x_wconf 87' lang='lat' dir='ltr'><strong>tradita</strong></span> <span class='ocrx_word' id='word_1_98' title='bbox 967 1076 996 1129; x_wconf 90' lang='lat' dir='ltr'><strong>et</strong></span> <span class='ocrx_word' id='word_1_99' title='bbox 1015 1086 1109 1147; x_wconf 89' lang='lat' dir='ltr'><strong>usque</strong></span> <span class='ocrx_word' id='word_1_100' title='bbox 1130 1068 1165 1128; x_wconf 91' lang='lat' dir='ltr'><strong>ad</strong></span> <span class='ocrx_word' id='word_1_101' title='bbox 1187 1086 1275 1148; x_wconf 86' lang='lat' dir='ltr'><strong>prae-</strong></span> 
     </span>
     <span class='ocr_line' id='line_1_12' title="bbox 58 1147 1276 1233; baseline 0.006 -27"><span class='ocrx_word' id='word_1_102' title='bbox 58 1147 149 1211; x_wconf 87' lang='lat' dir='ltr'><strong>duces.</strong></span> <span class='ocrx_word' id='word_1_103' title='bbox 166 1196 173 1212; x_wconf 94' lang='lat'><strong>.</strong></span> <span class='ocrx_word' id='word_1_104' title='bbox 190 1196 197 1211; x_wconf 90' lang='lat'><strong>.</strong></span> <span class='ocrx_word' id='word_1_105' title='bbox 219 1171 335 1213; x_wconf 88' lang='lat' dir='ltr'><strong>surnnma</strong></span> <span class='ocrx_word' id='word_1_106' title='bbox 352 1154 413 1230; x_wconf 90' lang='lat' dir='ltr'><strong>illa,</strong></span> <span class='ocrx_word' id='word_1_107' title='bbox 433 1163 462 1213; x_wconf 88' lang='lat' dir='ltr'><strong>et</strong></span> <span class='ocrx_word' id='word_1_108' title='bbox 477 1151 638 1233; x_wconf 86' lang='lat' dir='ltr'><strong>supersub·</strong></span> <span class='ocrx_word' id='word_1_109' title='bbox 677 1170 745 1212; x_wconf 91' lang='lat' dir='ltr'><strong>sens</strong></span> <span class='ocrx_word' id='word_1_110' title='bbox 757 1153 786 1212; x_wconf 92' lang='lat' dir='ltr'><strong>in</strong></span> <span class='ocrx_word' id='word_1_111' title='bbox 797 1151 938 1214; x_wconf 86' lang='lat' dir='ltr'><strong>Ecclesiis</strong></span> <span class='ocrx_word' id='word_1_112' title='bbox 954 1169 1142 1232; x_wconf 88' lang='lat' dir='ltr'><strong>permanens:</strong></span> <span class='ocrx_word' id='word_1_113' title='bbox 1159 1149 1209 1212; x_wconf 91' lang='lat' dir='ltr'><strong>illa</strong></span> <span class='ocrx_word' id='word_1_114' title='bbox 1224 1170 1276 1213; x_wconf 91' lang='lat' dir='ltr'><strong>so-</strong></span> 
     </span>
     <span class='ocr_line' id='line_1_13' title="bbox 58 1234 1274 1316; baseline 0.007 -26"><span class='ocrx_word' id='word_1_115' title='bbox 58 1234 185 1295; x_wconf 90' lang='lat' dir='ltr'><strong>stantialia</strong></span> <span class='ocrx_word' id='word_1_116' title='bbox 199 1235 379 1296; x_wconf 87' lang='lat' dir='ltr'><strong>documenta</strong></span> <span class='ocrx_word' id='word_1_117' title='bbox 389 1235 494 1316; x_wconf 91' lang='lat' dir='ltr'><strong>partim</strong></span> <span class='ocrx_word' id='word_1_118' title='bbox 504 1236 635 1316; x_wconf 90' lang='lat' dir='ltr'><strong>seriptis,</strong></span> <span class='ocrx_word' id='word_1_119' title='bbox 676 1235 705 1296; x_wconf 89' lang='lat' dir='ltr'><strong>la</strong></span> <span class='ocrx_word' id='word_1_120' title='bbox 717 1235 862 1297; x_wconf 89' lang='lat' dir='ltr'><strong>credenda</strong></span> <span class='ocrx_word' id='word_1_121' title='bbox 875 1245 919 1296; x_wconf 89' lang='lat' dir='ltr'><strong>est</strong></span> <span class='ocrx_word' id='word_1_122' title='bbox 931 1235 1050 1309; x_wconf 87' lang='lat' dir='ltr'><strong>veritas,</strong></span> <span class='ocrx_word' id='word_1_123' title='bbox 1061 1254 1137 1316; x_wconf 90' lang='lat' dir='ltr'><strong>quae</strong></span> <span class='ocrx_word' id='word_1_124' title='bbox 1149 1235 1179 1295; x_wconf 92' lang='lat' dir='ltr'><strong>in</strong></span> <span class='ocrx_word' id='word_1_125' title='bbox 1193 1236 1274 1298; x_wconf 90' lang='lat' dir='ltr'><strong>nullo</strong></span> 
     </span>
     <span class='ocr_line' id='line_1_14' title="bbox 59 1317 1273 1400; baseline 0.005 -26"><span class='ocrx_word' id='word_1_126' title='bbox 59 1317 144 1393; x_wconf 91' lang='lat' dir='ltr'><strong>partim</strong></span> <span class='ocrx_word' id='word_1_127' title='bbox 174 1337 233 1380; x_wconf 92' lang='lat' dir='ltr'><strong>non</strong></span> <span class='ocrx_word' id='word_1_128' title='bbox 260 1319 379 1400; x_wconf 88' lang='lat' dir='ltr'><strong>scriptis</strong></span> <span class='ocrx_word' id='word_1_129' title='bbox 400 1319 637 1383; x_wconf 87' lang='lat' dir='ltr'><strong>institutionibus</strong></span> <span class='ocrx_word' id='word_1_130' title='bbox 677 1318 1273 1382; x_wconf 84' lang='lat' dir='ltr'><strong>abecclesiastieadiscordattraditione.)</strong></span> 
     </span>
     <span class='ocr_line' id='line_1_15' title="bbox 58 1400 1276 1484; baseline 0.007 -28"><span class='ocrx_word' id='word_1_131' title='bbox 58 1400 106 1459; x_wconf 87' lang='lat' dir='ltr'><strong>suis</strong></span> <span class='ocrx_word' id='word_1_132' title='bbox 122 1402 203 1464; x_wconf 88' lang='lat' dir='ltr'><strong>rrobis</strong></span> <span class='ocrx_word' id='word_1_133' title='bbox 221 1403 441 1484; x_wconf 82' lang='lat' dir='ltr'><strong>reliquerunt.»</strong></span> <span class='ocrx_word' id='word_1_134' title='bbox 457 1437 499 1450; x_wconf 88' lang='lat'>-</span> <span class='ocrx_word' id='word_1_135' title='bbox 517 1404 548 1467; x_wconf 86' lang='lat' dir='ltr'><strong>S.</strong></span> <span class='ocrx_word' id='word_1_136' title='bbox 569 1405 634 1466; x_wconf 79' lang='lat' dir='ltr'><strong>lae·</strong></span> <span class='ocrx_word' id='word_1_137' title='bbox 675 1437 718 1448; x_wconf 89' lang='lat'><em>-</em></span> <span class='ocrx_word' id='word_1_138' title='bbox 735 1403 768 1467; x_wconf 89' lang='lat' dir='ltr'><strong>S.</strong></span> <span class='ocrx_word' id='word_1_139' title='bbox 793 1403 962 1483; x_wconf 67' lang='lat' dir='ltr'><strong>(lyparitanus</strong></span> <span class='ocrx_word' id='word_1_140' title='bbox 990 1411 1129 1483; x_wconf 87' lang='lat' dir='ltr'><strong>tanquam</strong></span> <span class='ocrx_word' id='word_1_141' title='bbox 1159 1401 1276 1464; x_wconf 78' lang='lat' dir='ltr'><strong>axioma</strong></span> 
     </span>
     <span class='ocr_line' id='line_1_16' title="bbox 58 1485 1273 1567; baseline 0.006 -26"><span class='ocrx_word' id='word_1_142' title='bbox 58 1499 132 1546; x_wconf 88' lang='lat' dir='ltr'><strong>nuens</strong></span> <span class='ocrx_word' id='word_1_143' title='bbox 145 1485 190 1566; x_wconf 74' lang='lat' dir='ltr'><strong>(E)</strong></span> <span class='ocrx_word' id='word_1_144' title='bbox 210 1488 407 1564; x_wconf 84' lang='lat' dir='ltr'><strong>lamentatur,</strong></span> <span class='ocrx_word' id='word_1_145' title='bbox 433 1508 447 1548; x_wconf 84' lang='lat' dir='ltr'><strong>a</strong></span> <span class='ocrx_word' id='word_1_146' title='bbox 470 1488 637 1549; x_wconf 92' lang='lat' dir='ltr'><strong>haereticos</strong></span> <span class='ocrx_word' id='word_1_147' title='bbox 677 1494 788 1548; x_wconf 88' lang='lat' dir='ltr'><strong>certum</strong></span> <span class='ocrx_word' id='word_1_148' title='bbox 808 1487 980 1563; x_wconf 91' lang='lat' dir='ltr'><strong>constituit,</strong></span> <span class='ocrx_word' id='word_1_149' title='bbox 997 1507 1013 1548; x_wconf 78' lang='lat' dir='ltr'><strong>c</strong></span> <span class='ocrx_word' id='word_1_150' title='bbox 1032 1496 1063 1547; x_wconf 91' lang='lat' dir='ltr'><strong>ut</strong></span> <span class='ocrx_word' id='word_1_151' title='bbox 1080 1486 1104 1548; x_wconf 92' lang='lat' dir='ltr'><strong>si</strong></span> <span class='ocrx_word' id='word_1_152' title='bbox 1123 1485 1153 1547; x_wconf 92' lang='lat' dir='ltr'><strong>in</strong></span> <span class='ocrx_word' id='word_1_153' title='bbox 1174 1487 1273 1567; x_wconf 88' lang='lat' dir='ltr'><strong>aliquo</strong></span> 
     </span>
     <span class='ocr_line' id='line_1_17' title="bbox 59 1570 1276 1652; baseline 0.007 -28"><span class='ocrx_word' id='word_1_154' title='bbox 59 1583 137 1647; x_wconf 88' lang='lat' dir='ltr'><strong>neqrre</strong></span> <span class='ocrx_word' id='word_1_155' title='bbox 154 1571 410 1652; x_wconf 77' lang='lat' dir='ltr'><strong>scripturae&#39;iam,</strong></span> <span class='ocrx_word' id='word_1_156' title='bbox 427 1590 523 1652; x_wconf 91' lang='lat' dir='ltr'><strong>neque</strong></span> <span class='ocrx_word' id='word_1_157' title='bbox 543 1571 636 1633; x_wconf 71' lang='lat' dir='ltr'><strong>tradi«</strong></span> <span class='ocrx_word' id='word_1_158' title='bbox 678 1571 825 1632; x_wconf 83' lang='lat' dir='ltr'><strong>nutaverit</strong></span> <span class='ocrx_word' id='word_1_159' title='bbox 848 1579 877 1632; x_wconf 90' lang='lat' dir='ltr'><strong>et</strong></span> <span class='ocrx_word' id='word_1_160' title='bbox 902 1570 1082 1632; x_wconf 86' lang='lat' dir='ltr'><strong>vacillaverit</strong></span> <span class='ocrx_word' id='word_1_161' title='bbox 1100 1570 1219 1646; x_wconf 87' lang='lat' dir='ltr'><strong>veritas,</strong></span> <span class='ocrx_word' id='word_1_162' title='bbox 1238 1570 1276 1632; x_wconf 92' lang='lat' dir='ltr'><strong>ad</strong></span> 
     </span>
     <span class='ocr_line' id='line_1_18' title="bbox 59 1649 1274 1736; baseline 0.007 -30"><span class='ocrx_word' id='word_1_163' title='bbox 59 1649 168 1713; x_wconf 88' lang='lat' dir='ltr'><strong>tionibus</strong></span> <span class='ocrx_word' id='word_1_164' title='bbox 187 1655 368 1717; x_wconf 89' lang='lat' dir='ltr'><strong>consentire:</strong></span> <span class='ocrx_word' id='word_1_165' title='bbox 384 1675 400 1716; x_wconf 78' lang='lat' dir='ltr'><strong>a</strong></span> <span class='ocrx_word' id='word_1_166' title='bbox 416 1655 525 1736; x_wconf 88' lang='lat' dir='ltr'><strong>qrnibus</strong></span> <span class='ocrx_word' id='word_1_167' title='bbox 538 1656 636 1718; x_wconf 89' lang='lat' dir='ltr'><strong>verbis</strong></span> <span class='ocrx_word' id='word_1_168' title='bbox 676 1654 819 1734; x_wconf 84' lang='lat' dir='ltr'><strong>originem</strong></span> <span class='ocrx_word' id='word_1_169' title='bbox 829 1653 1007 1715; x_wconf 89' lang='lat' dir='ltr'><strong>dominicam</strong></span> <span class='ocrx_word' id='word_1_170' title='bbox 1021 1661 1050 1715; x_wconf 90' lang='lat' dir='ltr'><strong>et</strong></span> <span class='ocrx_word' id='word_1_171' title='bbox 1062 1655 1274 1732; x_wconf 82' lang='lat' dir='ltr'><strong>evangelicam,</strong></span> 
     </span>
     <span class='ocr_line' id='line_1_19' title="bbox 59 1737 1275 1819; baseline 0.007 -29"><span class='ocrx_word' id='word_1_172' title='bbox 59 1737 294 1817; x_wconf 90' lang='lat' dir='ltr'><strong>aperteduplicem</strong></span> <span class='ocrx_word' id='word_1_173' title='bbox 306 1739 574 1816; x_wconf 82' lang='lat' dir='ltr'><strong>cognoscendorum</strong></span> <span class='ocrx_word' id='word_1_174' title='bbox 584 1739 638 1800; x_wconf 85' lang='lat' dir='ltr'><strong>rlo-</strong></span> <span class='ocrx_word' id='word_1_175' title='bbox 677 1748 705 1801; x_wconf 90' lang='lat' dir='ltr'><strong>el</strong></span> <span class='ocrx_word' id='word_1_176' title='bbox 721 1739 910 1819; x_wconf 87' lang='lat' dir='ltr'><strong>apostolicam</strong></span> <span class='ocrx_word' id='word_1_177' title='bbox 931 1737 1118 1799; x_wconf 84' lang='lat' dir='ltr'><strong>traditionem</strong></span> <span class='ocrx_word' id='word_1_178' title='bbox 1140 1747 1275 1800; x_wconf 89' lang='lat' dir='ltr'><strong>reverta-</strong></span> 
     </span>
     <span class='ocr_line' id='line_1_20' title="bbox 58 1822 1273 1904; baseline 0.006 -28"><span class='ocrx_word' id='word_1_179' title='bbox 58 1828 165 1891; x_wconf 74' lang='lat' dir='ltr'><strong>gnatum</strong></span> <span class='ocrx_word' id='word_1_180' title='bbox 181 1824 295 1884; x_wconf 91' lang='lat' dir='ltr'><strong>lentem</strong></span> <span class='ocrx_word' id='word_1_181' title='bbox 314 1823 455 1902; x_wconf 81' lang='lat' dir='ltr'><strong>assignat.</strong></span> <span class='ocrx_word' id='word_1_182' title='bbox 471 1823 507 1884; x_wconf 90' lang='lat' dir='ltr'><strong>Et</strong></span> <span class='ocrx_word' id='word_1_183' title='bbox 519 1823 566 1904; x_wconf 86' lang='lat'><strong>(3)</strong></span> <span class='ocrx_word' id='word_1_184' title='bbox 587 1823 636 1884; x_wconf 88' lang='lat' dir='ltr'><strong>di·</strong></span> <span class='ocrx_word' id='word_1_185' title='bbox 678 1842 744 1884; x_wconf 88' lang='lat' dir='ltr'><strong>rnur</strong></span> <span class='ocrx_word' id='word_1_186' title='bbox 772 1823 831 1902; x_wconf 82' lang='lat' dir='ltr'><strong>(l).</strong></span> <span class='ocrx_word' id='word_1_187' title='bbox 853 1841 869 1883; x_wconf 74' lang='lat' dir='ltr'><strong>a</strong></span> <span class='ocrx_word' id='word_1_188' title='bbox 889 1856 932 1868; x_wconf 89' lang='lat'><strong>—</strong></span> <span class='ocrx_word' id='word_1_189' title='bbox 951 1822 1096 1885; x_wconf 76' lang='lat' dir='ltr'><strong>Eusebius</strong></span> <span class='ocrx_word' id='word_1_190' title='bbox 1118 1823 1200 1885; x_wconf 85' lang='lat' dir='ltr'><strong>Caes.</strong></span> <span class='ocrx_word' id='word_1_191' title='bbox 1225 1822 1273 1901; x_wconf 89' lang='lat'><strong>(8)</strong></span> 
     </span>
     <span class='ocr_line' id='line_1_21' title="bbox 58 1901 1275 1988; baseline 0.006 -30"><span class='ocrx_word' id='word_1_192' title='bbox 58 1901 101 1961; x_wconf 91' lang='lat' dir='ltr'><strong>cit:</strong></span> <span class='ocrx_word' id='word_1_193' title='bbox 124 1904 356 1968; x_wconf 79' lang='lat' dir='ltr'><strong>«Traditionem</strong></span> <span class='ocrx_word' id='word_1_194' title='bbox 376 1908 584 1988; x_wconf 79' lang='lat' dir='ltr'><strong>Apostolorum</strong></span> <span class='ocrx_word' id='word_1_195' title='bbox 605 1907 637 1968; x_wconf 94' lang='lat' dir='ltr'><strong>in</strong></span> <span class='ocrx_word' id='word_1_196' title='bbox 678 1909 736 1968; x_wconf 90' lang='lat' dir='ltr'><strong>ait:</strong></span> <span class='ocrx_word' id='word_1_197' title='bbox 757 1905 831 1967; x_wconf 84' lang='lat' dir='ltr'><strong>‹Arl</strong></span> <span class='ocrx_word' id='word_1_198' title='bbox 850 1905 1083 1967; x_wconf 86' lang='lat' dir='ltr'><strong>imbecillitatem</strong></span> <span class='ocrx_word' id='word_1_199' title='bbox 1114 1907 1275 1966; x_wconf 90' lang='lat' dir='ltr'><strong>mullorum</strong></span> 
     </span>
     <span class='ocr_line' id='line_1_22' title="bbox 59 1988 1275 2070; baseline 0.007 -28"><span class='ocrx_word' id='word_1_200' title='bbox 59 1990 106 2046; x_wconf 92' lang='lat' dir='ltr'><strong>toto</strong></span> <span class='ocrx_word' id='word_1_201' title='bbox 126 1990 232 2050; x_wconf 88' lang='lat' dir='ltr'><strong>mundo</strong></span> <span class='ocrx_word' id='word_1_202' title='bbox 253 1991 482 2068; x_wconf 83' lang='lat' dir='ltr'><strong>masnilestatam,</strong></span> <span class='ocrx_word' id='word_1_203' title='bbox 505 1991 637 2052; x_wconf 91' lang='lat' dir='ltr'><strong>inomni</strong></span> <span class='ocrx_word' id='word_1_204' title='bbox 677 2011 708 2052; x_wconf 89' lang='lat' dir='ltr'><strong>se</strong></span> <span class='ocrx_word' id='word_1_205' title='bbox 728 1990 918 2052; x_wconf 88' lang='lat' dir='ltr'><strong>demittentes</strong></span> <span class='ocrx_word' id='word_1_206' title='bbox 933 1990 1077 2069; x_wconf 83' lang='lat' dir='ltr'><strong>Apostoli,</strong></span> <span class='ocrx_word' id='word_1_207' title='bbox 1098 1989 1203 2070; x_wconf 88' lang='lat' dir='ltr'><strong>partim</strong></span> <span class='ocrx_word' id='word_1_208' title='bbox 1222 1988 1275 2051; x_wconf 92' lang='lat' dir='ltr'><strong>lit·</strong></span> 
     </span>
     <span class='ocr_line' id='line_1_23' title="bbox 59 2065 1275 2157; baseline 0.007 -31"><span class='ocrx_word' id='word_1_209' title='bbox 59 2065 169 2134; x_wconf 86' lang='lat' dir='ltr'><strong>Ecclesia</strong></span> <span class='ocrx_word' id='word_1_210' title='bbox 193 2074 277 2135; x_wconf 91' lang='lat' dir='ltr'><strong>adest</strong></span> <span class='ocrx_word' id='word_1_211' title='bbox 302 2075 450 2157; x_wconf 86' lang='lat' dir='ltr'><strong>respicere</strong></span> <span class='ocrx_word' id='word_1_212' title='bbox 476 2075 635 2151; x_wconf 87' lang='lat' dir='ltr'><strong>erunibus,</strong></span> <span class='ocrx_word' id='word_1_213' title='bbox 678 2075 762 2148; x_wconf 88' lang='lat' dir='ltr'><strong>teris,</strong></span> <span class='ocrx_word' id='word_1_214' title='bbox 782 2075 887 2155; x_wconf 89' lang='lat' dir='ltr'><strong>partirn</strong></span> <span class='ocrx_word' id='word_1_215' title='bbox 900 2073 965 2136; x_wconf 88' lang='lat' dir='ltr'><strong>sine</strong></span> <span class='ocrx_word' id='word_1_216' title='bbox 981 2072 1097 2148; x_wconf 87' lang='lat' dir='ltr'><strong>litteris,</strong></span> <span class='ocrx_word' id='word_1_217' title='bbox 1113 2073 1275 2154; x_wconf 89' lang='lat' dir='ltr'><strong>quasiiure</strong></span> 
     </span>
     <span class='ocr_line' id='line_1_24' title="bbox 60 2153 1274 2240; baseline 0.007 -30"><span class='ocrx_word' id='word_1_218' title='bbox 60 2153 99 2229; x_wconf 92' lang='lat' dir='ltr'><strong>qni</strong></span> <span class='ocrx_word' id='word_1_219' title='bbox 115 2175 178 2217; x_wconf 92' lang='lat' dir='ltr'><strong>vera</strong></span> <span class='ocrx_word' id='word_1_220' title='bbox 206 2158 298 2220; x_wconf 91' lang='lat' dir='ltr'><strong>velint</strong></span> <span class='ocrx_word' id='word_1_221' title='bbox 324 2158 468 2220; x_wconf 78' lang='lat' dir='ltr'><strong>videre.»</strong></span> <span class='ocrx_word' id='word_1_222' title='bbox 500 2157 561 2221; x_wconf 91' lang='lat' dir='ltr'><strong>lmo</strong></span> <span class='ocrx_word' id='word_1_223' title='bbox 590 2159 637 2239; x_wconf 83' lang='lat' dir='ltr'><strong>(l)</strong></span> <span class='ocrx_word' id='word_1_224' title='bbox 677 2159 805 2240; x_wconf 90' lang='lat' dir='ltr'><strong>quodam</strong></span> <span class='ocrx_word' id='word_1_225' title='bbox 827 2157 1010 2237; x_wconf 85' lang='lat' dir='ltr'><strong>conscripto</strong></span> <span class='ocrx_word' id='word_1_226' title='bbox 1028 2159 1170 2219; x_wconf 86' lang='lat' dir='ltr'><strong>servanda</strong></span> <span class='ocrx_word' id='word_1_227' title='bbox 1190 2176 1274 2220; x_wconf 92' lang='lat' dir='ltr'><strong>com-</strong></span> 
     </span>
     <span class='ocr_line' id='line_1_25' title="bbox 59 2236 1276 2323; baseline 0.007 -30"><span class='ocrx_word' id='word_1_228' title='bbox 59 2236 121 2300; x_wconf 88' lang='lat' dir='ltr'><strong>clare</strong></span> <span class='ocrx_word' id='word_1_229' title='bbox 137 2241 252 2317; x_wconf 90' lang='lat' dir='ltr'><strong>asserit,</strong></span> <span class='ocrx_word' id='word_1_230' title='bbox 273 2242 298 2304; x_wconf 92' lang='lat' dir='ltr'><strong>si</strong></span> <span class='ocrx_word' id='word_1_231' title='bbox 321 2242 452 2323; x_wconf 85' lang='lat' dir='ltr'><strong>Apostoli</strong></span> <span class='ocrx_word' id='word_1_232' title='bbox 470 2241 637 2322; x_wconf 88' lang='lat' dir='ltr'><strong>Scripturas</strong></span> <span class='ocrx_word' id='word_1_233' title='bbox 679 2243 888 2304; x_wconf 78' lang='lat' dir='ltr'><strong>mendarum.»</strong></span> <span class='ocrx_word' id='word_1_234' title='bbox 904 2242 986 2306; x_wconf 90' lang='lat' dir='ltr'><strong>-S.</strong></span> <span class='ocrx_word' id='word_1_235' title='bbox 998 2241 1130 2304; x_wconf 76' lang='lat' dir='ltr'><strong>Basilius</strong></span> <span class='ocrx_word' id='word_1_236' title='bbox 1142 2243 1188 2320; x_wconf 86' lang='grc'><strong>(9)</strong></span> <span class='ocrx_word' id='word_1_237' title='bbox 1204 2241 1276 2304; x_wconf 90' lang='lat' dir='ltr'><strong>scri·</strong></span> 
     </span>
     <span class='ocr_line' id='line_1_26' title="bbox 59 2325 1274 2407; baseline 0.008 -30"><span class='ocrx_word' id='word_1_238' title='bbox 59 2335 104 2380; x_wconf 93' lang='lat' dir='ltr'><strong>non</strong></span> <span class='ocrx_word' id='word_1_239' title='bbox 127 2325 335 2405; x_wconf 87' lang='lat' dir='ltr'><strong>reliquissent,</strong></span> <span class='ocrx_word' id='word_1_240' title='bbox 356 2345 408 2407; x_wconf 92' lang='lat' dir='ltr'><strong>per</strong></span> <span class='ocrx_word' id='word_1_241' title='bbox 425 2327 516 2388; x_wconf 91' lang='lat' dir='ltr'><strong>solam</strong></span> <span class='ocrx_word' id='word_1_242' title='bbox 543 2327 637 2389; x_wconf 92' lang='lat' dir='ltr'><strong>tradi·</strong></span> <span class='ocrx_word' id='word_1_243' title='bbox 678 2327 732 2388; x_wconf 92' lang='lat' dir='ltr'><strong>bit:</strong></span> <span class='ocrx_word' id='word_1_244' title='bbox 754 2325 827 2388; x_wconf 83' lang='lat' dir='ltr'><strong>(Ex</strong></span> <span class='ocrx_word' id='word_1_245' title='bbox 847 2325 1002 2388; x_wconf 86' lang='lat' dir='ltr'><strong>asservatis</strong></span> <span class='ocrx_word' id='word_1_246' title='bbox 1020 2326 1050 2386; x_wconf 91' lang='lat' dir='ltr'><strong>in</strong></span> <span class='ocrx_word' id='word_1_247' title='bbox 1068 2325 1200 2387; x_wconf 85' lang='lat' dir='ltr'><strong>Ecclesia</strong></span> <span class='ocrx_word' id='word_1_248' title='bbox 1219 2327 1274 2388; x_wconf 92' lang='lat' dir='ltr'><strong>do·</strong></span> 
     </span>
     <span class='ocr_line' id='line_1_27' title="bbox 60 2402 1274 2492; baseline 0.01 -32"><span class='ocrx_word' id='word_1_249' title='bbox 60 2402 149 2476; x_wconf 87' lang='lat' dir='ltr'><strong>lienem</strong></span> <span class='ocrx_word' id='word_1_250' title='bbox 169 2411 256 2470; x_wconf 89' lang='lat' dir='ltr'><strong>lidenn</strong></span> <span class='ocrx_word' id='word_1_251' title='bbox 278 2420 387 2471; x_wconf 87' lang='lat' dir='ltr'><strong>rectam</strong></span> <span class='ocrx_word' id='word_1_252' title='bbox 406 2410 512 2473; x_wconf 91' lang='lat' dir='ltr'><strong>inst-rui</strong></span> <span class='ocrx_word' id='word_1_253' title='bbox 531 2430 635 2492; x_wconf 85' lang='lat' dir='ltr'><strong>posse,</strong></span> <span class='ocrx_word' id='word_1_254' title='bbox 676 2409 891 2489; x_wconf 84' lang='lat' dir='ltr'><strong>gmalibusalia</strong></span> <span class='ocrx_word' id='word_1_255' title='bbox 903 2410 1023 2490; x_wconf 90' lang='lat' dir='ltr'><strong>quidem</strong></span> <span class='ocrx_word' id='word_1_256' title='bbox 1040 2409 1274 2472; x_wconf 86' lang='lat' dir='ltr'><strong>lrabemusedo·</strong></span> 
     </span>
     <span class='ocr_line' id='line_1_28' title="bbox 61 2489 1277 2576; baseline 0.008 -31"><span class='ocrx_word' id='word_1_257' title='bbox 61 2489 121 2564; x_wconf 86' lang='lat' dir='ltr'><strong>qued</strong></span> <span class='ocrx_word' id='word_1_258' title='bbox 133 2499 159 2552; x_wconf 87' lang='lat' dir='ltr'><strong>et</strong></span> <span class='ocrx_word' id='word_1_259' title='bbox 172 2503 237 2554; x_wconf 91' lang='lat' dir='ltr'><strong>actu</strong></span> <span class='ocrx_word' id='word_1_260' title='bbox 255 2494 319 2554; x_wconf 85' lang='lat' dir='ltr'><strong>deri</strong></span> <span class='ocrx_word' id='word_1_261' title='bbox 335 2503 457 2556; x_wconf 89' lang='lat' dir='ltr'><strong>testatur</strong></span> <span class='ocrx_word' id='word_1_262' title='bbox 469 2496 544 2576; x_wconf 89' lang='lat' dir='ltr'><strong>apud</strong></span> <span class='ocrx_word' id='word_1_263' title='bbox 558 2495 637 2555; x_wconf 89' lang='lat' dir='ltr'><strong>mul·</strong></span> <span class='ocrx_word' id='word_1_264' title='bbox 677 2495 772 2555; x_wconf 90' lang='lat' dir='ltr'><strong>ctrina</strong></span> <span class='ocrx_word' id='word_1_265' title='bbox 791 2495 900 2575; x_wconf 91' lang='lat' dir='ltr'><strong>scripto</strong></span> <span class='ocrx_word' id='word_1_266' title='bbox 919 2494 1046 2575; x_wconf 86' lang='lat' dir='ltr'><strong>prodita,</strong></span> <span class='ocrx_word' id='word_1_267' title='bbox 1066 2491 1125 2555; x_wconf 89' lang='lat' dir='ltr'><strong>alia</strong></span> <span class='ocrx_word' id='word_1_268' title='bbox 1140 2513 1208 2555; x_wconf 92' lang='lat' dir='ltr'><strong>vero</strong></span> <span class='ocrx_word' id='word_1_269' title='bbox 1228 2512 1277 2555; x_wconf 92' lang='lat' dir='ltr'><strong>re·</strong></span> 
     </span>
     <span class='ocr_line' id='line_1_29' title="bbox 61 2575 1271 2660; baseline 0.005 -28"><span class='ocrx_word' id='word_1_270' title='bbox 61 2575 95 2631; x_wconf 86' lang='lat' dir='ltr'><strong>les</strong></span> <span class='ocrx_word' id='word_1_271' title='bbox 111 2577 228 2654; x_wconf 89' lang='lat' dir='ltr'><strong>populos</strong></span> <span class='ocrx_word' id='word_1_272' title='bbox 241 2577 395 2654; x_wconf 88' lang='lat' dir='ltr'><strong>barbaros,</strong></span> <span class='ocrx_word' id='word_1_273' title='bbox 412 2598 427 2640; x_wconf 78' lang='lat' dir='ltr'><strong>t</strong></span> <span class='ocrx_word' id='word_1_274' title='bbox 442 2582 492 2660; x_wconf 91' lang='lat' dir='ltr'><strong>qui</strong></span> <span class='ocrx_word' id='word_1_275' title='bbox 508 2580 537 2641; x_wconf 91' lang='lat' dir='ltr'><strong>iu</strong></span> <span class='ocrx_word' id='word_1_276' title='bbox 551 2577 637 2641; x_wconf 90' lang='lat' dir='ltr'><strong>Chri·</strong></span> <span class='ocrx_word' id='word_1_277' title='bbox 677 2579 810 2659; x_wconf 87' lang='lat' dir='ltr'><strong>cepimus</strong></span> <span class='ocrx_word' id='word_1_278' title='bbox 825 2597 859 2639; x_wconf 85' lang='lat' dir='ltr'><strong>ex</strong></span> <span class='ocrx_word' id='word_1_279' title='bbox 883 2578 1038 2640; x_wconf 86' lang='lat' dir='ltr'><strong>traditione</strong></span> <span class='ocrx_word' id='word_1_280' title='bbox 1050 2577 1271 2658; x_wconf 88' lang='lat' dir='ltr'><strong>Apostolorum,</strong></span> 
     </span>
     <span class='ocr_line' id='line_1_30' title="bbox 60 2660 1276 2742; baseline 0.009 -31"><span class='ocrx_word' id='word_1_281' title='bbox 60 2660 120 2714; x_wconf 91' lang='lat' dir='ltr'><strong>stum</strong></span> <span class='ocrx_word' id='word_1_282' title='bbox 138 2661 260 2722; x_wconf 85' lang='lat' dir='ltr'><strong>credunt</strong></span> <span class='ocrx_word' id='word_1_283' title='bbox 288 2663 351 2722; x_wconf 91' lang='lat' dir='ltr'><strong>sine</strong></span> <span class='ocrx_word' id='word_1_284' title='bbox 369 2663 470 2724; x_wconf 89' lang='lat' dir='ltr'><strong>charta</strong></span> <span class='ocrx_word' id='word_1_285' title='bbox 499 2672 528 2725; x_wconf 90' lang='lat' dir='ltr'><strong>et</strong></span> <span class='ocrx_word' id='word_1_286' title='bbox 557 2672 646 2724; x_wconf 88' lang='lat' dir='ltr'><strong>alra·.</strong></span> <span class='ocrx_word' id='word_1_287' title='bbox 678 2680 802 2742; x_wconf 88' lang='lat' dir='ltr'><strong>quorum</strong></span> <span class='ocrx_word' id='word_1_288' title='bbox 816 2666 941 2742; x_wconf 84' lang='lat' dir='ltr'><strong>utraque</strong></span> <span class='ocrx_word' id='word_1_289' title='bbox 954 2662 1011 2722; x_wconf 89' lang='lat' dir='ltr'><strong>vim</strong></span> <span class='ocrx_word' id='word_1_290' title='bbox 1027 2660 1151 2723; x_wconf 84' lang='lat' dir='ltr'><strong>eandem</strong></span> <span class='ocrx_word' id='word_1_291' title='bbox 1166 2661 1276 2722; x_wconf 91' lang='lat' dir='ltr'><strong>habent</strong></span> 
     </span>
     <span class='ocr_line' id='line_1_31' title="bbox 60 2744 1274 2828; baseline 0.008 -34"><span class='ocrx_word' id='word_1_292' title='bbox 60 2749 151 2817; x_wconf 89' lang='lat' dir='ltr'><strong>mento,</strong></span> <span class='ocrx_word' id='word_1_293' title='bbox 171 2746 311 2825; x_wconf 88' lang='lat' dir='ltr'><strong>scriptam</strong></span> <span class='ocrx_word' id='word_1_294' title='bbox 332 2745 474 2808; x_wconf 87' lang='lat' dir='ltr'><strong>habentes</strong></span> <span class='ocrx_word' id='word_1_295' title='bbox 493 2765 545 2828; x_wconf 93' lang='lat' dir='ltr'><strong>per</strong></span> <span class='ocrx_word' id='word_1_296' title='bbox 568 2744 637 2828; x_wconf 86' lang='lat' dir='ltr'><strong>Spi-</strong></span> <span class='ocrx_word' id='word_1_297' title='bbox 679 2748 714 2808; x_wconf 90' lang='lat' dir='ltr'><strong>ad</strong></span> <span class='ocrx_word' id='word_1_298' title='bbox 732 2747 884 2826; x_wconf 91' lang='lat' dir='ltr'><strong>pietatem,</strong></span> <span class='ocrx_word' id='word_1_299' title='bbox 904 2763 957 2806; x_wconf 88' lang='lat' dir='ltr'><strong>nee</strong></span> <span class='ocrx_word' id='word_1_300' title='bbox 972 2745 1009 2804; x_wconf 87' lang='lat' dir='ltr'><strong>iis</strong></span> <span class='ocrx_word' id='word_1_301' title='bbox 1027 2745 1183 2825; x_wconf 89' lang='lat' dir='ltr'><strong>qnisquam</strong></span> <span class='ocrx_word' id='word_1_302' title='bbox 1199 2762 1274 2804; x_wconf 89' lang='lat' dir='ltr'><strong>con-</strong></span> 
     </span>
     <span class='ocr_line' id='line_1_32' title="bbox 61 2819 1274 2909; baseline 0.01 -33"><span class='ocrx_word' id='word_1_303' title='bbox 61 2819 132 2884; x_wconf 88' lang='lat' dir='ltr'><strong>nitum</strong></span> <span class='ocrx_word' id='word_1_304' title='bbox 152 2826 181 2888; x_wconf 93' lang='lat' dir='ltr'><strong>in</strong></span> <span class='ocrx_word' id='word_1_305' title='bbox 207 2829 347 2890; x_wconf 89' lang='lat' dir='ltr'><strong>cordibus</strong></span> <span class='ocrx_word' id='word_1_306' title='bbox 365 2830 427 2892; x_wconf 91' lang='lat' dir='ltr'><strong>suis</strong></span> <span class='ocrx_word' id='word_1_307' title='bbox 452 2833 590 2906; x_wconf 87' lang='lat' dir='ltr'><strong>salutern,</strong></span> <span class='ocrx_word' id='word_1_308' title='bbox 610 2838 639 2892; x_wconf 93' lang='lat' dir='ltr'><strong>et</strong></span> <span class='ocrx_word' id='word_1_309' title='bbox 678 2828 924 2892; x_wconf 67' lang='lat' dir='ltr'><strong>tradimur-S.</strong></span> <span class='ocrx_word' id='word_1_310' title='bbox 940 2827 1274 2909; x_wconf 74' lang='lat' dir='ltr'><strong>GreporiarsNyss.(l0)</strong></span> 
     </span>
     <span class='ocr_line' id='line_1_33' title="bbox 60 2909 1275 2994; baseline 0.008 -33"><span class='ocrx_word' id='word_1_311' title='bbox 60 2913 166 2970; x_wconf 87' lang='lat' dir='ltr'><strong>veterem</strong></span> <span class='ocrx_word' id='word_1_312' title='bbox 187 2913 374 2975; x_wconf 88' lang='lat' dir='ltr'><strong>traditionem</strong></span> <span class='ocrx_word' id='word_1_313' title='bbox 403 2914 559 2994; x_wconf 80' lang='lat' dir='ltr'><strong>diligenter</strong></span> <span class='ocrx_word' id='word_1_314' title='bbox 583 2933 639 2975; x_wconf 91' lang='lat' dir='ltr'><strong>eu·</strong></span> <span class='ocrx_word' id='word_1_315' title='bbox 680 2913 786 2994; x_wconf 89' lang='lat' dir='ltr'><strong>inquit:</strong></span> <span class='ocrx_word' id='word_1_316' title='bbox 810 2909 950 2974; x_wconf 82' lang='lat' dir='ltr'><strong>(Sufficit</strong></span> <span class='ocrx_word' id='word_1_317' title='bbox 965 2912 1001 2972; x_wconf 94' lang='lat' dir='ltr'><strong>ad</strong></span> <span class='ocrx_word' id='word_1_318' title='bbox 1018 2910 1109 2972; x_wconf 88' lang='lat' dir='ltr'><strong>nostri</strong></span> <span class='ocrx_word' id='word_1_319' title='bbox 1127 2909 1275 2971; x_wconf 85' lang='lat' dir='ltr'><strong>sermonis</strong></span> 
     </span>
     <span class='ocr_line' id='line_1_34' title="bbox 60 2989 1275 3078; baseline 0.008 -33"><span class='ocrx_word' id='word_1_320' title='bbox 60 2989 210 3057; x_wconf 87' lang='lat' dir='ltr'><strong>stodientes.</strong></span> <span class='ocrx_word' id='word_1_321' title='bbox 227 3016 295 3057; x_wconf 76' lang='lat' dir='ltr'><strong>n—</strong></span> <span class='ocrx_word' id='word_1_322' title='bbox 312 2998 511 3061; x_wconf 79' lang='lat' dir='ltr'><strong>Tertullianus</strong></span> <span class='ocrx_word' id='word_1_323' title='bbox 524 2999 571 3078; x_wconf 85' lang='lat'><strong>(5)</strong></span> <span class='ocrx_word' id='word_1_324' title='bbox 584 2999 637 3060; x_wconf 89' lang='lat' dir='ltr'><strong>ait:</strong></span> <span class='ocrx_word' id='word_1_325' title='bbox 680 2996 977 3071; x_wconf 87' lang='lat' dir='ltr'><strong>dernenstrationem,</strong></span> <span class='ocrx_word' id='word_1_326' title='bbox 997 2993 1074 3075; x_wconf 88' lang='lat' dir='ltr'><strong>qued</strong></span> <span class='ocrx_word' id='word_1_327' title='bbox 1093 2993 1236 3054; x_wconf 88' lang='lat' dir='ltr'><strong>babemus</strong></span> <span class='ocrx_word' id='word_1_328' title='bbox 1257 3013 1275 3055; x_wconf 90' lang='lat' dir='ltr'><strong>a</strong></span> 
     </span>
     <span class='ocr_line' id='line_1_35' title="bbox 62 3070 1275 3161; baseline 0.007 -31"><span class='ocrx_word' id='word_1_329' title='bbox 62 3070 358 3161; x_wconf 82' lang='lat' dir='ltr'><strong>‹ChristusApostolis</strong></span> <span class='ocrx_word' id='word_1_330' title='bbox 371 3082 641 3144; x_wconf 86' lang='lat' dir='ltr'><strong>rnonrevelavitdo-</strong></span> <span class='ocrx_word' id='word_1_331' title='bbox 679 3081 816 3144; x_wconf 83' lang='lat' dir='ltr'><strong>Patribus</strong></span> <span class='ocrx_word' id='word_1_332' title='bbox 836 3079 1000 3142; x_wconf 88' lang='lat' dir='ltr'><strong>venientem</strong></span> <span class='ocrx_word' id='word_1_333' title='bbox 1020 3077 1055 3138; x_wconf 86' lang='lat' dir='ltr'><strong>arl</strong></span> <span class='ocrx_word' id='word_1_334' title='bbox 1076 3096 1129 3138; x_wconf 91' lang='lat' dir='ltr'><strong>nos</strong></span> <span class='ocrx_word' id='word_1_335' title='bbox 1143 3077 1275 3139; x_wconf 87' lang='lat' dir='ltr'><strong>traditio-</strong></span> 
     </span>
     <span class='ocr_line' id='line_1_36' title="bbox 60 3157 1275 3250; baseline 0.007 -33"><span class='ocrx_word' id='word_1_336' title='bbox 60 3157 246 3237; x_wconf 88' lang='lat' dir='ltr'><strong>elrinam,nisi</strong></span> <span class='ocrx_word' id='word_1_337' title='bbox 266 3184 354 3245; x_wconf 85' lang='lat' dir='ltr'><strong>quam</strong></span> <span class='ocrx_word' id='word_1_338' title='bbox 375 3185 390 3226; x_wconf 89' lang='lat' dir='ltr'><strong>a</strong></span> <span class='ocrx_word' id='word_1_339' title='bbox 411 3165 496 3228; x_wconf 90' lang='lat' dir='ltr'><strong>Patre</strong></span> <span class='ocrx_word' id='word_1_340' title='bbox 511 3167 637 3246; x_wconf 87' lang='lat' dir='ltr'><strong>accepit;</strong></span> <span class='ocrx_word' id='word_1_341' title='bbox 679 3162 1275 3250; x_wconf 52' lang='lat' dir='ltr'><strong>u,errn,veluthaereditatemquandamper</strong></span> 
     </span>
     <span class='ocr_line' id='line_1_37' title="bbox 61 3245 1274 3326; baseline 0.009 -29"><span class='ocrx_word' id='word_1_342' title='bbox 61 3255 185 3316; x_wconf 85' lang='lat' dir='ltr'><strong>quaenam</strong></span> <span class='ocrx_word' id='word_1_343' title='bbox 213 3257 313 3309; x_wconf 90' lang='lat' dir='ltr'><strong>autem</strong></span> <span class='ocrx_word' id='word_1_344' title='bbox 340 3250 377 3311; x_wconf 91' lang='lat' dir='ltr'><strong>sit</strong></span> <span class='ocrx_word' id='word_1_345' title='bbox 407 3250 478 3312; x_wconf 88' lang='lat' dir='ltr'><strong>haec</strong></span> <span class='ocrx_word' id='word_1_346' title='bbox 506 3250 640 3311; x_wconf 89' lang='lat' dir='ltr'><strong>doctrina</strong></span> <span class='ocrx_word' id='word_1_347' title='bbox 680 3249 896 3311; x_wconf 89' lang='lat' dir='ltr'><strong>successionem</strong></span> <span class='ocrx_word' id='word_1_348' title='bbox 916 3247 953 3308; x_wconf 93' lang='lat' dir='ltr'><strong>ab</strong></span> <span class='ocrx_word' id='word_1_349' title='bbox 972 3245 1119 3326; x_wconf 76' lang='lat' dir='ltr'><strong>Apostolis</strong></span> <span class='ocrx_word' id='word_1_350' title='bbox 1137 3264 1274 3325; x_wconf 81' lang='lat' dir='ltr'><strong>persan-</strong></span> 
     </span>
     <span class='ocr_line' id='line_1_38' title="bbox 61 3328 1276 3414; baseline 0.005 -30"><span class='ocrx_word' id='word_1_351' title='bbox 61 3337 106 3383; x_wconf 82' lang='lat' dir='ltr'><strong>uen</strong></span> <span class='ocrx_word' id='word_1_352' title='bbox 122 3329 203 3392; x_wconf 89' lang='lat' dir='ltr'><strong>aliter</strong></span> <span class='ocrx_word' id='word_1_353' title='bbox 229 3333 348 3412; x_wconf 89' lang='lat' dir='ltr'><strong>probari</strong></span> <span class='ocrx_word' id='word_1_354' title='bbox 375 3333 484 3411; x_wconf 87' lang='lat' dir='ltr'><strong>debet,</strong></span> <span class='ocrx_word' id='word_1_355' title='bbox 505 3333 561 3396; x_wconf 88' lang='lat' dir='ltr'><strong>nisi</strong></span> <span class='ocrx_word' id='word_1_356' title='bbox 588 3341 647 3414; x_wconf 87' lang='lat' dir='ltr'><strong>per</strong></span> <span class='ocrx_word' id='word_1_357' title='bbox 681 3343 743 3396; x_wconf 89' lang='lat' dir='ltr'><strong>ctos</strong></span> <span class='ocrx_word' id='word_1_358' title='bbox 773 3340 931 3412; x_wconf 89' lang='lat' dir='ltr'><strong>sequentes</strong></span> <span class='ocrx_word' id='word_1_359' title='bbox 961 3328 1207 3391; x_wconf 79' lang='lat' dir='ltr'><strong>transmissam.»</strong></span> <span class='ocrx_word' id='word_1_360' title='bbox 1233 3365 1276 3377; x_wconf 93' lang='lat'><strong>—-</strong></span> 
     </span>
     <span class='ocr_line' id='line_1_39' title="bbox 61 3409 1275 3500; baseline 0.013 -38"><span class='ocrx_word' id='word_1_361' title='bbox 61 3409 158 3471; x_wconf 88' lang='lat' dir='ltr'><strong>easdem</strong></span> <span class='ocrx_word' id='word_1_362' title='bbox 174 3414 334 3492; x_wconf 80' lang='lat' dir='ltr'><strong>Ecclesiae,</strong></span> <span class='ocrx_word' id='word_1_363' title='bbox 348 3437 421 3498; x_wconf 89' lang='lat' dir='ltr'><strong>quas</strong></span> <span class='ocrx_word' id='word_1_364' title='bbox 434 3417 490 3500; x_wconf 88' lang='lat' dir='ltr'><strong>ipsi</strong></span> <span class='ocrx_word' id='word_1_365' title='bbox 506 3417 640 3498; x_wconf 91' lang='lat' dir='ltr'><strong>Apostoli</strong></span> <span class='ocrx_word' id='word_1_366' title='bbox 680 3419 712 3483; x_wconf 87' lang='lat' dir='ltr'><strong>S.</strong></span> <span class='ocrx_word' id='word_1_367' title='bbox 724 3415 921 3496; x_wconf 71' lang='lat' dir='ltr'><strong>chrysostomi</strong></span> <span class='ocrx_word' id='word_1_368' title='bbox 932 3413 1100 3475; x_wconf 88' lang='lat' dir='ltr'><strong>testimonia</strong></span> <span class='ocrx_word' id='word_1_369' title='bbox 1112 3413 1169 3474; x_wconf 87' lang='lat' dir='ltr'><strong>ianr</strong></span> <span class='ocrx_word' id='word_1_370' title='bbox 1178 3414 1206 3496; x_wconf 63' lang='grc' dir='ltr'><strong>(ς</strong></span> <span class='ocrx_word' id='word_1_371' title='bbox 1215 3415 1275 3478; x_wconf 83' lang='grc'><strong>190</strong></span> 
     </span>
     <span class='ocr_line' id='line_1_40' title="bbox 39 3493 1275 3581; baseline 0.01 -31"><span class='ocrx_word' id='word_1_372' title='bbox 39 3568 43 3580; x_wconf 36' lang='grc' dir='ltr'><strong><em>Ι</em></strong></span> <span class='ocrx_word' id='word_1_373' title='bbox 62 3493 259 3575; x_wconf 79' lang='lat' dir='ltr'><strong>condiderunt,</strong></span> <span class='ocrx_word' id='word_1_374' title='bbox 278 3501 351 3581; x_wconf 88' lang='lat' dir='ltr'><strong>ipsis</strong></span> <span class='ocrx_word' id='word_1_375' title='bbox 376 3503 419 3563; x_wconf 91' lang='lat' dir='ltr'><strong>eis</strong></span> <span class='ocrx_word' id='word_1_376' title='bbox 445 3501 640 3581; x_wconf 88' lang='lat' dir='ltr'><strong>praedicando</strong></span> <span class='ocrx_word' id='word_1_377' title='bbox 682 3521 711 3562; x_wconf 94' lang='lat' dir='ltr'><strong>n.</strong></span> <span class='ocrx_word' id='word_1_378' title='bbox 726 3501 760 3580; x_wconf 75' lang='lat' dir='ltr'><strong>E)</strong></span> <span class='ocrx_word' id='word_1_379' title='bbox 772 3501 898 3560; x_wconf 89' lang='lat' dir='ltr'><strong>adducta</strong></span> <span class='ocrx_word' id='word_1_380' title='bbox 910 3498 1275 3580; x_wconf 85' lang='lat' dir='ltr'><strong>luerunt.·—S.Epiplte-</strong></span> 
     </span>
    </p>
   </div>
   <div class='ocr_carea' id='block_1_3' title="bbox 57 3577 1401 3666">
    <p class='ocr_par' dir='ltr' id='par_1_3' title="bbox 57 3577 1401 3666">
     <span class='ocr_line' id='line_1_41' title="bbox 57 3577 1401 3666; baseline 0.013 -33"><span class='ocrx_word' id='word_1_381' title='bbox 57 3577 108 3634; x_wconf 80' lang='lat' dir='ltr'><strong>&#39;lam</strong></span> <span class='ocrx_word' id='word_1_382' title='bbox 126 3579 184 3642; x_wconf 89' lang='lat' dir='ltr'><strong>viva</strong></span> <span class='ocrx_word' id='word_1_383' title='bbox 204 3585 296 3663; x_wconf 81' lang='lat' dir='ltr'><strong>(quod</strong></span> <span class='ocrx_word' id='word_1_384' title='bbox 324 3585 420 3665; x_wconf 90' lang='lat' dir='ltr'><strong>aiunt)</strong></span> <span class='ocrx_word' id='word_1_385' title='bbox 437 3605 527 3661; x_wconf 86' lang='lat' dir='ltr'><strong>voce,</strong></span> <span class='ocrx_word' id='word_1_386' title='bbox 551 3603 640 3666; x_wconf 90' lang='lat' dir='ltr'><strong>quam</strong></span> <span class='ocrx_word' id='word_1_387' title='bbox 680 3586 750 3648; x_wconf 82' lang='lat' dir='ltr'><strong>eires</strong></span> <span class='ocrx_word' id='word_1_388' title='bbox 770 3584 837 3664; x_wconf 91' lang='lat' dir='ltr'><strong>(ll)</strong></span> <span class='ocrx_word' id='word_1_389' title='bbox 858 3582 970 3662; x_wconf 89' lang='lat' dir='ltr'><strong>inquit:</strong></span> <span class='ocrx_word' id='word_1_390' title='bbox 989 3578 1123 3643; x_wconf 79' lang='lat' dir='ltr'><strong>(Sedet</strong></span> <span class='ocrx_word' id='word_1_391' title='bbox 1138 3582 1284 3645; x_wconf 56' lang='lat' dir='ltr'><strong>traditio?</strong></span> <span class='ocrx_word' id='word_1_392' title='bbox 1397 3634 1401 3650; x_wconf 75' lang='lat'><strong>.</strong></span> 
     </span>
    </p>
   </div>
   <div class='ocr_carea' id='block_1_4' title="bbox 60 3664 1277 4311">
    <p class='ocr_par' dir='ltr' id='par_1_4' title="bbox 60 3664 1277 4311">
     <span class='ocr_line' id='line_1_42' title="bbox 63 3664 1276 3750; baseline 0.003 -28"><span class='ocrx_word' id='word_1_393' title='bbox 63 3669 104 3731; x_wconf 77' lang='lat' dir='ltr'><strong>let</strong></span> <span class='ocrx_word' id='word_1_394' title='bbox 118 3664 253 3742; x_wconf 90' lang='lat' dir='ltr'><strong>epistolas</strong></span> <span class='ocrx_word' id='word_1_395' title='bbox 266 3678 380 3748; x_wconf 89' lang='lat' dir='ltr'><strong>postea.</strong></span> <span class='ocrx_word' id='word_1_396' title='bbox 391 3667 472 3740; x_wconf 85' lang='lat' dir='ltr'><strong>Quae</strong></span> <span class='ocrx_word' id='word_1_397' title='bbox 485 3670 508 3731; x_wconf 90' lang='lat' dir='ltr'><strong>si</strong></span> <span class='ocrx_word' id='word_1_398' title='bbox 522 3669 562 3730; x_wconf 87' lang='lat' dir='ltr'><strong>ita</strong></span> <span class='ocrx_word' id='word_1_399' title='bbox 573 3677 642 3731; x_wconf 91' lang='lat' dir='ltr'><strong>sunt</strong></span> <span class='ocrx_word' id='word_1_400' title='bbox 681 3686 848 3750; x_wconf 85' lang='lat' dir='ltr'><strong>nequaque</strong></span> <span class='ocrx_word' id='word_1_401' title='bbox 871 3685 945 3747; x_wconf 89' lang='lat' dir='ltr'><strong>opus</strong></span> <span class='ocrx_word' id='word_1_402' title='bbox 959 3674 1014 3742; x_wconf 88' lang='lat' dir='ltr'><strong>est;</strong></span> <span class='ocrx_word' id='word_1_403' title='bbox 1033 3684 1129 3746; x_wconf 91' lang='lat' dir='ltr'><strong>neque</strong></span> <span class='ocrx_word' id='word_1_404' title='bbox 1143 3668 1221 3728; x_wconf 89' lang='lat' dir='ltr'><strong>enirn</strong></span> <span class='ocrx_word' id='word_1_405' title='bbox 1240 3684 1276 3727; x_wconf 82' lang='lat' dir='ltr'><strong>ex</strong></span> 
     </span>
     <span class='ocr_line' id='line_1_43' title="bbox 62 3749 1274 3832; baseline 0.007 -31"><span class='ocrx_word' id='word_1_406' title='bbox 62 3753 158 3807; x_wconf 71' lang='lat' dir='ltr'><strong>elvestat</strong></span> <span class='ocrx_word' id='word_1_407' title='bbox 172 3751 307 3829; x_wconf 90' lang='lat' dir='ltr'><strong>proinde,</strong></span> <span class='ocrx_word' id='word_1_408' title='bbox 324 3772 442 3816; x_wconf 89' lang='lat' dir='ltr'><strong>omnem</strong></span> <span class='ocrx_word' id='word_1_409' title='bbox 461 3754 639 3830; x_wconf 84' lang='lat' dir='ltr'><strong>doctrinam,</strong></span> <span class='ocrx_word' id='word_1_410' title='bbox 680 3751 904 3832; x_wconf 88' lang='lat' dir='ltr'><strong>Scripturispeli</strong></span> <span class='ocrx_word' id='word_1_411' title='bbox 914 3749 1274 3830; x_wconf 79' lang='lat' dir='ltr'><strong>possuntonnnia3idcirro</strong></span> 
     </span>
     <span class='ocr_line' id='line_1_44' title="bbox 62 3831 1275 3917; baseline -0.006 -18"><span class='ocrx_word' id='word_1_412' title='bbox 62 3837 122 3898; x_wconf 89' lang='lat' dir='ltr'><strong>luae</strong></span> <span class='ocrx_word' id='word_1_413' title='bbox 140 3850 203 3894; x_wconf 91' lang='lat' dir='ltr'><strong>eum</strong></span> <span class='ocrx_word' id='word_1_414' title='bbox 223 3834 282 3896; x_wconf 92' lang='lat' dir='ltr'><strong>illis</strong></span> <span class='ocrx_word' id='word_1_415' title='bbox 304 3837 444 3899; x_wconf 75' lang='lat' dir='ltr'><strong>Ecclesiis</strong></span> <span class='ocrx_word' id='word_1_416' title='bbox 466 3836 642 3917; x_wconf 87' lang='lat' dir='ltr'><strong>Apostolicis</strong></span> <span class='ocrx_word' id='word_1_417' title='bbox 681 3837 739 3900; x_wconf 87' lang='lat' dir='ltr'><strong>alia</strong></span> <span class='ocrx_word' id='word_1_418' title='bbox 757 3835 877 3916; x_wconf 86' lang='lat' dir='ltr'><strong>scripto,</strong></span> <span class='ocrx_word' id='word_1_419' title='bbox 897 3834 1054 3896; x_wconf 88' lang='lat' dir='ltr'><strong>traditione</strong></span> <span class='ocrx_word' id='word_1_420' title='bbox 1072 3834 1130 3894; x_wconf 87' lang='lat' dir='ltr'><strong>alia</strong></span> <span class='ocrx_word' id='word_1_421' title='bbox 1147 3831 1275 3894; x_wconf 88' lang='lat' dir='ltr'><strong>sanctis·</strong></span> 
     </span>
     <span class='ocr_line' id='line_1_45' title="bbox 63 3915 1273 4002; baseline 0.006 -31"><span class='ocrx_word' id='word_1_422' title='bbox 63 3915 192 3997; x_wconf 63' lang='lat' dir='ltr'><strong>transpirat</strong></span> <span class='ocrx_word' id='word_1_423' title='bbox 206 3963 215 3990; x_wconf 94' lang='lat'><strong>,</strong></span> <span class='ocrx_word' id='word_1_424' title='bbox 230 3920 346 3981; x_wconf 88' lang='lat' dir='ltr'><strong>veritati</strong></span> <span class='ocrx_word' id='word_1_425' title='bbox 365 3921 587 4002; x_wconf 87' lang='lat' dir='ltr'><strong>deputandam,</strong></span> <span class='ocrx_word' id='word_1_426' title='bbox 612 3920 640 3981; x_wconf 92' lang='lat' dir='ltr'><strong>id</strong></span> <span class='ocrx_word' id='word_1_427' title='bbox 682 3919 748 3984; x_wconf 89' lang='lat' dir='ltr'><strong>simi</strong></span> <span class='ocrx_word' id='word_1_428' title='bbox 768 3918 899 3998; x_wconf 92' lang='lat' dir='ltr'><strong>Apostoli</strong></span> <span class='ocrx_word' id='word_1_429' title='bbox 926 3919 1120 3999; x_wconf 88' lang='lat' dir='ltr'><strong>reliquerunt.</strong></span> <span class='ocrx_word' id='word_1_430' title='bbox 1141 3934 1215 3975; x_wconf 80' lang='lat' dir='ltr'><strong>a-</strong></span> <span class='ocrx_word' id='word_1_431' title='bbox 1240 3915 1273 3978; x_wconf 89' lang='lat' dir='ltr'><strong>S.</strong></span> 
     </span>
     <span class='ocr_line' id='line_1_46' title="bbox 60 3994 1277 4087; baseline 0.012 -42"><span class='ocrx_word' id='word_1_432' title='bbox 60 4001 113 4053; x_wconf 80' lang='lat' dir='ltr'><strong>sine</strong></span> <span class='ocrx_word' id='word_1_433' title='bbox 124 3998 209 4063; x_wconf 87' lang='lat' dir='ltr'><strong>dubio</strong></span> <span class='ocrx_word' id='word_1_434' title='bbox 223 4010 384 4083; x_wconf 85' lang='lat' dir='ltr'><strong>tenentem,</strong></span> <span class='ocrx_word' id='word_1_435' title='bbox 400 4006 478 4087; x_wconf 84' lang='lat' dir='ltr'><strong>quod</strong></span> <span class='ocrx_word' id='word_1_436' title='bbox 492 4003 642 4068; x_wconf 83' lang='lat' dir='ltr'><strong>Ecclesiae</strong></span> <span class='ocrx_word' id='word_1_437' title='bbox 681 3994 1277 4085; x_wconf 57' lang='lat' dir='ltr'><strong>Hieronymum)dicitsttiamsiScri·</strong></span> 
     </span>
     <span class='ocr_line' id='line_1_47' title="bbox 87 4115 1035 4188; baseline 0 -16"><span class='ocrx_word' id='word_1_438' title='bbox 87 4115 348 4176; x_wconf 63' lang='lat' dir='ltr'><strong>illustratorem.</strong></span> <span class='ocrx_word' id='word_1_439' title='bbox 364 4131 401 4177; x_wconf 77' lang='grc'><strong>56.</strong></span> <span class='ocrx_word' id='word_1_440' title='bbox 713 4129 744 4184; x_wconf 82' lang='lat' dir='ltr'><strong>(lt</strong></span> <span class='ocrx_word' id='word_1_441' title='bbox 760 4129 823 4187; x_wconf 80' lang='lat' dir='ltr'><strong>Epist</strong></span> <span class='ocrx_word' id='word_1_442' title='bbox 843 4129 871 4174; x_wconf 84' lang='lat' dir='ltr'><strong>ll</strong></span> <span class='ocrx_word' id='word_1_443' title='bbox 887 4129 916 4175; x_wconf 87' lang='lat' dir='ltr'><strong>ad</strong></span> <span class='ocrx_word' id='word_1_444' title='bbox 933 4129 1035 4188; x_wconf 80' lang='lat' dir='ltr'><strong>Pompel.</strong></span> 
     </span>
     <span class='ocr_line' id='line_1_48' title="bbox 86 4175 1027 4243; baseline 0.006 -18"><span class='ocrx_word' id='word_1_445' title='bbox 86 4175 378 4248; x_wconf 55' lang='lat' dir='ltr'><strong>Athenieniensium</strong></span> <span class='ocrx_word' id='word_1_446' title='bbox 713 4187 833 4243; x_wconf 72' lang='lat' dir='ltr'><strong>rutilet</strong></span> <span class='ocrx_word' id='word_1_447' title='bbox 854 4187 1027 4234; x_wconf 86' lang='lat' dir='ltr'><strong>dern.cv.c.8</strong></span> 
     </span>
     <span class='ocr_line' id='line_1_49' title="bbox 87 4237 1147 4311; baseline -0.02 -3"><span class='ocrx_word' id='word_1_448' title='bbox 87 4237 113 4308; x_wconf 75' lang='lat' dir='ltr'><strong>lp</strong></span> <span class='ocrx_word' id='word_1_449' title='bbox 125 4239 177 4288; x_wconf 68' lang='lat' dir='ltr'><strong>llll·</strong></span> <span class='ocrx_word' id='word_1_450' title='bbox 193 4258 244 4305; x_wconf 70' lang='lat' dir='ltr'><strong>ren·</strong></span> <span class='ocrx_word' id='word_1_451' title='bbox 255 4249 276 4292; x_wconf 77' lang='lat'><strong>⁵-</strong></span> <span class='ocrx_word' id='word_1_452' title='bbox 394 4250 425 4306; x_wconf 82' lang='lat' dir='ltr'><strong>vn</strong></span> <span class='ocrx_word' id='word_1_453' title='bbox 441 4248 498 4298; x_wconf 86' lang='lat' dir='ltr'><strong>rura.</strong></span> <span class='ocrx_word' id='word_1_454' title='bbox 511 4260 563 4311; x_wconf 71' lang='lat' dir='ltr'><strong>cop.</strong></span> <span class='ocrx_word' id='word_1_455' title='bbox 577 4247 599 4294; x_wconf 86' lang='lat' dir='ltr'><strong>a.</strong></span> <span class='ocrx_word' id='word_1_456' title='bbox 713 4249 736 4302; x_wconf 81' lang='lat' dir='ltr'><strong>o</strong></span> <span class='ocrx_word' id='word_1_457' title='bbox 760 4249 784 4294; x_wconf 86' lang='lat' dir='ltr'><strong>e.</strong></span> <span class='ocrx_word' id='word_1_458' title='bbox 796 4248 826 4294; x_wconf 73' lang='lat' dir='ltr'><strong>aa</strong></span> <span class='ocrx_word' id='word_1_459' title='bbox 840 4247 901 4306; x_wconf 68' lang='lat' dir='ltr'><strong>sper.</strong></span> <span class='ocrx_word' id='word_1_460' title='bbox 916 4247 938 4291; x_wconf 87' lang='lat' dir='ltr'><strong>s.</strong></span> <span class='ocrx_word' id='word_1_461' title='bbox 953 4257 1004 4303; x_wconf 71' lang='lat' dir='ltr'><strong>cap.</strong></span> <span class='ocrx_word' id='word_1_462' title='bbox 1019 4241 1056 4302; x_wconf 82' lang='lat' dir='ltr'><strong>er,</strong></span> <span class='ocrx_word' id='word_1_463' title='bbox 1071 4253 1095 4288; x_wconf 80' lang='lat' dir='ltr'><strong>n.</strong></span> <span class='ocrx_word' id='word_1_464' title='bbox 1110 4243 1147 4288; x_wconf 87' lang='lat' dir='ltr'><strong>sa.</strong></span> 
     </span>
    </p>
   </div>
   <div class='ocr_carea' id='block_1_5' title="bbox 78 4295 1278 4430">
    <p class='ocr_par' dir='ltr' id='par_1_5' title="bbox 78 4295 1278 4430">
     <span class='ocr_line' id='line_1_50' title="bbox 87 4295 1278 4409; baseline 0.002 -63"><span class='ocrx_word' id='word_1_465' title='bbox 87 4295 106 4368; x_wconf 59' lang='grc' dir='ltr'><strong>(ἢ</strong></span> <span class='ocrx_word' id='word_1_466' title='bbox 129 4299 158 4344; x_wconf 84' lang='lat' dir='ltr'><strong>lla</strong></span> <span class='ocrx_word' id='word_1_467' title='bbox 173 4308 306 4376; x_wconf 80' lang='lat' dir='ltr'><strong>praeescript.</strong></span> <span class='ocrx_word' id='word_1_468' title='bbox 322 4317 343 4353; x_wconf 89' lang='lat' dir='ltr'><strong>c.</strong></span> <span class='ocrx_word' id='word_1_469' title='bbox 358 4307 395 4353; x_wconf 83' lang='grc'><strong>21.</strong></span> <span class='ocrx_word' id='word_1_470' title='bbox 568 4325 571 4328; x_wconf 95' lang='grc'><strong><em>·</em></strong></span> <span class='ocrx_word' id='word_1_471' title='bbox 713 4307 759 4368; x_wconf 77' lang='lat' dir='ltr'><strong>&lt;tq</strong></span> <span class='ocrx_word' id='word_1_472' title='bbox 777 4307 841 4352; x_wconf 76' lang='lat' dir='ltr'><strong>eret.</strong></span> <span class='ocrx_word' id='word_1_473' title='bbox 856 4307 895 4354; x_wconf 85' lang='lat' dir='ltr'><strong>tlt.</strong></span> <span class='ocrx_word' id='word_1_474' title='bbox 905 4316 925 4349; x_wconf 92' lang='lat' dir='ltr'><strong>c.</strong></span> <span class='ocrx_word' id='word_1_475' title='bbox 936 4303 1033 4374; x_wconf 73' lang='lat' dir='ltr'><strong>Eumom.</strong></span> <span class='ocrx_word' id='word_1_476' title='bbox 1088 4301 1138 4409; x_wconf 56' lang='grc'><strong>((1)</strong></span> <span class='ocrx_word' id='word_1_477' title='bbox 1150 4298 1278 4354; x_wconf 54' lang='lat' dir='ltr'><strong>Euemdii,</strong></span> 
     </span>
     <span class='ocr_line' id='line_1_51' title="bbox 78 4353 1074 4430; baseline -0.009 -16"><span class='ocrx_word' id='word_1_478' title='bbox 78 4353 120 4414; x_wconf 73' lang='lat' dir='ltr'><strong>tl)</strong></span> <span class='ocrx_word' id='word_1_479' title='bbox 130 4358 174 4406; x_wconf 66' lang='lat' dir='ltr'><strong>lab·</strong></span> <span class='ocrx_word' id='word_1_480' title='bbox 188 4363 199 4408; x_wconf 87' lang='lat' dir='ltr'><strong>l</strong></span> <span class='ocrx_word' id='word_1_481' title='bbox 218 4365 333 4413; x_wconf 80' lang='lat' dir='ltr'><strong>Perrareh.</strong></span> <span class='ocrx_word' id='word_1_482' title='bbox 349 4379 373 4412; x_wconf 91' lang='lat' dir='ltr'><strong>n.</strong></span> <span class='ocrx_word' id='word_1_483' title='bbox 388 4367 419 4414; x_wconf 76' lang='lat'><strong>2·</strong></span> <span class='ocrx_word' id='word_1_484' title='bbox 712 4369 758 4430; x_wconf 74' lang='grc'><strong>(12)</strong></span> <span class='ocrx_word' id='word_1_485' title='bbox 773 4369 830 4414; x_wconf 77' lang='lat' dir='ltr'><strong>litat.</strong></span> <span class='ocrx_word' id='word_1_486' title='bbox 841 4378 863 4413; x_wconf 89' lang='lat' dir='ltr'><strong>e.</strong></span> <span class='ocrx_word' id='word_1_487' title='bbox 873 4363 1040 4420; x_wconf 76' lang='lat' dir='ltr'><strong>tuellerranor,</strong></span> <span class='ocrx_word' id='word_1_488' title='bbox 1051 4371 1074 4428; x_wconf 77' lang='lat' dir='ltr'><strong>e.</strong></span> 
     </span>
    </p>
   </div>
   <div class='ocr_carea' id='block_1_6' title="bbox 0 0 1474 4736">
    <p class='ocr_par' dir='ltr' id='par_1_6' title="bbox 0 0 1474 4736">
     <span class='ocr_line' id='line_1_52' title="bbox 0 0 1474 4736; baseline 0 0"><span class='ocrx_word' id='word_1_489' title='bbox 0 0 1474 4736; x_wconf 95' lang='lat' dir='ltr'><strong> </strong></span> 
     </span>
    </p>
   </div>
  </div>
 </body>
</html>
