2928 4734
809 51 824 88 Ο

238 211 299 271 188
632 227 818 274 rnuocoomc
836 225 998 274 cananaeus

196 305 337 370 Ieremias
352 308 412 391 (l),
429 309 521 374 lsaias
538 309 598 394 (Ξ).
628 307 677 374 Sic
696 318 726 372 et
752 327 799 372 so·
839 307 948 388 quietis
965 313 994 370 et
1012 305 1162 370 felicitatis
1180 304 1309 370 durarit.
1330 341 1377 354 -
1398 306 1450 372 Ast

196 391 311 454 eundae
330 395 461 474 epochae
478 399 538 458 lata
556 395 710 458 veritatem
735 411 799 456 mo·
838 391 939 454 ludaei
954 409 1021 454 cunr
1037 390 1204 456 Gentilibus
1220 391 1349 452 nimium
1364 411 1449 455 com·

195 473 269 536 saici
287 477 419 550 vaticinii
437 487 602 542 contestata
620 487 701 542 suut.
839 476 1043 551 manicantes,
1063 493 1098 536 ac
1119 475 1282 537 eorundem
1307 473 1388 537 ritus
1414 497 1449 540 ac

839 560 922 622 tosus
930 559 1064 622 imitatio
1079 559 1206 640 puritate
1216 557 1385 636 Religionis
1397 561 1448 624 de-

431 611 461 681 s·
490 617 563 664 ¹⁰¹·
837 643 952 706 ficiunt.
972 641 1036 704 llos
1054 642 1229 718 Antiochus,
1248 640 1310 704 Rex
1325 641 1447 724 Syriae,

180 763 183 785 2
397 697 594 795 terrtanpoena.
838 728 980 816 populum
1012 727 1162 788 iudaicam
1184 743 1287 788 venare
1307 727 1420 808 incipit

238 813 268 874 t.
289 810 359 874 Post
379 812 418 874 70
435 831 530 876 annos
555 811 636 873 iuxta
662 810 796 874 clarissi·
837 821 867 874 et
885 810 1169 894 penitusdcstruere
1183 816 1322 874 conatur:
1339 811 1446 874 Hiero·

196 913 276 958 mum
292 895 435 958 lererniae
451 895 620 958 vaticinium
638 896 685 977 (3)
700 897 796 967 saluta
836 896 1052 976 solymamcum
1065 912 1171 973 magno
1183 893 1314 956 exercitu
1326 895 1444 974 ingres·

195 999 248 1062 per
264 979 369 1062 Cyrnum
387 979 556 1062 captivitate
574 978 673 1041 ludaei
692 1025 700 1056 ,
720 980 795 1042 duce
835 997 886 1040 sus
907 979 1050 1060 templum
1071 979 1168 1059 ipsum
1188 977 1291 1058 diripit
1312 988 1344 1040 et
1368 999 1443 1060 pro-

196 1063 451 1146 praestantissimo
469 1063 531 1125 viro
554 1063 741 1140 Zorohcbelc,
763 1064 794 1126 in
835 1063 934 1141 lauat,
957 1063 1120 1126 horrendas
1143 1061 1334 1126 crudelitates
1359 1081 1442 1127 exer·

195 1148 319 1230 patriam
330 1155 530 1211 reuertuntum
542 1146 605 1210 hlox
615 1147 714 1210 diviua
724 1147 795 1210 Pro·
834 1165 916 1210 cens.
926 1183 967 1193 —
979 1147 1058 1209 Deus
1072 1154 1185 1221 autem,
1198 1145 1249 1226 qui
1262 1158 1441 1227 peccantem

196 1232 324 1294 videntia
341 1250 466 1309 magnos¹
482 1233 610 1296 suscitat¹
625 1231 713 1294 viros.
733 1233 793 1296 Es·
835 1232 976 1312 populum
997 1229 1100 1309 aliligi,
1114 1249 1174 1292 non
1196 1229 1310 1294 destrui
1328 1231 1441 1310 voluit,

196 1317 266 1380 droa
282 1324 312 1377 et
327 1315 484 1379 Nehemt‘ua
500 1349 516 1364 ·
534 1334 640 1394 magno
657 1333 710 1397 pro
730 1317 793 1394 lege
833 1316 939 1378 iratres
951 1311 1145 1378 blachabaeos
1156 1313 1291 1390 suscitat,
1304 1315 1357 1396 qui
1371 1335 1441 1396 par·

194 1400 325 1462 mosaica
347 1400 410 1461 zelo
435 1399 541 1480 repleti
559 1419 736 1462 -canonem
759 1399 789 1462 S.
832 1419 868 1462 va
886 1418 989 1476 manu,
1011 1399 1061 1460 sed
1082 1415 1189 1477 magna
1205 1397 1314 1461 virtute
1331 1398 1440 1464 Antio·

195 1483 348 1546 Librorum
368 1483 520 1560 colligunt,
541 1490 630 1566 atque
648 1485 790 1562 efficiunt,
832 1483 881 1546 chi
896 1485 997 1564 coplas
1015 1482 1184 1564 profligant,
1202 1483 1346 1563 templum
1367 1503 1439 1564 pur·

194 1577 226 1629 ut
238 1567 343 1628 erectis
356 1565 466 1648 ubique
478 1565 637 1649 Synagogis
649 1569 694 1630 lex
708 1587 792 1652 prae·
830 1575 913 1646 gant,
927 1568 1038 1630 cultum
1057 1566 1187 1627 divinum
1211 1577 1395 1644 restaurant,
1409 1577 1439 1632 et

194 1651 320 1730 legatur.
338 1652 511 1731 Zacharias,
527 1651 664 1734 Aggucus
679 1659 708 1713 et
720 1655 790 1718 Mn·
833 1653 904 1731 legis
928 1651 1076 1713 mosaicae
1095 1650 1312 1712 observantiam
1333 1651 1438 1716 incul-

194 1735 303 1798 locltt'os
321 1754 443 1798 munere
466 1736 638 1818 prophetico
660 1736 791 1815 lungun·
831 1744 909 1798 caut.
927 1734 1003 1811 hlox,
1021 1734 1129 1817 populo
1150 1733 1187 1796 ad
1207 1734 1347 1798 meliores
1367 1755 1438 1798 sen·

195 1827 252 1896 tur,
273 1819 474 1902 populumque
498 1818 648 1882 iudaicam
668 1821 705 1882 ad
724 1839 788 1883 mo·
830 1839 881 1882 sus
897 1837 1027 1895 reverso,
1048 1818 1174 1882 Iudaeae
1196 1835 1317 1898 quoque
1338 1827 1437 1883 status

193 1904 289 1966 salcae
301 1903 374 1982 legis
390 1905 605 1976 observantiam
619 1913 649 1966 et
663 1905 699 1966 ad
712 1915 790 1967 tem·
829 1903 935 1967 laetior
952 1905 996 1980 bt,
1017 1903 1058 1966 ita
1076 1911 1108 1964 ut
1126 1901 1257 1964 liberae
1272 1903 1343 1981 iugo
1357 1922 1436 1982 gen·

194 1988 272 2068 plum
291 1988 540 2056 reaedificandum
560 1989 699 2066 excitant,
716 2007 788 2071 pro·
829 1988 926 2050 tilium
946 1987 1102 2050 -devictis
1123 2003 1243 2068 quoque
1264 1983 1436 2050 Samarita-

194 2072 343 2134 mittentes
356 2071 490 2134 llessiam
507 2075 648 2154 templum
669 2072 726 2134 hoc
739 2092 789 2134 sc·
829 2072 887 2148 nis,
897 2071 1057 2149 idumaeis,
1067 2069 1258 2132 Philisthaeis
1269 2069 1435 2136 ethmmo·

192 2155 321 2217 cundum
339 2156 540 2234 ingressurum
559 2175 635 2220 esse.
651 2155 790 2220 —Licet
829 2156 899 2218 uitis
911 2189 932 2220 .·
953 2172 1059 2234 magno
1081 2155 1239 2236 splendore
1258 2153 1435 2219 circumcla-

192 2247 290 2302 antem
316 2248 382 2322 post
404 2239 575 2303 Malachiam
595 2241 695 2304 nullus
713 2239 788 2303 Pro·
828 2247 919 2302 retur.
937 2237 1080 2302 Successu
1099 2247 1199 2302 autem
1214 2238 1363 2319 temporis
1380 2259 1435 2320 per

191 2323 279 2404 pheta
302 2324 505 2406 apparuisset,
525 2325 711 2388 sufficiebant
735 2324 787 2386 lu·
827 2331 922 2386 sectas
938 2322 1165 2386 Pharisaeorum
1185 2331 1215 2384 et
1235 2319 1433 2386 Sadducaeo-

191 2407 272 2470 daeis
298 2408 416 2471 oracula
442 2407 682 2490 Prophetarum,
712 2427 788 2490 quae
826 2425 893 2470 rum
912 2408 1025 2490 puritas
1047 2406 1211 2486 Religionis
1234 2415 1380 2488 corrupta
1402 2409 1433 2472 iu

190 2509 260 2574 prae
277 2492 415 2555 manibus
431 2491 598 2569 habebant,
616 2502 646 2556 et
666 2512 786 2556 succes·
826 2492 1046 2574 superstitiosas
1070 2490 1274 2554 observantias
1294 2489 1433 2568 degene-

189 2575 250 2638 sive
274 2577 434 2658 adimpleta
458 2576 615 2654 ridebant,
634 2585 665 2638 ut
688 2579 787 2640 conti·
826 2577 913 2652 ravit,
930 2575 1109 2639 lectionibus
1129 2575 1230 2636 omnia
1246 2575 1377 2656 repleta,
1405 2585 1433 2640 et

189 2679 282 2724 nuum
299 2680 351 2742 pro
367 2659 529 2738 Religionis
544 2680 615 2723 suae
633 2661 785 2724 divinitate
827 2679 924 2722 mores
938 2660 1068 2742 corrupti
1087 2668 1167 2722 sunt.
1187 2658 1246 2722 Nec
1261 2659 1312 2721 diu
1332 2659 1433 2724 abluit

188 2745 390 2806 testimonium
405 2745 558 2806 haherent.
568 2742 786 2826 Interreliquos
824 2744 953 2808 vindicta
967 2744 1077 2806 divina:
1092 2743 1251 2825 Pompeius
1263 2742 1358 2814 enim,
1374 2744 1432 2808 Ro·

189 2829 267 2890 euim
288 2829 446 2910 praecipue
464 2827 568 2890 Daniel
582 2838 709 2908 quatuor
721 2827 785 2891 llo·
824 2847 979 2891 manorum
991 2826 1283 2906 bellidus,ludaeam
1294 2826 1429 2906 subegit,

187 2913 376 2974 marchiarum
399 2911 457 2972 sihi
484 2911 706 2978 succedentium
726 2914 785 2975 lata
825 2930 901 2993 quae
918 2913 983 2975 diro
1006 2919 1109 2993 postea
1129 2910 1332 2974 Romanorum
1358 2911 1430 2993 ingo

187 2996 229 3058 sic
248 2996 443 3079 praedixerat,
463 3002 496 3057 ut
514 2997 611 3077 potins
631 2997 783 3060 historiam
825 2997 1025 3076 premebatur.
1040 2995 1345 3077 Enlquomodolieus
1357 3015 1430 3060 con·

186 3080 352 3161 scripsisse,
366 3098 455 3161 quara
471 3080 608 3142 vaticinia
625 3081 784 3163 protulisse
825 3081 907 3144 tiuuo
923 3082 1003 3143 iuxta
1020 3081 1129 3143 luctam
1145 3079 1383 3161 praedictionem
1398 3101 1430 3144 se

187 3163 330 3225 dicendus
347 3165 385 3225 sit
401 3164 460 3244 (d).
824 3164 896 3243 legis
916 3165 1066 3227 mosaicae
1081 3173 1233 3239 auctorem
1250 3172 1279 3225 et
1291 3181 1348 3225 ceu
1366 3165 1429 3227 vin·

227 3247 258 3308 2.
278 3246 309 3308 ln
330 3247 385 3309 hac
406 3247 521 3330 epocha
542 3245 643 3310 ludaei
667 3247 784 3312 fidelius
824 3248 920 3311 dicem
945 3249 1211 3328 transgressionum
1235 3247 1300 3310 eius
1322 3257 1428 3312 osten·

186 3347 277 3410 quam
308 3331 339 3392 in
368 3331 517 3414 prioribus
544 3333 602 3412 legi
631 3333 784 3396 'mosaicae
823 3331 884 3394 diti
905 3341 947 3376 —'-
1108 3379 1118 3405 .

186 3412 441 3496 obtemperarunt,
457 3427 487 3478 et
500 3415 568 3480 ideo
583 3418 668 3478 iuxta
679 3415 784 3498 Moysis
864 3417 953 3480 Noto.
966 3414 1059 3478 Lectu
1071 3413 1277 3492 dignissimum
1290 3415 1426 3496 estquod

185 3499 306 3560 oracula
330 3499 553 3562 henedictiones
577 3501 692 3563 divinas
714 3519 784 3582 per·
824 3501 860 3564 de
882 3502 938 3563 hac
956 3501 1081 3562 materia
1098 3499 1218 3562 disserit
1234 3498 1426 3564 doctissimus

161 3589 339 3662 cepemot..
369 3584 425 3646 Ab*
442 3584 514 3666 ipsis
544 3586 623 3647 enim
654 3583 786 3664 Regibus
823 3587 980 3649 Bossuetus
997 3585 1056 3666 (5).

185 3663 339 3728 Persamm
359 3678 462 3731 contra
481 3668 579 3730 hostes
597 3687 666 3731 suos
684 3669 786 3730 delen-

185 3748 221 3828 si,
242 3749 279 3811 ab
298 3752 362 3834 ipso
380 3752 545 3815 Alexandro
564 3752 601 3814 hl.
623 3753 652 3814 in
674 3753 785 3815 honore
898 3807 900 3814 ,

188 3833 280 3896 hahiti
295 3845 375 3911 sunt,
389 3845 419 3899 et
434 3837 471 3898 ah
486 3837 550 3898 eius
564 3836 785 3899 successorihus

187 3925 249 3979 tum
274 3915 392 3999 Syriae,
419 3929 480 3982 tum
506 3920 629 4002 Aegypti
655 3919 786 4000 Regibus
866 3919 895 3985 Si
910 3921 969 3986 iam
986 3921 1087 3984 omnia
1099 3921 1283 3999 recolantur,
1296 3939 1374 4003 quae
1389 3925 1423 3989 de

186 4001 264 4062 dona
282 4021 316 4064 nc
336 4002 488 4084 privilegia
506 4003 710 4065 obtinuerunt.
730 4002 787 4064 Per
824 4005 987 4086 Religionis
1022 4007 1169 4070 mosaicae
1203 4005 1422 4072 elraractcrihus

186 4083 473 4170 triapropemodum
490 4086 786 4166 saeculastatusiste
827 4098 889 4154 tum
918 4090 1064 4168 internis,
1094 4100 1156 4152 tum
1187 4090 1315 4154 externis
1344 4091 1422 4156 dicta

216 4179 339 4241 mam
428 4183 689 4244 maamam

214 4239 444 4298 (coracesium.
856 4245 887 4298 (ὅ)
902 4243 929 4288 ln
948 4243 1048 4290 hiscum.
1068 4241 1126 4289 illst.
1146 4244 1209 4288 actv.
1231 4253 1253 4301 p.
1273 4241 1296 4299 t,
1311 4252 1327 4287 a
1341 4253 1364 4286 n.
1383 4245 1417 4290 t·t

217 4297 250 4350 (t)
263 4297 296 4344 ct
318 4301 425 4360 Stolberg
440 4299 523 4346 demo.
544 4299 574 4346 cle
589 4301 636 4347 Rel.
651 4303 674 4361 t,
688 4303 711 4348 n.
726 4301 748 4366 ᾖ.
764 4306 786 4364 8,
825 4302 859 4348 ct.
874 4301 1017 4348 storchenau
1033 4303 1139 4359 zugoben
1155 4313 1197 4348 eur
1207 4301 1291 4350 l‘htlos
1305 4300 1328 4348 d.
1344 4302 1423 4362 Rebi,

188 4351 274 4410 “wo
825 4361 850 4410 n.
865 4361 891 4407 n.
906 4361 923 4406 t.
935 4361 1052 4414 nouom
1066 4363 1082 4408 ι.
1096 4361 1121 4420 s,
1135 4360 1155 4415 a.
1170 4360 1245 4408 caca.

1058 3719 1088 3789 ς.
1115 3723 1189 3772 ros.

1010 3821 1135 3872 Conclrraio
1149 3819 1241 3878 cupitis.
