2934 4736
400 188 539 234 renam.
564 189 665 236 scorto
686 189 708 234 t.
732 189 827 236 meur
848 190 882 236 u.
1162 171 1219 235 331

50 261 96 328 bit:
113 265 155 328 Ne
173 281 264 346 supro
280 283 369 346 penne
392 269 535 348 scriptam
561 277 625 345 est,
673 268 825 346 Evangelii
836 267 883 330 sui
893 267 976 332 dicit:
990 269 1137 332 Visnmest
1146 266 1265 344 otacili,

47 349 147 410 discolis
164 349 224 428 (l),
251 359 278 412 et
297 350 485 414 Colossenses
503 362 624 414 monet:
667 361 795 416 assecuto
812 353 914 415 omnio
932 371 951 414 o
969 352 1117 432 principio
1134 351 1263 432 dilipen·

50 432 140 506 Videte,
161 429 198 495 rie
216 434 280 511 pois
299 453 349 496 nos
361 435 547 517 decipiotper
554 437 626 516 piti-
668 445 723 513 ter,
736 454 775 499 ee
792 437 899 500 ordine
917 436 970 500 tili
989 437 1117 499 mrilere
1130 438 1190 514 (tt).
1208 435 1266 497 Er-

48 515 188 594 losopliom
212 523 240 578 et
258 518 380 580 inanem
406 520 557 600 [ollonium
579 537 626 582 se·
666 540 703 598 go
716 539 775 582 non
788 539 862 601 opus
872 528 919 582 est
930 519 1099 592 traditione,
1111 519 1176 592 sed,
1189 537 1266 599 quae

47 601 157 660 candum
181 601 372 664 traditionem
394 604 549 667 hominurn
565 603 624 685 (i).
667 604 815 666 credenda
833 613 914 680 sunt,
934 623 968 666 ex
983 601 1135 684 Scriptura
1158 602 1218 683 peti
1237 610 1267 664 et

47 679 95 744 Soli
109 681 350 766 crgoScriplurae
365 687 583 749 inhaerendum
598 697 628 750 et
667 697 792 769 possunt
808 696 838 750 el
848 687 968 764 debent;
983 688 1061 767 quod
1081 686 1159 748 clare
1178 684 1265 747 loan-

48 784 62 826 a
77 767 275 830 traditionibus
291 770 453 832 cavendum
477 780 532 833 est.
668 790 721 834 nes
735 771 846 846 innuit,
865 771 895 831 in
913 773 970 833 stne
989 771 1137 848 Evangelii
1155 769 1201 830 sui
1217 769 1265 830 di-

76 851 151 929 llcsp.
173 849 203 912 st
221 853 261 914 ita
276 852 387 915 Paulus
400 854 553 931 sensisset,
568 853 626 917 sibi
667 874 749 916 cens:
768 857 849 918 Haec
860 856 971 936 scripto
988 861 1071 931 sont,
1089 861 1123 917 al
1140 853 1266 917 credetis

46 931 92 1011 ipsi
112 935 352 1014 contradixisset,
365 938 573 1016 traditionem,
593 947 626 1001 ut
667 939 793 1018 etc.(l).
973 935 975 942 ’

45 1017 166 1093 vidimus,
181 1021 383 1102 maximopere
400 1023 624 1084 commendans.
706 1023 794 1102 llosp.
812 1019 909 1084 Lucas
926 1020 1009 1098 dicit,
1028 1039 1060 1083 se
1078 1018 1212 1082 notitiam
1227 1039 1264 1092 p-

44 1098 205 1180 blitcrergo
230 1109 326 1166 textus
350 1106 434 1168 citati
459 1106 625 1187 exponendi
668 1106 794 1182 mnium,
815 1125 892 1186 quae
918 1106 1104 1168 tradiderunt
1135 1103 1264 1184 Aposto-

46 1193 113 1245 suut.
131 1185 165 1248 Et
182 1205 256 1249 eane
274 1221 290 1235 ·
303 1207 379 1270 qnae
396 1189 506 1252 Paulus
517 1190 555 1251 ad
568 1188 625 1251 Ce—
666 1188 688 1250 li
707 1190 767 1270 (8),
786 1191 959 1252 adsecutum
979 1207 1056 1265 esse,
1072 1187 1125 1250 sed
1144 1206 1203 1249 non
1220 1187 1266 1249 di·

46 1266 154 1330 riutbios
164 1271 281 1349 scribit,
296 1273 504 1335 traditionibus
518 1273 626 1336 diuinis
666 1273 707 1338 cit
728 1293 760 1335 se
779 1273 892 1350 omnia,
906 1275 957 1336 sad
977 1292 1009 1336 se
1025 1272 1264 1335 ceordincscri-

45 1363 297 1433 nonopponuntur.
307 1353 624 1438 Scopusdpostoliest,
666 1356 749 1419 here.
769 1354 921 1436 Significat
935 1376 1017 1436 ergo,
1032 1375 1065 1418 se
1079 1374 1197 1418 omnem
1209 1355 1264 1416 atl-

44 1438 623 1516 utsuperbiamnonnullorumretnndal,
666 1439 800 1503 tribuisse
818 1441 1000 1519 diligentiam
1029 1441 1065 1503 ad
1095 1447 1264 1502 accuratam

45 1518 83 1595 qui
97 1520 157 1582 ideo
177 1541 211 1584 se
230 1523 432 1602 extollebant,
452 1524 523 1606 quia
546 1526 589 1585 uel
609 1544 625 1585 a
665 1525 723 1586 sibi
742 1543 843 1586 eorum
870 1526 1005 1587 notitiam
1033 1523 1264 1604 comparandam

45 1597 131 1680 Paulo,
146 1606 192 1667 vel
212 1625 230 1668 a
245 1604 356 1688 Cepha,
372 1609 417 1670 uel
433 1608 470 1670 eh
488 1608 625 1688 Apolline
666 1627 742 1688 quae
754 1617 819 1670 erat
830 1609 1007 1690 scriptums3
1022 1628 1077 1671 nec
1092 1609 1215 1670 disiecta
1229 1627 1264 1670 a·

45 1683 163 1765 baptizati
179 1690 313 1752 lucrant.
333 1690 502 1765 ldcodicit:
518 1694 555 1755 lo
567 1710 624 1755 rto·
665 1694 747 1773 lique
765 1692 842 1754 dicte
855 1703 906 1754 aut
923 1692 1012 1769 sacta,
1030 1693 1081 1754 scd
1099 1690 1265 1754 continenti

45 1767 84 1843 lic,
101 1773 148 1851 qni
165 1793 222 1835 nes
237 1775 389 1838 atinistros
402 1777 526 1840 Christi.
540 1785 565 1838 et
580 1778 626 1840 di·
665 1778 740 1839 serie
759 1795 791 1838 se
815 1775 920 1840 Christi
938 1777 1027 1838 uitam
1051 1784 1081 1838 et
1098 1776 1263 1838 doctrinam

45 1865 202 1930 pensatores
227 1861 435 1939 mysteriorum
461 1861 518 1927 Det
535 1879 624 1928 roca·
664 1861 866 1941 expositurum
886 1879 951 1922 esse
969 1861 1005 1921 ad
1021 1861 1143 1922 illomm
1155 1859 1263 1920 discri-

45 1953 95 1998 nus
121 1941 178 2020 (3),
199 1943 334 2020 discolis,
367 1961 405 2006 ne
427 1963 520 2024 supro
537 1961 625 2023 qoem
665 1963 747 2021 men,
767 1944 802 2006 ad
822 1963 897 2025 quos
914 1944 1060 2006 versiculo
1079 1944 1174 2026 primo
1190 1944 1265 2004 allu-

45 2023 231 2102 scriptumest,
250 2045 330 2090 narn
348 2029 487 2091 adversus
498 2030 624 2092 oileum
663 2029 719 2104 dit,
731 2029 781 2109 qui
798 2028 1002 2090 memorabilia
1016 2027 1121 2090 Cirristi
1141 2028 1170 2088 in
1183 2045 1265 2088 conn-

45 2102 216 2190 t'nllcltrrpro
233 2111 306 2174 olio:
329 2111 426 2192 perid
443 2131 525 2190 reru,
546 2113 625 2192 quud
664 2113 810 2174 menteris
835 2113 1031 2190 redegerant,
1051 2113 1162 2193 quique
1187 2111 1264 2172 veris

46 2190 165 2269 scriplum
183 2203 247 2271 est,
272 2195 376 2256 alludit
401 2196 436 2256 ad
461 2215 560 2258 sacros
578 2206 625 2258 te·
664 2197 739 2258 salsa
756 2196 1011 2260 intermiscebant.
1026 2192 1073 2257 Sic
1086 2194 1185 2257 Lucae
1197 2213 1265 2256 ver-

46 2278 95 2334 ntus
110 2274 138 2336 in
156 2277 250 2357 priori
265 2281 362 2360 capite
376 2279 494 2356 citatos,
510 2299 544 2342 ex
561 2281 626 2362 qui·
665 2280 703 2342 ba
735 2282 793 2342 iarn
822 2281 853 2345 S.
885 2280 1061 2344 Ambrosius
1092 2279 1263 2356 intellexit,

46 2352 87 2416 bus
103 2357 161 2438 ipse
185 2363 373 2424 concluserat
388 2382 395 2424 τ
418 2365 507 2426 hemo
529 2365 626 2443 itaque
664 2364 713 2444 qui
729 2366 775 2443 (o)
794 2364 866 2426 haec
882 2365 1033 2445 praeclare
1051 2364 1131 2426 inter
1149 2373 1266 2425 caetera

45 2437 166 2515 ebrietur
186 2446 223 2506 in
242 2447 478 2527 hcmirtilnsll).
500 2447 625 2526 Ergoda
663 2448 777 2509 scribit:
790 2449 1036 2510 ‹Adsecutumse
1049 2447 1266 2528 nonpaucadi·

46 2524 180 2588 traditione
201 2528 299 2590 hocin
315 2532 379 2592 loce
393 2550 453 2592 non
470 2532 500 2592 dt
513 2550 624 2608 sermo,
664 2532 717 2607 cit,
737 2532 788 2593 scd
811 2533 929 2608 onrnia,
951 2542 981 2596 et
1001 2533 1141 2595 adsecuto
1164 2532 1266 2593 cronia

45 2608 100 2667 etsi
119 2611 153 2673 de
168 2613 222 2674 illa
235 2613 419 2676 vcrhaPauh
435 2615 626 2694 intelligenda
665 2615 758 2676 visum
777 2624 822 2678 est
842 2616 972 2678 scribere
991 2635 1050 2678 non
1072 2615 1190 2692 arnoia,
1212 2615 1265 2676 sed

46 2703 137 2769 essent,
156 2696 222 2758 iure
238 2697 416 2776 diceremus,
436 2712 624 2780 praeceptum
665 2717 699 2760 eu
717 2699 867 2761 omnibus.
897 2698 962 2760 Non
988 2701 1067 2761 enirn
1092 2699 1209 2778 scripsit
1229 2718 1265 2760 o·

46 2769 188 2863 lpostclie
202 2781 288 2843 nohis
302 2800 360 2844 non
379 2783 495 2859 uiolari,
509 2785 561 2844 sed
576 2784 626 2844 ad·
666 2783 764 2856 mnia,
792 2783 842 2844 sed
872 2783 1029 2844 adsecutus
1053 2790 1097 2844 est
1116 2783 1227 2842 culnia.
1247 2801 1264 2842 ›

46 2861 154 2937 turpiori,
174 2865 249 2943 quia
262 2866 404 2946 scriptum
424 2878 468 2928 est
484 2867 641 2929 tenendas*
665 2867 752 2928 -Et
769 2885 840 2927 sane
855 2885 891 2928 ett
912 2866 1063 2945 Evangelii
1080 2864 1179 2927 Lucae
1196 2883 1264 2926 cnm

47 2955 96 3002 csse
113 2947 297 3011 traditiones.
314 2985 356 2996 —-
378 2951 434 3012 Per
451 2970 486 3012 ea
501 2960 599 3013 antem
616 2997 624 3028 ‚
665 2949 1018 3030 reliquislivangeliis,ac
1030 2948 1264 3029 praecipuecum

46 3039 105 3100 quoe
121 3031 156 3092 ad
178 3031 378 3094 colossenses.
396 3044 508 3116 scripta
532 3043 625 3113 sunl,
667 3034 823 3112 Evangelio
842 3033 961 3095 loannis
980 3032 1149 3108 collatione,
1175 3049 1264 3114 eper-

46 3123 92 3168 uon
104 3115 275 3178 traditiones
287 3117 416 3196 diuinae,
433 3119 627 3182 sedtrodc'lio·
667 3119 779 3183 tissime
796 3119 960 3196 colligitur,
986 3116 1071 3198 plura
1089 3133 1156 3177 eum
1176 3133 1264 3196 prae-

44 3205 87 3287 nes
97 3195 269 3277 leoninum,
289 3220 323 3262 ea
341 3201 414 3264 larisa
438 3203 626 3284 philosophia
667 3202 827 3264 termisisse
851 3221 886 3264 en
906 3202 993 3263 dictis
1011 3200 1156 3280 lactisque
1176 3198 1264 3262 Chri-

45 3282 67 3333 el
80 3283 283 3346 tnanisallacia
296 3285 431 3363 haustae,
444 3286 628 3348 interdicun-
665 3286 703 3347 sti
732 3285 861 3348 Domini.
885 3321 927 3332 -
952 3284 1099 3360 loannes,
1118 3284 1191 3344 dum
1216 3283 1265 3345 di-

44 3363 94 3421 tur:
125 3365 234 3430 Paulus
267 3369 409 3432 nimirum
438 3369 627 3434 Colossens'es
666 3371 723 3431 eit:
742 3371 821 3432 Haec
842 3378 940 3432 aretem
962 3369 1071 3448 scripto
1094 3375 1166 3430 sunl
1191 3377 1263 3446 eta,

45 3451 216 3518 praemunire
231 3453 343 3514 studuit
361 3473 378 3515 a
393 3454 565 3516 doctoribus
576 3455 626 3517 in·
667 3454 798 3534 loquitur
814 3453 851 3516 de
869 3453 973 3530 signis,
987 3471 1038 3515 seu
1054 3451 1216 3529 miraculis,
1231 3472 1265 3514 ac

43 3524 222 3611 daizanlihus,
242 3537 293 3617 qni
312 3538 409 3614 legum
429 3539 580 3600 ritualium
595 3549 624 3602 et
667 3539 834 3618 prolitelur,
855 3556 886 3598 se
903 3539 986 3616 plura
1005 3537 1062 3598 alin
1077 3538 1173 3615 signa,
1188 3556 1266 3618 quae

44 3618 273 3680 consuetudinum
294 3621 526 3702 pharisaicarum
547 3623 626 3685 ohli-
666 3621 799 3682 Christus
821 3622 952 3697 lecerat,
971 3620 1001 3682 in
1024 3639 1079 3682 sua
1097 3625 1266 3682 narratione

44 3697 174 3785 ¹gallonem
194 3703 223 3764 in
235 3702 419 3782 Religionem
432 3705 624 3769 christianam
667 3705 914 3786 praetermisisse,
931 3724 998 3766 curn
1015 3723 1062 3779 ea,
1082 3723 1160 3786 qnae
1176 3705 1205 3764 in
1224 3703 1265 3766 Ε-

44 3784 214 3849 introducere
232 3789 419 3851 conabantur
436 3791 496 3871 (5).
667 3789 800 3866 vangelio
820 3790 973 3860 retulerat,
993 3789 1161 3850 sufficerent
1180 3786 1215 3848 ad
1234 3785 1264 3846 id

91 3866 150 3931 dli.
166 3870 198 3932 l.
218 3869 336 3950 Otnnia,
357 3891 434 3955 quae
452 3875 488 3936 de
511 3873 626 3938 Christo
666 3873 743 3953 quod
767 3872 823 3933 sibi
843 3882 1037 3953 proposuerat
1056 3869 1262 3943 obtinendum,

45 3955 232 4021 cognoscenda
257 3965 345 4034 sunt,
373 3958 540 4039 conscripta
561 3977 626 4020 csse
668 3975 774 4036 nempe
792 3956 827 4016 acl
852 3956 1060 4037 probandum,
1084 3965 1144 4015 trrm
1167 3952 1262 4014 lesum

44 4021 125 4096 lucas
142 4047 276 4117 testatur,
290 4041 342 4121 qui
359 4042 460 4104 statim
480 4043 517 4104 ab
540 4042 626 4104 initio
667 4057 731 4101 esse
748 4039 882 4102 Messiam
907 4060 941 4103 ac
970 4040 1077 4103 Filium
1104 4036 1174 4114 bet,
1201 4046 1264 4098 tunt

69 4181 96 4258 t1l
110 4187 177 4236 teor.
192 4192 214 4250 e,
230 4193 253 4238 c.
342 4193 431 4249 calcor.
447 4195 507 4254 2,s.
696 4192 726 4254 ret
743 4193 869 4254 tuear.
983 4158 1110 4253 lutosae,
1125 4187 1162 4240 et.

76 4247 95 4301 ὓ)
110 4246 117 4289 l
131 4251 179 4295 dor.
195 4251 218 4306 l,
238 4254 254 4298 l.
343 4254 372 4310 tlt
387 4255 393 4300 t
410 4257 454 4300 Cor
474 4256 498 4314 ὅ,
514 4253 590 4300 l9-2l.
696 4257 727 4312 llll
745 4255 800 4300 buc.
819 4255 837 4312 l,
853 4255 875 4300 2.

75 4301 95 4359 t)
109 4305 139 4352 cl.
155 4309 313 4358 ttcsenmidler
328 4313 350 4358 tn
366 4323 388 4359 c.
403 4313 420 4360 l.
697 4313 727 4370 (tt)
740 4315 765 4359 tn
780 4313 865 4373 ttnpcs.
880 4313 905 4358 in
920 4310 974 4357 Luc.
989 4309 1005 4354 t.
1017 4307 1040 4369 t,
1056 4319 1080 4355 n.
1096 4309 1133 4356 lt.
