2934 4736
219 169 282 233 332
566 221 569 230 .
614 183 801 232 muraena
820 182 986 230 maras

176 264 299 328 nmniri
321 283 376 346 per
399 263 488 328 idem
509 264 541 327 in
559 263 658 345 ipsun
690 281 778 344 passe
815 259 1070 342 -onqmttt
1087 261 1144 324 ait:
1169 259 1285 326 ridulti
1304 261 1431 326 cerdati

178 349 307 411 obtineri
322 347 542 432 nlutemalum
556 347 617 410 ·ri
639 346 730 410 uiant
745 347 778 409 ia
815 345 872 408 riri
888 346 1090 408 mmuado
1103 345 1286 426 scripturam
1303 346 1433 409 intelle·

176 450 266 494 sensu
282 432 519 496 edmamnrunt
543 431 634 494 verba
659 429 779 494 laaunis
816 437 896 491 etun
916 430 983 492 eius
1003 429 1140 492 inmane
1160 437 1337 512 potuerunt,
1358 431 1432 494 licet

177 515 424 594 intelligerentur,
448 526 580 579 attarurs
602 514 779 578 traditiones
817 512 919 576 multia
946 513 1082 575 in'lncis
1108 513 1147 575 sit
1170 514 1311 576 obseura.
1338 533 1359 575 a
1388 549 1434 564 -

176 617 238 662 nen
256 601 507 675 excluderentur,
533 600 605 680 qaia
633 600 777 676 scriptura
816 597 849 662 S.
868 598 1068 677 limenas
1080 598 1283 674 lamentatur,
1304 618 1321 659 r
1338 595 1432 662 Scri·

176 701 296 764 quoque
319 694 375 761 est,
395 684 538 748 eremas
553 699 621 745 esse
638 682 778 744 trsdit'n·
817 690 935 762 pturarn
949 691 1084 743 ramum
1102 681 1328 744 difficultatibus
1348 701 1432 744 con·

175 768 299 848 nesii).
819 774 927 826 tertam
954 783 1044 841 esse,
1065 774 1097 828 et
1126 765 1254 827 maxime
1282 765 1431 847 Prnplte·

817 855 883 925 tas,
912 849 964 929 qai
989 848 1209 928 aenigmatibus
1231 849 1428 929 plenisunt,

410 907 441 980 ς·
468 915 542 962 ¹⁰¹·
817 942 850 994 ut
865 933 1069 996 difficultatem
1091 951 1233 994 sensum
1259 933 1431 998 difficultas

288 1006 372 1056 Μ’
387 1009 662 1068 'mmmm
816 1035 938 1098 quoque
958 1015 1106 1078 sermons
1121 1017 1329 1098 inrolrnt(5).
1348 1018 1429 1081 Tota

208 1098 776 1183 indolemS.Seripturaesispectemrs,
817 1099 950 1180 Epistola
967 1099 1004 1162 ll.
1032 1099 1117 1162 Pauli
1142 1101 1181 1162 ad
1199 1099 1357 1164 Ronanus
1376 1101 1428 1164 ni·

175 1183 252 1247 banc
267 1185 308 1247 ita
324 1195 526 1265 comparatam
538 1203 605 1248 esse
623 1188 778 1263 minueri-
816 1184 885 1245 niis
895 1183 1266 1246 obscuritatibusinroluta
1273 1193 1333 1262 est,
1348 1205 1430 1248 non·

177 1287 262 1343 mur,
282 1276 316 1331 at
341 1270 509 1332 outbentico
531 1270 778 1350 interpretatione
817 1267 874 1328 uisi
891 1265 1021 1348 Spiritus
1035 1266 1067 1330 S.
1085 1267 1209 1346 auxilio,
1225 1270 1276 1350 qui
1289 1289 1361 1331 eam
1384 1271 1429 1332 A·

175 1354 319 1434 indicent,
331 1369 418 1432 oman
430 1355 467 1416 ol
478 1355 624 1433 Apmtolia
639 1363 778 1417 oretenus
795 1362 797 1422 t
816 1353 932 1432 postulo
944 1351 1076 1428 dictavit,
1089 1351 1280 1430 intelligenda
1293 1354 1357 1435 (u).
1380 1354 1430 1416 A·

173 1438 307 1520 fidelium
322 1437 568 1506 communicatum
580 1438 688 1518 (uisu,
714 1438 775 1502 du·
794 1423 798 1538 l
816 1437 925 1516 postoli
942 1435 1061 1510 Petrus,
1080 1435 1224 1512 lacobus,
1243 1436 1377 1499 loannes
1397 1447 1429 1500 et

175 1521 265 1584 bituri
281 1538 342 1582 non
360 1529 468 1601 petest.
814 1519 1023 1600 luctasseptern
1034 1520 1426 1601 Epistolasediderunttam

206 1604 247 1666 ·l.
271 1603 456 1668 Documenta
477 1604 557 1668 enim
581 1604 650 1668 novi
667 1603 775 1668 Testa·
816 1604 965 1684 mysticas,
979 1612 1013 1664 ut
1023 1622 1109 1665 rarus
1119 1604 1170 1678 sit,
1183 1606 1234 1685 qui
1249 1623 1309 1666 nan
1323 1605 1357 1666 in
1369 1623 1428 1668 ea-

174 1687 338 1750 mentitam
354 1689 473 1751 disertis
481 1689 580 1760 ¹serbis
594 1709 691 1771 neque
704 1708 776 1754 con·
814 1706 881 1748 rum
905 1687 1034 1749 lectione
1049 1689 1208 1750 caecutiat.
1223 1689 1428 1770 Apocalypsis

173 1771 288 1850 signata
303 1767 396 1849 eunt,
415 1791 512 1854 aeque
529 1773 697 1850 consignari
716 1793 774 1854 pa·
814 1769 934 1832 loannis
952 1780 996 1834 tot
1011 1771 1101 1834 babet
1122 1781 1321 1848 murarnenta,
1348 1782 1427 1854 quot

172 1863 282 1931 terant,
301 1857 417 1919 stratis
430 1857 625 1938 clarequouis
638 1867 775 1938 tempore
813 1855 904 1916 verba
916 1855 1005 1935 (Ὀ.)
1023 1856 1057 1920 S.
1080 1856 1266 1936 Aupnsn'ntu
1284 1857 1334 1938 (8)
1357 1858 1425 1922 ait:

174 1941 301 2021 quisque
319 1939 460 2020 perfacile
477 1941 634 2018 intelligat,
654 1942 722 2021 quis
735 1942 775 2003 sil
793 1949 796 2025 t
816 1937 1023 2020 ‹SpiritumS.
1033 1937 1064 2002 S.
1075 1937 1256 2022 Scripturam
1269 1941 1311 2003 ils
1323 1942 1427 2003 modi-

172 2024 331 2086 uerborum
345 2041 451 2086 seuseu
467 2024 530 2086 sire
544 2042 619 2105 quas
634 2026 716 2087 ideas
729 2024 774 2087 le·
814 2024 931 2100 neure,
944 2032 978 2085 ut
989 2025 1062 2086 locis
1071 2025 1270 2103 apertioribus
1283 2025 1361 2086 lurni
1375 2045 1427 2086 oc-

172 2115 268 2169 susat
286 2107 418 2188 Apostoli
437 2125 504 2170 cum
520 2108 567 2168 bis
582 2108 680 2170 verbis
696 2127 772 2169 con·
814 2116 958 2184 curreret;
978 2108 1203 2170 oliscurioribus
1216 2117 1317 2170 autern
1332 2109 1426 2171 lasti-

173 2190 334 2253 iunrerint.
353 2189 516 2254 Obscuram
536 2191 655 2271 potius,
674 2192 774 2254 ambi·
814 2191 864 2252 die
882 2191 1265 2267 detergente-[tenum
1284 2191 1427 2254 obscuri·

173 2293 260 2353 guam
274 2285 303 2337 et
315 2275 404 2338 variis
414 2275 712 2356 interpretationibus
722 2276 775 2338 ob·
816 2283 905 2336 tatem
924 2272 955 2337 S.
970 2273 1141 2356 Scripturae
1154 2277 1301 2354 agnoscit,
1315 2286 1348 2338 et
1366 2295 1426 2338 ne-

173 2357 291 2420 noxiam
306 2355 337 2421 S.
354 2357 534 2440 Scripturam
546 2377 624 2435 esse,
640 2359 776 2422 luculen-
815 2358 982 2420 cessitatem
1009 2360 1177 2422 traditionis
1204 2360 1312 2421 exinde
1340 2361 1426 2422 eruit

174 2441 288 2506 tissima
305 2451 479 2520 argumenta
498 2443 636 2524 probant.
662 2442 694 2506 S.
715 2443 774 2506 Pe·
820 2443 989 2505 Vincentius
1015 2445 1205 2521 Lirinensis,
1224 2443 1275 2524 qui
1295 2444 1345 2524 (9)
1367 2446 1424 2507 ait.

174 2534 239 2588 trus
257 2527 294 2588 de
307 2527 441 2606 epistolis
455 2527 596 2607 paulinis,
614 2547 691 2609 quiae
706 2547 773 2589 ma·
793 2521 796 2610 l
817 2546 833 2587 r
853 2524 928 2598 Quia
946 2526 1127 2609 Scriptorum
1146 2526 1177 2590 S.
1200 2547 1252 2609 pro
1271 2519 1346 2608 'ipsa
1367 2549 1425 2590 sua

173 2629 260 2688 gnam
277 2608 313 2672 N.
330 2609 364 2672 Τ,
386 2620 498 2690 partem
513 2612 710 2686 constituunt,
726 2612 773 2673 di·
815 2611 972 2673 altitudine
991 2631 1051 2672 nan
1067 2631 1126 2674 uno
1142 2612 1309 2692 eodemque
1327 2631 1425 2675 sensu

176 2694 228 2756 cit:
246 2695 284 2758 ln
303 2695 409 2774 pollue
433 2703 503 2758 aunt
530 2697 673 2774 quaedum
694 2695 775 2776 diffi-
815 2694 944 2756 universi
959 2696 1185 2776 accipientum
1202 2695 1336 2757 eiusdem
1353 2698 1423 2757 elo-

176 2778 245 2841 oiliu
262 2778 429 2856 iintellecln,
448 2796 521 2858 quoe
536 2780 647 2842 indocti
670 2788 696 2844 el
723 2781 774 2841 in·
816 2778 886 2859 quie
903 2779 990 2840 aliter
1008 2792 1097 2860 atque
1117 2780 1205 2842 aliter
1222 2779 1312 2856 alius,
1329 2789 1426 2860 atque

173 2862 289 2926 stabiles
310 2864 511 2942 nunnoni...
530 2865 570 2926 od
586 2881 674 2926 ranno
694 2864 775 2942 ipae-
816 2862 1168 2944 aliusinterpretatrrr‚ut
1180 2883 1266 2945 pene,
1280 2873 1357 2944 quot
1370 2865 1427 2926 lte·

174 2963 244 3008 rum
258 2945 454 3024 perditionem
468 2946 527 3026 (ἲ).
550 2981 590 2994 -
607 2947 775 3008 Obscurita·
817 2946 912 3008 mines
924 2958 1004 3021 suut,
1018 2955 1062 3009 tot
1073 2948 1156 3009 illinc
1170 2951 1338 3010 sententiae
1352 2949 1423 3010 erui

174 3037 233 3092 ιοιιι
251 3027 282 3092 S.
303 3025 474 3110 Scripturas
491 3030 582 3092 etiam
600 3027 653 3091 SS.
672 3030 775 3094 Patres
816 3030 1075 3110 pnssevideantur:
1090 3031 1175 3094 aliter
1188 3050 1318 3112 natuque
1335 3029 1424 3094 illam

175 3113 776 3195 agnoverunt,etpraecipueilli,quirna·
815 3111 1006 3190 Neratianus,
1030 3116 1117 3178 aliter
1134 3113 1299 3191 Sabellius,
1333 3117 1426 3178 aliter

174 3197 253 3258 xirno
268 3195 367 3259 studio
382 3215 408 3259 s.
426 3197 590 3259 litterarum
607 3197 727 3260 lectioni
746 3208 776 3261 et
815 3197 1089 3280 Donatuserponit‚
1101 3200 1189 3261 aliter
1199 3198 1300 3273 Arius,
1314 3199 1424 3262 Euno-

175 3279 350 3358 erpusitioni
370 3281 554 3344 insudarunt.
575 3279 623 3344 Sic
642 3282 776 3346 Clemens
817 3282 906 3358 rnius,
926 3280 1128 3357 Macedoniae,
1147 3284 1233 3345 aliter
1258 3282 1421 3359 Photinus,

175 3362 262 3426 Alea.
283 3363 329 3442 (3)
345 3363 433 3426 dicit:
451 3365 585 3446 «Neque
603 3365 682 3428 enirn
705 3386 775 3447 pro·
816 3364 1008 3445 Apollinaris,
1028 3366 1251 3443 Priscillianus,
1267 3367 1354 3428 aliter
1371 3365 1424 3428 lo·

177 3445 289 3526 phelli,
299 3465 396 3526 neqrte
406 3446 776 3528 ipseSalrateradeecras·
815 3447 965 3525 vinianae,
989 3450 1140 3529 Pelagius,
1160 3450 1336 3525 Caelestius,
1359 3451 1424 3511 ali-

176 3547 208 3590 se
226 3536 255 3590 et
272 3530 450 3608 generaliter
465 3542 510 3594 est
528 3533 662 3596 elocutus
676 3535 776 3596 diuina
817 3541 863 3596 ter
889 3543 1038 3614 postremo
1066 3533 1230 3598 Nestorius.
1254 3533 1352 3615 Atque
1370 3534 1423 3596 id-

94 3621 102 3638 ·
178 3613 335 3694 mysteria,
356 3622 388 3674 ut
405 3633 440 3676 ea
459 3615 545 3678 facile
562 3617 629 3698 capi
656 3626 776 3698 possent
816 3617 895 3678 circo
916 3621 1041 3680 multant
1066 3638 1187 3681 necesse
1211 3627 1279 3694 est,
1298 3629 1424 3699 propter

39 4404 93 4424 A

176 3715 193 3758 a
213 3696 408 3778 quibuslibet.
426 3718 498 3760 a-
514 3697 626 3764 Deinde
647 3703 776 3765 subiun-
818 3709 915 3763 tantos
933 3709 992 3763 tarn
1019 3702 1093 3764 varii
1112 3700 1222 3765 erroris
1243 3703 1421 3778 anfractus,

176 3777 422 3862 git,Scrlpturant
438 3781 603 3861 intelligere
615 3804 678 3863 eos,
695 3785 776 3867 «qai
818 3792 850 3845 ut
865 3785 1059 3867 propheticae
1076 3796 1107 3849 et
1124 3787 1306 3867 apostolicae
1324 3783 1422 3848 inter·

177 3865 215 3928 ab
234 3863 299 3947 ipso
325 3862 662 3946 (Christo)declarataro
695 3867 776 3932 Scri·
817 3869 993 3949 prelationis
1018 3870 1097 3934 linea
1125 3870 1290 3933 anundum
1322 3871 1422 3932 eccle-

176 3957 331 4030 pturernm
351 3950 564 4030 expositionem
584 3973 619 4015 er
638 3954 779 4016 ecclesia·
817 3952 929 4014 siastici
947 3962 978 4016 et
995 3954 1150 4035 apostolici
1165 3973 1271 4016 masas
1284 3971 1421 4016 normann

178 4034 252 4096 stica
271 4034 370 4112 regule
385 4035 548 4100 retinentes
562 4047 776 4100 conservant.»
817 4036 973 4115 dirigatur.
992 4057 1009 4099 a
1028 4071 1071 4088 -·
1095 4037 1154 4121 lpsi
1176 4055 1298 4122 quoque
1315 4038 1426 4124 Protef,

209 4129 226 4186 (l
254 4127 286 4176 cl.
304 4129 510 4178 Petrensium
527 4134 631 4188 dilate,
857 4135 1071 4194 induerimus.

208 4189 231 4246 i²
255 4189 273 4235 ll
290 4187 385 4247 Petnd,
402 4189 438 4236 to.
497 4189 530 4250 (ὅ)
546 4193 698 4238 lustrem.
858 4193 872 4240 'r'
900 4193 941 4253 lip.
962 4195 992 4241 ud
1014 4195 1076 4242 Paul.
1099 4197 1122 4244 5.
1355 4238 1358 4242 .

209 4247 230 4316 tl
257 4247 280 4291 b.
297 4248 309 4289 t
326 4259 346 4292 c.
361 4247 419 4292 dele.
436 4248 507 4294 nbi.
631 4299 634 4308 p
850 4255 873 4311 (8
897 4253 996 4300 lucta
1011 4255 1086 4300 doctr.
1102 4254 1183 4302 ebriat.
1198 4266 1219 4301 e.
1235 4256 1257 4301 6.

213 4301 234 4347 lb
258 4303 283 4347 lu
299 4317 350 4366 rap.
366 4306 486 4352 suanum.
552 4319 555 4328 ·
851 4313 884 4370 (tlt
899 4312 925 4357 lu
941 4324 986 4360 ruo
1000 4315 1190 4370 commentante,
1203 4327 1255 4370 suu.
1269 4313 1294 4364 2.
