2934 4736
431 207 505 258 raas
527 207 571 254 ru.
595 207 697 256 seorm
717 210 739 255 r.
764 207 858 255 aaron
880 208 912 254 n.
1191 189 1253 254 323

73 281 213 348 Catholicis
227 285 415 350 dissentiunt.
432 287 477 350 lili
489 288 583 363 enim,
594 289 651 352 du·
736 289 765 350 l.
786 287 818 350 ln
837 289 934 352 'sensu
948 287 1047 350 latiori
1060 286 1179 350 traditio
1190 306 1294 350 omnes

73 386 101 429 aa
116 368 174 449 ipso
191 369 332 448 Luthero,
355 373 465 454 reiecta
481 372 652 451 traditione,
693 373 901 454 complectitur
913 373 1096 435 raritatesad
1107 371 1293 451 Religionem

74 470 94 513 a.
117 449 292 535 Scripturam
314 474 368 518 ceu
391 456 512 518 unicum
540 457 652 519 iontem
693 457 889 538 pertinentes,
910 475 984 539 quas
1007 475 1065 517 non
1085 475 1139 536 per
1160 453 1190 518 S.
1211 455 1293 518 Scri-

74 535 218 612 assignant‚
236 557 272 600 ex
288 559 346 621 quo
358 540 495 618 dogmata
511 541 653 604 christia·
693 550 828 622 pturam,
846 541 898 603 sed
917 559 970 621 per
987 540 1054 601 aliis
1073 539 1180 601 mediis
1205 541 1293 603 addi-

73 637 103 679 na
114 619 272 684 haurienda
289 633 368 686 sont:
386 634 415 686 et
430 625 498 686 licet
513 643 654 688 successu
693 623 995 686 scimus-Ratione
1008 623 1131 702 originis
1144 623 1218 685 hoec
1231 635 1292 686 tra-

72 705 198 784 temporis
220 708 355 770 nonnulli
380 728 414 770 ac
435 708 594 790 praecipua
611 709 654 772 ld-
693 708 767 770 ditio
782 707 925 771 diuiditur
938 709 968 769 in
987 707 1121 771 dioioom
1138 715 1169 769 et
1184 709 1293 770 homo-

71 786 220 869 piscopales
233 791 265 852 in
277 791 380 870 hoglia
393 792 432 854 da
445 792 655 855 traditionibus
693 811 774 855 oum.
795 792 899 854 Divina
916 799 972 867 est,
989 809 1065 873 quae
1080 809 1115 852 ex
1134 790 1293 854 revelatio-

72 869 165 934 dioinis
188 875 295 936 melius
316 877 473 953 senserint,
493 876 525 938 in
545 895 580 939 eo
606 884 654 939 ιι-
693 896 732 938 ne
749 876 802 938 Dei
821 875 993 951 descendit,
1013 893 1064 936 scu
1084 894 1160 955 quae
1181 892 1293 955 propo-

72 971 130 1015 nen
146 959 280 1039 plerique
297 959 489 1036 conveniunt,
505 961 583 1041 quod
600 979 655 1041 pro
694 960 739 1022 nit
755 959 894 1022 veritates
913 969 942 1020 et
961 959 1041 1038 leges
1058 979 1075 1020 a
1093 959 1153 1021 Deo
1175 959 1292 1020 revela·

72 1047 140 1100 certo
155 1050 286 1103 statuant
300 1062 497 1125 quaecunque
515 1044 654 1106 adsidam
693 1052 750 1105 tas.
769 1041 1034 1119 Humanadicitur,
1045 1061 1122 1124 quaa
1135 1041 1292 1104 nonalleo

58 1139 102 1181 ,ιι
116 1125 233 1186 salutern
264 1129 429 1190 necessaria
457 1136 543 1204 sunt,
562 1128 655 1190 sacris
686 1127 854 1204 *revelante
874 1127 927 1189 sed
946 1127 982 1192 ab
996 1126 1149 1188 bominum
1170 1125 1293 1188 institu-

71 1204 653 1290 luisselitterisconsignata3ceteravero,
693 1211 774 1273 tione
792 1209 935 1290 originem
955 1210 1079 1272 sumsit:
1099 1208 1293 1272 baecsnbdi-

71 1306 135 1367 quae
151 1293 261 1375 scripta
279 1295 359 1357 haud
372 1302 454 1372 sunt,
470 1295 560 1357 veluti
571 1295 655 1360 adia·
692 1295 753 1356 ridi
771 1295 845 1356 solet
861 1295 890 1356 in
908 1294 1107 1374 apostolicum,
1120 1312 1208 1375 qnam
1228 1292 1292 1374 pri-

71 1371 151 1451 phora
168 1395 234 1439 essa
252 1379 423 1459 spectanda.
442 1378 586 1442 Catholici
600 1398 653 1441 re·
683 1379 734 1439 mi
755 1378 900 1441 tradidere
914 1378 1059 1460 Apostoli,
1079 1377 1225 1441 aChristo
1247 1376 1293 1438 rel

69 1457 213 1536 rodiaunt,
230 1473 348 1542 praeter
361 1481 386 1525 s.
403 1460 584 1544 Scripturam
598 1474 658 1526 ceu
693 1460 806 1544 Spiritu
825 1460 855 1524 S.
877 1481 936 1524 non
955 1471 1126 1543 acceptam,
1151 1469 1181 1523 et
1195 1461 1226 1522 in
1243 1475 1291 1522 ce-

69 1535 655 1625 lleralationisohristianaeiontemagno·
693 1547 891 1622 ctesiostioum,
908 1565 997 1626 quom
1013 1545 1051 1608 ab
1066 1545 1214 1626 Apostolis
1232 1562 1291 1605 non

70 1627 654 1712 scandamatiamessetraditionem,quae
693 1639 844 1712 acceptam
860 1630 911 1696 alii
929 1647 963 1691 ιιι
981 1629 1131 1711 prioribus
1148 1628 1292 1691 ecclesiae

70 1714 121 1768 tum
136 1710 273 1790 dogmata
287 1713 431 1778 aChristo
449 1715 588 1791 revelata,
601 1715 652 1777 sed
693 1714 857 1777 rectoribus
875 1713 1001 1795 posteris
1018 1713 1289 1774 communicarunt.

24 1807 26 1814 ·
70 1789 94 1850 in
106 1811 128 1855 s.
147 1793 301 1878 Scriptura
319 1817 377 1861 nen
393 1807 530 1862 contente
542 1817 653 1880 propo·
693 1798 790 1861 Proba
807 1805 905 1860 autem
921 1796 1084 1860 notandum
1100 1805 1157 1872 est,
1167 1795 1290 1877 Aposto-

69 1874 116 1951 nit,
133 1888 192 1940 turn
212 1883 251 1943 de
267 1882 419 1944 divinitate
430 1901 465 1944 ac
483 1892 563 1954 recto
581 1901 653 1947 seo·
693 1883 738 1944 los
751 1881 807 1944 sub
825 1881 936 1963 duplici
948 1889 1084 1962 respectu
1096 1880 1290 1942 consideran·

70 1975 98 2019 sn
114 1981 137 2023 s.
162 1963 334 2046 Scripturas
351 1985 405 2028 nos
427 1974 524 2028 certos
542 1965 650 2029 reddit.
694 1966 747 2028 dos
763 1985 838 2043 esse,
858 1983 966 2046 nempe
984 1973 1016 2026 ut
1031 1982 1191 2045 praecones
1205 1981 1290 2024 rere-

70 2039 184 2137 lluiusce
203 2048 264 2112 iarn
284 2049 451 2112 traditionis
468 2051 549 2113 notio
563 2058 591 2112 et
607 2051 654 2113 di·
683 2050 835 2128 laticnis,
854 2059 883 2112 et
898 2059 930 2111 ut
947 2049 1099 2130 praesules
1116 2047 1289 2124 Ecclesiae,

28 2141 34 2158 ‘
69 2128 499 2210 mommorenciacensem
520 2133 653 2214 proban-
693 2153 770 2216 qnae
787 2143 821 2195 ut
840 2149 1003 2216 praecones
1028 2131 1217 2194 revelationis
1234 2131 1290 2192 do·

69 2208 108 2285 dt,
126 2218 343 2280 moserootioet
354 2219 529 2300 propagatio
551 2227 654 2280 osteo·
693 2217 1016 2294 cuamot,addioinom
1029 2215 1217 2278 traditionem
1228 2233 1289 2295 spe·

70 2292 152 2359 denda
163 2310 219 2375 ost,
237 2320 271 2362 ac
280 2301 399 2364 demum
412 2303 593 2366 characteres
602 2321 653 2364 as·
693 2311 785 2380 etant3
799 2321 875 2384 quae
887 2293 954 2367 ιιιο
967 2319 1024 2363 non
1037 2319 1071 2361 ex
1082 2298 1190 2362 Christi
1204 2317 1291 2360 onan·

69 2376 191 2455 signandi
210 2391 300 2462 sunt,
318 2387 480 2468 exquibus
503 2395 583 2449 certo
605 2385 654 2448 di·
694 2387 775 2463 dato,
796 2387 846 2448 sed
866 2385 985 2468 propria
999 2392 1145 2465 potestate
1158 2393 1190 2444 ut
1203 2401 1289 2464 prse-

68 2466 155 2536 aneso
175 2469 281 2550 possit.
693 2467 1290 2544 sulesllcclesiaeordinarunt,bumanam

519 2605 521 2612 ,
683 2555 884 2616 vtraditionem
903 2553 1097 2615 constituunt:
1112 2553 1142 2613 in
1154 2552 1209 2613 boe
1220 2569 1290 2612 sen·

250 2641 420 2694 Anrtcunus
440 2646 460 2726 ¹,-
694 2657 728 2700 su
749 2638 867 2700 traditio
889 2635 1167 2716 divino-oportolioo
1184 2643 1214 2696 et
1231 2635 1291 2696 ho·

170 2741 312 2792 tentriones
326 2747 392 2794 nono
406 2749 431 2795 ιι
444 2747 534 2795 armo.
693 2721 959 2802 morto-opostolico
972 2718 1173 2796 distinguitur.
1190 2717 1292 2778 ltatio·

242 2871 244 2873 ,
683 2825 731 2866 ne
751 2805 892 2866 materiae
908 2821 962 2865 seu
980 2801 1146 2879 argumenti
1171 2800 1291 2871 traditio

294 2855 323 2926 ς’
342 2863 415 2912 ¹⁸⁵⁸
694 2888 835 2956 dividitur
860 2889 892 2955 in
916 2888 1086 2950 historicum
1113 2903 1188 2964 quae
1212 2884 1292 2945 eirca

114 2961 291 3032 Traditiun'is
311 2990 420 3034 numen
438 2972 653 3053 amplissimam
694 2975 782 3050 locta,
803 2973 834 3034 in
849 2973 987 3036 littoralem
1010 2987 1087 3050 quae
1112 2969 1192 3028 sira-a
1215 2967 1291 3029 ritus

70 3039 147 3138 habet
161 3051 426 3135 significationum
447 3058 605 3120 adhibetur
619 3077 653 3121 a·
694 3067 724 3120 et
745 3058 956 3139 disciplinam,
982 3062 1012 3115 ιι
1039 3053 1069 3114 in
1096 3051 1292 3132 dogmaticum

69 3143 120 3222 tum
137 3134 172 3195 ιιι
190 3135 388 3200 denotandam
413 3142 578 3222 quamlibet
605 3142 653 3204 in*
694 3161 770 3223 qnae
794 3143 873 3204 eirca
894 3139 1030 3200 veritates
1047 3135 1211 3214 religionis,
1237 3153 1291 3197 seu

68 3216 258 3304 stitutionem,
276 3222 337 3284 sire
355 3223 427 3286 bueo
444 3225 572 3306 scripto,
592 3226 653 3288 sive
693 3228 772 3288 circa
784 3224 947 3290 doctrinam
963 3221 1031 3284 tidei
1043 3228 1072 3282 et
1089 3237 1203 3282 snorum
1223 3235 1290 3280 ser-

69 3305 288 3367 uosrocestot.
318 3304 367 3369 Sic
390 3307 650 3389 Paulus(l)sit:
693 3319 786 3372 satur.
1135 3341 1141 3360 ι

72 3376 162 3446 lenate
172 3389 357 3467 traditiones,
368 3407 441 3471 patos
451 3393 596 3456 didicistis
608 3395 652 3457 si-
734 3393 765 3454 ι.
785 3389 931 3463 Quoniam
951 3386 1069 3450 traditio
1087 3386 1117 3448 in
1140 3385 1199 3449 isto
1226 3393 1290 3448 tra-

69 3477 97 3524 tt
108 3483 158 3544 per
173 3489 348 3550 sermonem,
360 3477 421 3538 sius
434 3495 488 3556 per
505 3478 653 3558 epistolem
685 3485 772 3538 etatu
800 3484 833 3537 ut
856 3474 922 3535 lons
946 3471 1134 3534 revelationis
1151 3470 1290 3533 conside-

69 3558 199 3616 oostrom.
218 3589 260 3602 -
275 3555 334 3620 llsu
353 3570 451 3624 autem
471 3562 652 3624 ecclesiasti·
693 3571 796 3640 ratur,
813 3558 909 3620 solum
936 3558 973 3619 de
992 3556 1152 3618 traditione
1173 3555 1288 3632 divina,

69 3645 98 3689 tu
113 3643 140 3695 et
156 3638 320 3718 theologico
338 3643 447 3705 lactum
470 3654 527 3721 est,
546 3654 579 3706 ut
600 3663 654 3727 per
680 3653 722 3707 vet
751 3642 869 3724 qtridem
895 3640 932 3703 de
958 3640 1118 3701 traditione
1139 3637 1289 3718 dogmati-

71 3717 245 3786 traditionem
265 3725 315 3787 illa
330 3727 425 3788 solum
446 3727 580 3791 doctrina
603 3731 652 3791 in·
693 3747 727 3789 ca
742 3745 840 3788 sermo
855 3724 1032 3786 instituitur.
1055 3722 1088 3785 ln
1113 3723 1168 3785 boc
1189 3731 1289 3782 autern

70 3800 227 3882 telligatur,
253 3811 484 3892 auoe'primum
514 3823 654 3878 oretenus
693 3830 781 3874 sensu
801 3808 940 3871 strictiori
960 3808 1079 3870 traditio
1110 3814 1155 3868 est
1176 3803 1289 3864 doctri-

70 3885 171 3949 tantum
190 3891 256 3952 aliis
278 3895 518 3969 communicata,
542 3906 571 3958 et
594 3917 653 3960 oon
693 3915 730 3957 no
748 3893 888 3955 divinitus
914 3893 1063 3968 revelate,
1087 3904 1290 3970 quaereres

72 3973 654 4060 lfirsaeramScripturam,sedaliisme·
693 3977 844 4040 canonicis
871 3977 1064 4058 scriptoribus
1093 3969 1197 4034 litteris
1228 3987 1289 4030 non

71 4045 119 4111 dns
140 4068 310 4122 conservata
343 4073 373 4123 et
397 4073 554 4144 propagata
584 4065 652 4128 luit.
693 4063 881 4140 consignata,
902 4062 952 4122 sed
970 4060 1035 4121 riva
1055 4074 1124 4118 voce
1152 4053 1290 4134 ebhpo·

70 4126 235 4224 bassatium
248 4144 414 4207 traditionis
423 4147 599 4228 significatio
610 4149 654 4212 lu·
693 4147 777 4208 stolis
790 4146 958 4227 praedicata
970 4151 1000 4205 et
1009 4143 1046 4202 -in
1066 4138 1196 4233 Ecclesia
1208 4155 1289 4198 sem-

70 4221 121 4279 ttor
133 4231 161 4284 et
173 4227 303 4290 strictior
321 4229 461 4309 distingui
483 4237 592 4313 potest.
680 4267 683 4272 -
694 4248 748 4312 per
764 4237 937 4292 corrseraata
955 4226 1022 4290 luit.
1041 4257 1081 4270 -
1098 4221 1178 4283 Talis
1198 4221 1291 4286 trodi-

94 4323 122 4384 ttt
136 4328 154 4376 tt
167 4330 331 4395 uum.·e,-tt.
545 4361 547 4366 -
695 4315 736 4377 tio
754 4314 853 4377 divina
867 4313 974 4394 duplex
995 4307 1180 4385 secernitur,
1200 4304 1291 4368 ninri·
1330 4367 1331 4372 ,
