2910 4732
441 226 513 278 rans
535 229 556 276 r.
581 225 682 275 scurie
702 229 723 274 1.
748 215 842 272 carun
863 225 895 272 n.
1207 187 1248 270 bb

46 313 100 378 nisi
117 311 211 376 huius
241 310 428 376 substantiae
452 309 649 373 modificatio·
689 307 733 372 tui
751 307 953 388 potestihnne
964 305 1058 368 series
1071 312 1307 388 momentorum¹

46 418 106 475 nes,
126 397 206 459 nihil
219 397 257 458 de
273 396 458 472 hominibus,
471 393 651 457 animalibus
689 389 1144 474 praeterlapsoruminfinitaest,
1157 407 1196 452 an
1213 389 1291 452 noni

42 479 401 557 etc.,sedomniadelleo
413 477 574 562 praedicari
584 495 652 558 pos·
690 477 716 538 si
739 475 854 537 infinita
878 483 943 551 est,
969 475 1117 555 quomodo
1142 482 1296 538 momenta

42 574 124 642 sont,
136 573 169 626 et
183 564 308 640 debent,
325 583 352 625 e.
369 581 396 642 g.
418 564 541 639 scelera,
560 563 650 637 turta,
692 578 767 622 nova
785 559 927 620 continuo
952 558 1093 620 accedere
1109 561 1249 639 possunt?
1266 559 1293 621 si

44 647 202 711 latrocinia
217 656 276 710 eto.
293 647 398 723 Porro,
414 665 481 709 cum
497 647 561 728 ipsa
575 644 651 708 ratio
691 659 760 706 vero
779 641 894 704 infinita
911 659 971 703 non
989 649 1045 718 est,
1064 641 1148 722 (quia
1164 661 1292 720 genera·

44 733 147 809 dictet,
167 751 232 794 uon
257 749 344 814 posse
364 731 437 792 duas
455 729 652 792 modificatio·
691 728 744 789 tim
765 731 906 788 numerus
922 725 1055 787 infinitus
1072 727 1230 810 repugnat)
1249 746 1295 790 er·

46 836 97 878 aes
117 816 290 879 contrarias
307 815 358 876 uni
377 814 528 876 individuo
548 812 652 876 subie·
691 831 728 890 go
743 810 861 872 initium
883 809 982 871 habet.
1003 808 1033 871 Si
1048 817 1146 872 autern
1169 811 1220 873 illa
1233 829 1295 873 una

45 912 93 962 cto
110 899 288 973 convenire,
309 907 407 960 tamen
427 899 507 960 iuxta
525 905 653 978 systema
693 895 857 958 substantia
883 894 1006 975 incipit,
1032 893 1181 974 quomedo
1212 895 1293 974 origo

50 983 193 1064 Spinoaae
217 985 255 1046 de
279 983 340 1044 Deo
358 983 416 1044 dici
438 983 555 1063 poterit,
575 980 654 1061 quod
693 981 775 1041 illius
785 978 1000 1042 declarabitur‘.l
1008 979 1135 1059 seipsam
1146 997 1218 1040 sane
1229 997 1296 1060 pro·

50 1070 89 1129 sit
104 1068 213 1130 eodem
229 1077 362 1148 tempore
380 1067 483 1142 tristis,
500 1076 530 1129 et
546 1067 653 1141 laetus,
694 1065 806 1126 ducere
826 1082 886 1125 non
905 1063 1011 1144 potuit,
1044 1063 1114 1143 quia
1144 1063 1297 1126 debuisset

53 1151 181 1229 calidus,
201 1161 234 1213 et
252 1151 395 1228 frigidus,
415 1169 494 1226 reus,
514 1157 546 1212 et
568 1149 656 1210 iudex
689 1165 773 1224 esse,
794 1156 826 1210 ut
843 1147 1031 1228 produceret,
1051 1156 1086 1209 et·
1098 1165 1158 1210 non
1178 1157 1297 1225 esse,ut

51 1244 108 1296 etc.
126 1255 187 1316 quo
206 1235 280 1316 quid
300 1233 603 1296 absurdiusl-lam
628 1251 653 1294 s.
697 1232 920 1314 produceretur.
946 1230 1118 1294 Necessario
1142 1249 1211 1310 ergo
1233 1240 1297 1295 sta-

51 1319 236 1398 dugustinus
250 1319 329 1380 haud
343 1319 471 1380 absimili
490 1325 657 1380 commento
698 1317 790 1378 tuitur
808 1335 861 1377 cns
875 1335 892 1376 a
908 1315 1081 1380 substantiis
1109 1317 1252 1397 tempori,
1269 1325 1299 1379 et

53 1402 252 1484 Pythagorae,
265 1413 294 1464 et
308 1401 434 1464 aliorum
445 1411 575 1465 veterum
585 1400 657 1462 Plri-
693 1401 793 1481 spatio
811 1400 964 1476 subiectis,
980 1419 1102 1481 prorsus
1112 1400 1297 1479 distinctum,

52 1487 248 1568 losophorum
264 1487 473 1562 asserentium,
487 1487 580 1548 mum
593 1501 659 1547 esse
699 1505 716 1546 a
734 1504 777 1560 se,
798 1491 827 1546 et
844 1484 874 1548 in
894 1502 926 1545 se
941 1485 1138 1565 personaliter
1155 1485 1296 1548 existens.

53 1571 186 1632 animam
215 1569 332 1644 mundi,
352 1589 430 1650 quae
446 1571 546 1632 omnia
563 1569 657 1630 viriii-
699 1570 730 1649 e)
747 1569 880 1649 lienique
904 1568 981 1629 sicut
995 1568 1185 1647 afficiemus,
1211 1571 1301 1632 itaet

53 1663 113 1730 cet,
135 1672 247 1734 corpus
260 1671 329 1714 vero
348 1653 400 1716 [lei
419 1655 561 1716 mnndum
581 1671 658 1728 esse,
699 1653 906 1716 Pantheismus
920 1659 983 1713 tum
1003 1652 1163 1732 antiquior,
1180 1662 1240 1715 tum
1254 1672 1301 1715 re-

54 1739 161 1800 eodem
180 1739 245 1798 iere
263 1737 350 1798 modo
368 1739 532 1819 respondit.
550 1735 661 1808 «Quod
701 1737 815 1800 centior
831 1736 932 1798 solide
947 1736 1117 1798 confutatur
1135 1757 1189 1820 per
1211 1755 1301 1816 argu·

55 1823 82 1884 si
99 1823 143 1883 ita
158 1829 216 1896 est,
229 1821 283 1896 ait,
296 1822 362 1902 quis
379 1841 437 1882 non
449 1823 662 1902 videat,quan-
701 1830 801 1883 menta
819 1839 871 1902 pro
900 1820 952 1882 llei
980 1820 1144 1882 existentia*
1158 1821 1299 1883 adducta.

57 1917 88 1967 ta
106 1906 260 1986 impietas,
285 1915 314 1966 et
331 1906 534 1983 irreligiositas
552 1923 659 1986 sequa·
701 1906 914 1984 Argumentum
929 1903 1009 1966 enim
1028 1905 1257 1984 cosmologicum
1274 1925 1303 1966 o

59 1999 120 2064 tur,
134 1998 169 2050 ut
180 1989 260 2069 quod
277 1989 433 2068 calcaverit
442 1991 579 2070 quisque,
596 2007 663 2070 par·
701 1989 821 2063 stendit,
841 1988 934 2049 Deum
953 1997 1050 2049 utens
1068 2008 1085 2049 a
1103 2007 1146 2064 se,
1167 1987 1197 2050 et
1209 1998 1302 2051 aeter-

60 2084 119 2135 tem
129 2072 186 2134 Dei
199 2072 306 2148 calcet,
322 2081 351 2134 et
365 2073 395 2134 in
414 2074 493 2134 omni
513 2073 663 2134 animante
702 2073 824 2134 num'eb
837 2071 956 2134 entibus
970 2071 1209 2151 contingentibus
1221 2090 1303 2155 pror-

59 2155 226 2218 oceidendo
245 2175 313 2236 pars
330 2156 382 2219 llei
400 2157 578 2219 trucidetur?
594 2158 662 2218 nolo
702 2177 752 2218 sus
770 2157 954 2232 distinctum,
975 2164 1004 2217 et
1027 2174 1086 2217 non
1106 2167 1232 2238 partem,
1253 2157 1303 2219 sed

60 2239 164 2302 omnia
179 2240 291 2314 dicere,
313 2259 388 2320 quae
410 2249 534 2320 possunt
556 2257 663 2301 occur·
703 2259 871 2322 supremam
890 2257 1008 2301 caueam
1029 2241 1201 2303 eommdem
1224 2260 1300 2304 esse.

61 2343 127 2386 rere
148 2323 360 2402 cogitantibus,
393 2325 453 2386 dici
476 2333 574 2386 autem
600 2323 664 2386 sine
704 2324 894 2406 (5.28).Non
907 2341 975 2402 ergo
988 2332 1136 2386 ornatura
1151 2325 1304 2404 euoluitur,

64 2407 245 2470 verecundia
259 2426 319 2470 uon
335 2407 584 2488 possunt-lam
595 2425 664 2469 vero
704 2410 878 2490 explicatur,
915 2427 967 2470 seu
1003 2409 1190 2490 progreditur
1211 2409 1303 2486 Deus,

65 2500 165 2574 partes
176 2490 230 2552 llei
241 2493 306 2553 lieri
316 2493 451 2568 lascivas,
468 2492 664 2572 iniquas,im-
705 2495 755 2574 qui
773 2494 855 2555 illam
873 2492 961 2568 lecit,
982 2502 1011 2554 et
1025 2493 1170 2574 sapientia
1188 2494 1304 2556 infinita

63 2577 141 2656 pias,
154 2584 243 2655 atque
257 2577 378 2637 omnino
389 2576 584 2652 damnabiles,
599 2576 666 2656 quis
705 2577 844 2658 disponit,
857 2576 943 2654 regit,
956 2577 1147 2655 etgulrernal,
1158 2579 1304 2640 utlcrtar·

66 2662 143 2720 lerre
168 2659 271 2739 possit,
290 2659 349 2720 nisi
373 2660 423 2740 qui
447 2679 566 2741 prorsus
584 2661 666 2721 insa·
705 2660 1304 2742 gumentumphysico-theologicum.Non

66 2742 309 2823 uiat‘l(ll›-b)
324 2741 409 2819 Si,ut
426 2741 551 2824 Spinoaa
567 2745 665 2820 docet,
706 2744 916 2820 conlocandos,
941 2745 991 2806 sed
1018 2745 1196 2807 deridendus
1216 2755 1305 2820 esset,

66 2827 170 2888 omnia
192 2826 289 2889 ierrea
306 2828 481 2890 necessitate
504 2828 664 2903 eveniunt,
706 2829 758 2910 qui
778 2829 889 2892 diceret
912 2829 1105 2890 architectum
1125 2827 1230 2905 evolvi,
1255 2839 1306 2889 aut

67 2930 128 2972 uon
143 2910 254 2972 dautur
265 2930 334 2989 ergo
351 2913 382 2972 iu
402 2912 521 2973 homine
538 2911 668 2974 actiones
698 2913 842 2995 *progredi
858 2931 892 2974 ex
910 2913 1055 2988 aedificio,
1069 2913 1113 2974 nel
1132 2929 1224 2973 unum
1243 2928 1306 2973 esse

68 2995 192 3069 liberae,
211 2995 338 3076 ideoque
349 3013 404 3058 nec
417 2996 589 3068 honae,uec
607 3015 669 3057 nra·
708 3017 774 3059 cum
790 2996 1026 3078 aedilicio,quod
1039 2996 1214 3058 dexterrime
1233 3014 1307 3058 cou-

69 3079 126 3154 lae,
143 3096 199 3140 neo
217 3079 394 3159 praemium,
407 3097 462 3141 nec
477 3099 582 3159 poena3
603 3080 669 3142 talis
708 3083 823 3159 struxit3
840 3099 908 3142 nem
926 3101 943 3142 a
961 3079 1047 3142 nobis
1065 3079 1184 3160 quidem
1204 3100 1238 3142 ex
1255 3099 1308 3143 ae·

68 3171 169 3224 autem
186 3163 336 3224 conclusio
355 3171 416 3224 tum
432 3165 532 3225 sensui
550 3164 667 3242 intimo,
707 3167 805 3228 dilucio
830 3166 941 3245 optime
962 3171 1132 3225 constructo
1152 3165 1308 3227 architecti

73 3255 135 3307 tum
155 3245 265 3308 rationi
283 3246 461 3310 adversatur.
483 3248 518 3327 c)
539 3247 572 3309 ln
594 3246 669 3310 Sub·
708 3249 864 3313 dexteritas
890 3247 1094 3326 cognoscitur,
1113 3267 1191 3332 quae
1210 3257 1308 3312 autern

70 3328 671 3411 stantiaSpicoaae,cuiusattributasnnt
709 3335 768 3396 iam
787 3341 856 3394 ante
880 3331 1047 3393 aedilicium
1075 3331 1105 3393 in
1135 3343 1234 3394 mente
1257 3352 1309 3394 ar·

70 3413 218 3489 extensio,
237 3423 267 3476 et
284 3415 490 3493 intelligentia,
510 3416 582 3478 nihil
600 3417 670 3478 inii·
710 3417 829 3480 ehitecti
846 3415 967 3491 exstitit,
978 3416 1052 3478 etab
1066 3415 1117 3478 illo
1134 3417 1250 3497 penitus
1265 3417 1310 3478 di·

71 3498 126 3558 niti
138 3497 276 3560 habetur.
292 3497 363 3559 'lam
382 3500 462 3568 enim
481 3517 606 3581 corpora
624 3519 672 3562 ex·
710 3501 868 3578 stinguitur
885 3501 923 3580 (ξ.
946 3500 1011 3580 29).
1031 3499 1122 3562 Porro
1142 3500 1245 3562 mundi
1262 3500 1310 3562 ni-

73 3590 169 3657 tense,
185 3600 275 3661 quam
288 3582 377 3644 etiam
394 3583 470 3644 vires
488 3585 670 3663 agendi,seu
710 3585 805 3648 sibilis
825 3592 922 3646 nactus
943 3603 1002 3646 non
1028 3605 1045 3646 a
1067 3585 1190 3646 materia
1214 3603 1310 3666 neque

72 3665 155 3744 ipsae
178 3665 371 3744 cogitationes
395 3665 542 3729 humanae
559 3668 670 3750 plures,
710 3689 728 3731 a
746 3667 852 3749 spiritu
870 3671 1071 3748 contingente,
1095 3677 1126 3729 et
1142 3670 1238 3746 sinito,
1259 3668 1308 3730 sed

72 3757 102 3809 et
115 3748 246 3810 maiores
260 3767 337 3826 esse,
351 3750 476 3831 ideoque
494 3752 594 3830 augeri
605 3769 673 3834 pos·
711 3754 805 3814 solum
821 3752 858 3814 ab
873 3752 947 3815 Ente
961 3752 1118 3834 spirituali,
1135 3761 1269 3827 aeterno,
1281 3771 1312 3812 o·

73 3840 156 3910 sunt3
172 3833 342 3895 nullatenus
359 3851 427 3912 ergo
445 3835 577 3898 infinitae
590 3844 669 3897 sunt.
712 3837 905 3917 mnipotcnte‚
923 3845 952 3898 et
966 3836 1093 3912 inlicito,
1115 3836 1192 3918 qnod
1207 3834 1244 3897 ab
1260 3853 1312 3896 en·

73 3915 105 3995 d)
123 3913 155 3978 Si
169 3916 282 3992 omnia,
299 3917 387 3979 etiam
407 3919 487 3980 entia
502 3921 673 3998 contingen·
710 3921 791 3983 tibus
803 3918 1243 4000 motispenitusdistinguatur,
1260 3935 1310 3978 re·

77 3999 126 4076 tia,
140 3999 177 4060 ed
190 4017 281 4061 unam
299 4000 492 4064 substantiam
512 4003 670 4084 pertinent,
712 4004 772 4085 peti
790 4012 886 4084 potest
902 4005 942 4085 (5.
963 4005 1028 4082 30).
1048 4001 1171 4065 Plurimi
1190 4000 1309 4081 quidem
1357 4002 1360 4008 '

75 4101 151 4162 quae
173 4082 397 4160 benedicitur,
423 4105 491 4165 ergo
517 4087 672 4149 haecuna
712 4088 813 4168 populi
824 4089 961 4152 salsosde
977 4087 1135 4166 lliuioitate
1151 4094 1312 4165 conceptus

77 4166 425 4250 substantialemporieet
442 4170 586 4248 subiecta3
600 4189 674 4252 quo-
705 4173 889 4249 habuerunt,
906 4171 958 4233 sed
968 4179 1064 4231 tamen
1077 4167 1228 4228 communi
1241 4187 1312 4229 cone

78 4250 162 4312 modo
174 4261 279 4313 autem
300 4253 355 4314 hoc
371 4253 466 4334 posito
484 4263 604 4331 aeterna
617 4263 677 4333 sta-,j
697 4266 802 4320 ,sensu
817 4255 943 4329 Deoia*
950 4253 1039 4338 rebus
1059 4249 1186 4311 terrenis
1203 4249 1313 4310 distin-

104 4353 136 4416 ῃ)
151 4355 179 4403 1..
190 4357 213 4403 t.
225 4357 256 4404 ne
271 4359 317 4404 cn.
329 4359 370 4406 net
385 4371 406 4405 c.
420 4357 449 4405 tc
465 4361 489 4407 et
505 4359 541 4409 ts.
674 4334 689 4406 ’ς
712 4340 829 4416 xerunt,
839 4334 1163 4418 ¹iis-oleant„intellectu-m,
1178 4333 1313 4411 voluntate
1386 4334 1391 4346 '
