2934 4736
191 165 252 231 ³08
536 229 540 236 ,
587 179 773 236 reeooamae
793 176 955 224 amemus

149 257 206 323 ista
227 260 258 322 io
276 260 405 325 marimo
420 260 533 326 bonme
551 261 612 328 siat
630 262 746 327 lraben·
790 275 866 336 quae
879 253 1010 319 nondum
1027 252 1151 335 probata
1164 261 1221 329 est,
1237 253 1289 317 sed
1307 255 1385 320 inle-

125 417 128 426 λ
149 343 206 422 da,
227 346 298 424 quio
317 364 336 408 o
353 348 492 410 Petrina
508 348 565 410 isto
586 346 748 428 arcemanus
787 341 850 402 rius
867 337 1140 414 demonstrabitur,
1164 340 1307 420 appellari
1326 359 1384 404 noo

147 427 181 490 t‘rt
188 429 318 494 Ecclesia
328 430 460 512 leuando.
473 430 597 494 Decreta
605 449 673 492 vero
687 429 746 494 bu·
787 425 891 504 possit3
902 441 1066 486 consensus
1077 431 1174 484 tamen
1187 423 1385 486 Ecclesiarurn

147 511 667 578 iusconciliiconfirmataluerrmtin
679 514 746 594 plu·
785 506 879 570 etSS.
900 507 1020 570 Patrum
1040 515 1071 568 et
1087 505 1287 572 Consiliorum
1307 510 1386 589 parit

145 593 228 658 ribus
253 597 387 660 conciliis
405 597 645 679 particularibus,
665 606 694 659 et
712 597 744 660 in
784 592 993 654 certitudinem
1010 591 1152 652 moralem
1168 609 1337 670 summam,
1356 603 1385 656 et

144 679 254 760 synodo
272 679 310 744 v1
323 701 390 761 gen.
410 683 439 744 in
460 681 561 748 Troilo
579 681 740 744 celebrata.
783 695 902 738 omnem
922 677 1010 738 fidem
1031 684 1171 737 meretur.

143 761 255 826 Eadem
279 765 431 828 Ecclesiae
450 765 528 828 circa
554 765 645 828 libros
664 764 742 826 divi·
834 761 912 824 Noto
932 760 964 822 Ξ.
984 758 1088 822 Divina
1110 777 1135 821 s.
1167 757 1312 821 librorum
1334 760 1384 823 in·

143 845 224 908 nitus
242 847 402 930 inspiratos
416 849 573 912 consensio
595 847 743 926 colligitur
781 842 904 924 spiratio
922 852 984 906 tom
1003 841 1234 924 antiquioribus,
1256 851 1319 907 tum
1333 864 1383 908 re·

143 947 179 991 ex
197 932 323 995 concilio
341 932 499 996 llomanol
515 951 594 994 anno
606 933 667 996 tet
685 933 740 994 sub
781 927 966 990 certioribus
989 926 1175 1008 temporibus
1192 927 1273 989 vario
1293 930 1382 992 mode

141 1011 290 1079 Gelasio!
312 1015 425 1080 habito.
444 1016 478 1080 ln
501 1016 740 1098 decreto'Eupe-
780 1011 953 1092 impugnata
974 1011 1041 1074 fuit.
1074 1008 1130 1074 Sed
1158 1011 1235 1072 baud
1260 1011 1383 1076 difficile

141 1097 190 1160 atii
206 1099 251 1162 lV
263 1119 315 1181 pro
333 1101 471 1164 Annenis
487 1100 614 1163 dicitur:
642 1101 740 1166 Utrum
780 1105 837 1172 est,
853 1104 949 1158 nautas
965 1105 1069 1158 contra
1090 1095 1171 1157 illam
1190 1095 1383 1161 difficultates

140 1189 227 1261 otooc
243 1186 367 1248 eundem
383 1186 477 1246 Deum
497 1186 603 1248 ueteris
626 1193 653 1248 et
669 1187 740 1248 nooa’
757 1225 759 1238 .
778 1180 904 1242 solvere.

140 1270 314 1345 belomonte,
334 1269 386 1331 boc
403 1278 456 1343 eet,
476 1269 564 1349 lepis,
578 1269 737 1349 propbeto-
821 1265 884 1327 Odi.
895 1261 1005 1326 l.ldca
1018 1261 1221 1344 inspirationis
1230 1283 1380 1345 superna·

138 1353 738 1434 rum‚otpueldoonpcliiprofitcmuron·
778 1347 1375 1428 turalisortaestapadpopulosincultos,

138 1442 261 1505 ctorem
278 1436 419 1516 quonium
435 1438 534 1500 codem
551 1435 668 1518 Spiritu
685 1438 735 1499 in·
777 1431 828 1510 qui
846 1432 959 1510 omnia,
979 1449 1105 1512 quorum
1125 1433 1270 1494 rationem
1290 1436 1375 1496 sulb-

137 1519 271 1598 rpirnntc
287 1521 440 1600 utriusque
456 1523 620 1584 testamenii
635 1522 737 1584 Sancti
776 1515 903 1578 cientem
918 1535 970 1597 pro
983 1535 1036 1580 sua
1046 1516 1174 1578 ruditate
1182 1515 1240 1578 sibi
1249 1518 1380 1598 explica·

137 1600 227 1664 locuti
251 1612 343 1666 cunt:
363 1621 489 1684 priorum
506 1605 594 1668 libror
616 1607 736 1684 ,impii
775 1615 808 1660 re
823 1618 881 1664 non
898 1609 1046 1682 poterant,
1063 1600 1253 1664 immediatae
1267 1620 1376 1664 causa·

136 1692 164 1746 ct
180 1697 340 1751 uenerator
357 1689 496 1752 Euporia,
515 1689 626 1752 Eodem
647 1690 735 1752 modo
776 1681 850 1744 litati
869 1684 961 1748 diuini
982 1683 1374 1765 Numinisadscripseront.

136 1770 297 1832 concilium
329 1773 536 1836 Tridentinum
555 1773 732 1850 declararit,
774 1764 843 1828 Ideo
861 1769 910 1830 vix
929 1769 990 1832 ulla
1012 1769 1115 1846 religio
1134 1768 1209 1843 brit,
1236 1787 1317 1849 quae
1337 1770 1377 1832 li·

135 1869 166 1914 se
179 1855 343 1934 scripturos
357 1865 383 1918 et
395 1857 571 1920 traditiones
587 1902 594 1919 ,
612 1901 619 1920 ,
643 1904 649 1920 ,
663 1861 735 1938 pari
775 1849 843 1913 bros
859 1871 970 1930 sacros,
988 1872 1040 1916 seu
1055 1852 1196 1914 divinitus
1213 1852 1377 1934 inspiratos

134 1940 298 2002 reuerentia
314 1941 470 2020 surripere,
485 1949 511 2002 et
529 1941 616 2004 trinta
633 1959 732 2006 exem.
775 1953 833 1997 non
847 1936 1007 2001 iactaverit.
1019 1936 1100 1998 Hanc
1113 1937 1236 1999 eandem
1257 1939 1377 2018 opinio·

133 2021 217 2100 plttm
233 2025 465 2088 orthodooeorum
481 2026 608 2088 Patriam
625 2027 679 2088 sub
696 2043 732 2089 a·
773 2037 840 2080 nem
853 2021 981 2100 primum
997 2020 1138 2096 Hebraei,
1149 2021 1218 2082 dein
1230 2019 1377 2084 Christia-

134 2106 300 2170 notdcmotc
313 2109 452 2190 definire,
466 2109 557 2172 libros
573 2127 672 2174 corros
685 2109 744 2172 in-'
773 2103 804 2163 ni
824 2101 1005 2184 habuerunt,
1026 2105 1063 2168 de
1080 2123 1206 2187 qnorum
1223 2105 1310 2166 libris
1326 2108 1375 2168 id-

134 2196 228 2269 tcpror
245 2207 311 2254 cnm
336 2193 470 2257 omnibns
492 2192 555 2256 suis
573 2195 730 2273 parribus,
771 2187 849 2250 circo
868 2209 928 2252 non
948 2191 1028 2254 aliud
1052 2190 1194 2252 iudicium
1213 2189 1284 2252 ierri
1304 2201 1375 2270 pot·

133 2282 221 2352 prout
238 2275 272 2343 io
288 2277 420 2340 Ecclesia
436 2277 576 2342 catlaolico
594 2278 652 2359 lcpi
664 2296 730 2341 con·
771 2279 827 2346 est,
841 2291 929 2354 qoam
943 2275 980 2338 de
992 2272 1173 2354 reliquorum
1190 2274 1373 2354 populorum

133 2368 307 2436 caumont,
326 2369 352 2422 ct
371 2361 404 2422 iu
418 2361 510 2424 ceteri
522 2362 642 2443 oarlputo
659 2363 730 2426 loti·
772 2354 977 2440 tragiocrapnis
996 2357 1125 2437 scriptis,
1139 2376 1228 2439 quae,
1246 2358 1373 2422 latenti-

133 2443 470 2521 nocda'tioacdobentor,
482 2447 731 2525 proeocra'setco-
771 2439 827 2502 bus
844 2442 993 2518 munibus,
1013 2443 1114 2525 Spurii
1132 2450 1213 2505 sunl·

132 2525 246 2589 udaieis
263 2527 476 2592 baleradosease
487 2529 546 2610 (t).
811 2525 896 2604 Reep.
915 2525 1131 2608 Antiquissima
1149 2534 1179 2589 et
1194 2525 1372 2591 uniuersalis

171 2611 267 2674 ¹Noto
290 2611 321 2674 l.
341 2611 507 2676 Consensus
530 2613 728 2676 Ecclesiarum
769 2605 806 2668 de
824 2608 1062 2674 librisdirinitus
1076 2610 1227 2692 inspiratis
1243 2628 1372 2691 persua·

133 2691 272 2774 publicus
296 2703 326 2758 et
353 2695 527 2760 uniuersalis
552 2697 631 2758 circa
651 2698 729 2760 divi·
770 2690 815 2752 sio
830 2693 909 2754 clare
926 2702 1150 2770 commonstrat,
1167 2695 1314 2756 rationem
1328 2696 1374 2758 in·

133 2795 202 2838 narn
220 2797 245 2842 s.
262 2778 407 2842 librorum
423 2780 646 2863 inspirationem
664 2793 727 2843 maa
769 2775 942 2854 spirationis
954 2778 1179 2861 possibilitatem
1194 2797 1368 2856 agnoscere.

131 2861 239 2924 simam
257 2865 476 2926 venerationem
498 2873 629 2929 meretur
645 2863 683 2927 ob
698 2884 730 2926 e·
769 2857 841 2920 Cum
856 2870 954 2924 autem
973 2863 1019 2924 vix
1036 2862 1160 2940 intelligi
1180 2863 1286 2945 possit,
1298 2883 1372 2945 quo·

130 2943 402 3026 inconstantiorem,
416 2967 474 3028 qua
485 2947 730 3028 Apostoliscoae·
771 2944 858 3006 modo
879 2945 1027 3024 homines,
1044 2950 1202 3028 praecipuo
1213 2947 1318 3022 rudes,
1332 2951 1370 3010 ad

130 3046 184 3090 uus
201 3039 257 3106 est,
278 3031 315 3092 ob
334 3032 573 3108 consensionem,
593 3051 651 3112 qua
671 3033 741 3097 silai⁴
769 3026 866 3090 ideam
889 3029 1093 3111 inspirationis
1116 3040 1183 3092 actu
1213 3030 1371 3095 existentis

132 3111 243 3192 ubique
260 3132 385 3178 concors
398 3125 454 3191 cst,
468 3116 506 3178 ob
528 3116 727 3192 decretionem,
770 3129 823 3191 per
832 3113 926 3174 solam
942 3116 1086 3178 rationem
1099 3116 1300 3196 pervenerint,
1318 3135 1372 3196 po·

131 3213 208 3276 quae
219 3196 256 3258 ab
267 3198 380 3275 origine
391 3200 539 3262 Ecclesiae
550 3200 585 3260 ad
598 3208 727 3262 nostram
770 3197 906 3274 polorum
927 3197 981 3262 bac
1000 3199 1031 3262 in
1047 3218 1080 3262 rc
1095 3199 1250 3261 consensio
1270 3217 1307 3260 ex
1321 3202 1371 3262 sa·

131 3297 227 3358 usqne
245 3290 372 3345 aetatem
393 3283 535 3364 pervenit.
561 3282 726 3346 Primorum
769 3288 829 3355 cto,
850 3281 964 3345 cunctis
977 3284 1078 3364 aliquo
1095 3283 1183 3346 modo
1201 3290 1290 3356 noto,
1311 3285 1367 3346 de·

131 3363 210 3423 enim
223 3366 408 3428 saecolorum
424 3368 727 3446 praesulesecclesia-
754 3365 913 3434 'sumenda
925 3376 980 3430 esl-
998 3367 1035 3430 Et
1055 3387 1127 3432 sane
1145 3401 1161 3415 ·
1181 3366 1305 3429 historia
1320 3378 1366 3430 te-

130 3443 197 3506 stici
215 3453 245 3508 et
256 3445 368 3526 Patres,
388 3450 521 3515 doctrina
539 3453 727 3515 acsanctita·
768 3455 873 3524 statur,
887 3449 965 3513 sicut
976 3452 1198 3525 revelationem,
1215 3450 1257 3512 ita
1276 3452 1366 3514 etiam

131 3536 161 3596 te
180 3531 344 3611 conspicui,
361 3533 473 3614 absque
484 3533 576 3597 dubio
587 3545 666 3599 recte
679 3555 728 3600 co·
767 3530 1004 3615 inspirationem,
1017 3555 1085 3599 vere
1097 3535 1366 3614 diuinitussactam,

129 3623 307 3691 prosecrant,
318 3618 492 3696 quoslibros
503 3618 634 3699 Apostoli
648 3620 734 3686 utdi·¹
768 3617 1004 3698 antiquissimam
1019 3638 1095 3685 esse.
1110 3618 1219 3685 Omnes
1233 3621 1315 3682 cuim
1328 3621 1369 3683 li·

129 3696 240 3760 rioilus
251 3699 615 3780 inspiratosdeclararunt,
628 3714 656 3766 et
666 3723 729 3766 cer·
769 3699 837 3764 bros
854 3720 969 3777 sacros,
988 3704 1025 3766 de
1043 3704 1151 3785 quibus
1168 3713 1271 3784 gentes
1298 3706 1369 3785 glo·

130 3782 344 3846 teinretanti
363 3785 725 3851 momentimendaciaad
767 3785 905 3864 riantur,
938 3786 1156 3852 Pentatbeocus
1188 3788 1369 3869 antiquitate

130 3874 263 3948 posteros
276 3869 653 3948 transmittereuoluerunt,
666 3872 725 3934 imo
768 3877 909 3950 praestat.
930 3869 997 3934 Iuro
1015 3891 1083 3948 ergo
1102 3871 1263 3948 asseritur,
1285 3876 1368 3937 rnul-

130 3968 186 4012 nec
204 3961 376 4030 potuerunt,
392 3955 463 4035 quin
484 3955 684 4018 dissensiones
697 3963 727 4018 et
769 3965 813 4015 tos
831 3956 973 4036 populos,
997 3957 1107 4038 qrribus
1128 3977 1162 4019 ex
1184 3960 1366 4022 commercio

130 4033 226 4096 luctae
239 4036 316 4098 inter
324 4037 470 4102 Ecclesiae
482 4039 659 4100 christianas
673 4059 726 4102 ex·
767 4056 833 4098 eum
844 4037 993 4102 *Hebraeis
1009 4041 1107 4103 diuina
1123 4042 1266 4104 librorum
1284 4039 1368 4124 bloy-

130 4116 546 4201 citarentur.Quamvisigitor
557 4122 649 4184 bicad
660 4143 726 4203 pro·
766 4122 807 4183 sis
816 4123 978 4198 auctoritas
991 4125 1133 4202 innotuit,
1150 4145 1201 4208 pro
1217 4145 1272 4188 sua
1287 4147 1367 4208 quu-

24 4275 27 4286 ,
132 4199 250 4261 missam
282 4203 431 4269 Ecclesiae
464 4205 725 4286 infallibilitatem,
766 4207 1366 4284 querelipionebbrossacrosaemulan·

160 4302 192 4364 (ι)
206 4305 262 4354 sn..
277 4309 310 4356 n,
767 4301 811 4351 ter
827 4289 990 4356 affectasse..
1009 4291 1043 4356 Si
1065 4303 1163 4356 autern
1181 4293 1251 4358 libri
1268 4299 1368 4378 spurii
