2910 4732
425 227 499 275 ruas
520 230 542 276 1.
566 229 669 276 suerro
689 231 722 276 n.
746 231 841 278 cavur
862 229 906 279 m.
1204 209 1243 276 bl

52 331 115 376 nera
140 309 215 374 lide:
237 333 254 373 ‹
275 310 413 391 Apertis,
440 310 504 388 ait,
522 311 615 374 semel
632 329 651 372 a
667 310 673 386 l
690 313 858 390 sareot,vel
874 329 942 375 cum
954 309 1145 393 Pythagoreis
1164 318 1292 374 metem-

50 397 162 460 Cbristo
175 397 325 458 thesaurus
340 396 471 458 veritatis
492 413 545 458 eae
562 395 651 456 dein·
691 395 860 478 psycbosin,
879 397 926 459 vel
943 415 1011 458 cum
1026 394 1189 458 Platonicis
1203 395 1291 456 uliam

50 500 115 562 ceps
131 482 265 542 rationes
286 480 324 544 ab
343 480 399 551 iis,
416 480 467 560 qui
485 479 650 562 doctrinae
691 479 798 557 vitam,
823 480 892 542 buic
913 480 1045 542 terrestri
1064 478 1292 561 praecedentem

51 565 89 626 illi
101 563 223 626 coelesti
239 573 417 645 paruerum,
430 565 569 624 inventae
581 571 651 624 sunt
690 571 867 640 statuerent,
886 565 932 625 vel
946 582 1013 624 cum
1033 562 1212 625 Manichaeis
1233 561 1292 624 duo

51 661 106 710 tem
128 647 274 730 liquidae,
291 659 424 729 apertae,
438 647 564 721 validae,
585 647 650 722 clli-
691 665 807 709 summa
824 647 985 730 principia,
1001 665 1053 708 seu
1073 645 1290 708 lleumbonum

50 751 144 806 cacas,
163 731 432 812 inexpugnabiles,
445 742 478 792 ut
494 731 650 807 miremur,
691 740 720 792 et
738 731 830 794 Deum
858 733 968 793 malum
1000 731 1206 793 defenderent.
1232 728 1293 790 Na-

53 837 107 878 non
121 816 284 877 incurrisse
296 815 362 876 illas
373 815 404 876 in
421 815 648 898 oculoseorum,
691 833 750 896 qne
769 815 903 878 homines
918 815 1031 895 absque
1049 813 1229 876 revelatione
1240 831 1292 874 ve-

53 901 100 979 qui
118 900 198 960 inler
214 908 318 976 gentes
339 899 515 980 sapientiam
533 899 652 979 profite-
671 899 672 906 ’
691 917 755 962 ram
773 919 845 962 suae
868 898 1068 980 corruptionis
1086 914 1207 960 causam
1233 915 1293 957 un-

55 985 170 1044 bautur.
196 980 255 1044 Sed
270 981 411 1044 nimirum
432 984 479 1044 lux
497 983 652 1044 additacst
692 1002 782 1064 quam
802 983 1004 1060 detexissent,
1021 1001 1089 1044 cum
1114 980 1191 1044 ratio
1218 979 1293 1041 hanc

55 1068 139 1129 rebus
150 1063 484 1129 a‘Clrristo...adbibita
494 1078 592 1128 autem
606 1084 653 1128 re·
691 1066 1292 1148 nequeexsuisprincipiis,nequeexmo-

56 1151 107 1212 bus
124 1153 209 1222 luce,
227 1150 313 1212 iacile
331 1158 395 1226 est,
417 1150 487 1230 quid
516 1169 653 1232 quaeque
693 1150 1293 1234 numentismerehumanisdeducerepo·

57 1253 110 1309 res,
123 1246 152 1296 et
170 1236 258 1295 cuius
276 1233 357 1295 modi
374 1233 412 1295 sit
430 1233 545 1312 dicere,
556 1243 585 1296 et
599 1253 653 1316 pro
694 1234 1086 1298 ruisset-llanniautem
1098 1232 1241 1296 momenti
1251 1239 1292 1293 est

56 1318 89 1378 iis
110 1338 189 1400 quae
215 1318 325 1380 dixeris
348 1327 520 1396 argumenta
542 1337 653 1396 conge·
693 1317 771 1380 banc
795 1338 914 1380 causam
931 1319 1081 1397 cognosci,
1100 1336 1137 1378 ne
1157 1316 1292 1378 laomines

55 1420 127 1465 rere.
144 1401 227 1464 Parit
249 1410 349 1463 autem
371 1401 516 1464 rationem
536 1403 653 1480 cognita
695 1399 1294 1484 velinlleumipsumculpamreluudant,

55 1486 171 1561 veritas,
185 1494 216 1546 et
232 1486 549 1548 veritatemconlirmat
564 1486 655 1548 adlri-
694 1487 853 1568 ipsumque
872 1485 930 1548 sibi
949 1487 1139 1560 malevolum,
1159 1492 1210 1546 aut
1228 1501 1293 1545 cru·

57 1569 117 1633 bita
135 1570 213 1632 ratio
226 1569 308 1649 (l)a.
695 1570 790 1632 delem
808 1580 923 1652 putent,
944 1571 988 1632 vel
1014 1571 1118 1632 saltem
1139 1567 1294 1630 inordina·

303 1701 333 1770 ς,
352 1707 397 1753 39
475 1649 480 1661 ’
695 1663 739 1715 tos
757 1654 958 1716 sensualitatis
973 1651 1225 1715 stimulosalleo
1245 1651 1294 1712 in-

114 1799 172 1846 m
240 1799 284 1846 'm
352 1735 433 1848 Μ’,
498 1801 571 1849 ΜΠ
694 1739 785 1834 sitos,
805 1738 952 1834 arbones
974 1736 1296 1833 credentes,illispo·

173 1811 239 1847 ‘⁶⁸⁸⁸
298 1813 375 1847 ’Μ
394 1814 446 1848 ⁰¹¹⁸
460 1815 520 1848 ⁰¹⁸⁰
542 1815 553 1847 ¹¹
572 1816 591 1848 ¹·
695 1831 754 1884 trus
769 1821 961 1898 lortvorrbus,
988 1841 1076 1902 quarn
1098 1838 1224 1901 imperio
1244 1837 1296 1880 ra-

94 1900 181 1964 Ratio
202 1902 334 1980 agnoscit
346 1905 556 1966 nonnullarum
577 1903 655 1966 veri·
697 1906 785 1968 tionis
799 1905 936 1967 debiliori
952 1903 1218 1985 obtemperandum
1231 1921 1296 1964 esse

60 1993 150 2047 tatum
167 1985 304 2048 notitiam
323 1987 381 2050 sibi
403 1989 602 2050 necessariam
618 1988 655 2050 ad
696 2000 846 2052 censeant.
868 2023 909 2036 -·
933 1989 1035 2070 Neque
1059 2007 1126 2050 cum
1148 1986 1297 2070 ,Voltairio

58 2067 148 2130 lleum
173 2069 231 2130 rite
254 2070 432 2146 colendum,
459 2071 543 2134 etad
565 2073 654 2134 finem
696 2074 754 2135 dici
770 2080 878 2155 potest,
909 2074 945 2134 de
967 2091 1057 2134 causa
1075 2090 1193 2153 pugnae
1218 2069 1298 2132 inter

60 2171 142 2214 suum
159 2153 300 2216 ultimum
326 2154 537 2231 obtinendum,
566 2175 655 2237 quam
696 2159 932 2233 sensualitatem,
949 2156 1134 2219 strationem
1151 2173 1298 2237 quaeren-

62 2243 155 2299 lamen
170 2255 225 2318 per
240 2238 390 2319 propriam
406 2239 585 2302 activitatem
598 2239 655 2301 sibi
697 2241 767 2302 dum
787 2261 846 2303 uon
866 2259 946 2318 esse,
959 2259 1026 2302 cum
1043 2240 1093 2301 illa
1106 2257 1226 2320 prorsus
1241 2257 1297 2299 na-

62 2338 230 2401 comparare
249 2340 309 2382 uon
322 2330 430 2402 potest.
451 2322 521 2386 Ideo
544 2324 657 2386 revela·
698 2327 802 2387 turalis
817 2326 855 2387 sit
873 2345 931 2386 non
946 2325 1043 2386 minus
1058 2342 1093 2384 ac
1106 2324 1241 2384 naturale
1253 2331 1298 2384 est

61 2403 166 2466 tionem
187 2406 371 2467 materialem
392 2425 452 2468 non
478 2409 574 2470 solum
602 2427 656 2470 ex·
698 2409 1037 2491 lvominiparteslrabere
1050 2406 1234 2487 corruptioni
1249 2406 1298 2467 ola·

61 2496 199 2567 optatam,
219 2489 271 2550 sed
290 2489 346 2550 sibi
366 2491 564 2552 necessariam
580 2491 658 2552 iudi·
697 2493 810 2554 noxias.
831 2492 875 2554 Nil
898 2493 977 2554 enim
1007 2491 1122 2554 sutilius
1147 2490 1206 2552 dici
1229 2501 1297 2570 pot-

60 2581 114 2632 cat.
138 2572 183 2634 dd
207 2573 346 2634 veritates
364 2583 488 2652 autem,
509 2575 583 2637 scitu
600 2595 655 2637 ne·
697 2587 757 2654 est3
779 2595 845 2637 uam
866 2576 1001 2638 naturale
1014 2576 1135 2656 quidem
1154 2582 1210 2647 est,
1231 2591 1298 2654 par·

61 2656 210 2731 cessarias,
230 2666 261 2718 ct
282 2657 389 2718 rationi
405 2656 575 2739 impervias,
596 2668 656 2721 tres
698 2671 741 2722 tes
765 2661 889 2722 erariis
914 2659 1120 2721 materialibus
1142 2657 1297 2719 elementis

62 2741 231 2820 praecipuae
251 2741 355 2802 relerri
371 2743 485 2803 solent:
697 2752 917 2822 coagmentatas
936 2744 1108 2824 corrumpi,
1125 2751 1154 2804 et
1179 2741 1298 2802 dissolvi

97 2821 119 2883 l.
141 2825 352 2903 corruptionis
370 2835 490 2889 nostroe
518 2827 657 2891 internae
697 2847 795 2909 posse;
816 2829 866 2890 sed
888 2829 1000 2908 p'artern
1021 2827 1151 2890 bominis
1166 2824 1298 2885 nobilio-

63 2922 141 2970 muso
167 2917 195 2970 ct
219 2909 394 2971 remedium.
428 2908 655 2992 corruptionem
697 2931 772 2986 rem,
793 2919 821 2973 et
840 2912 1024 2994 superiorem
1051 2909 1088 2972 ab
1107 2907 1295 2987 ignobiliori,

64 2999 185 3052 nostram
204 2991 367 3068 internam,
388 3011 446 3074 qua
460 2995 510 3068 ln,
531 3003 563 3055 ut
580 2995 656 3057 ratio
697 3015 730 3056 ac
746 2996 879 3058 inleriori
898 2997 928 3056 in
942 2995 1004 3058 suis
1017 2991 1221 3056 functionibus
1233 3010 1300 3070 per·

66 3075 259 3149 praeiudiciis
280 3084 310 3138 et
327 3077 478 3139 erroribus
493 3096 656 3158 praeoccu-
698 3089 785 3160 petuo
804 3079 961 3161 impediri,
982 3098 999 3138 a
1023 3079 1081 3138 fine
1097 3095 1152 3137 suo
1173 3075 1298 3151 retrahi,

66 3165 150 3234 pctur,
164 3159 357 3240 tenebrisque
373 3161 460 3222 veluti
479 3162 656 3237 involvatur,
697 3172 727 3226 et
745 3165 835 3226 veluti
858 3162 1005 3224 dominari
1026 3193 1068 3206 -
1084 3160 1218 3222 naturale
1238 3160 1298 3221 dici

67 3241 190 3304 voluntas
208 3253 310 3304 autem
332 3245 526 3322 malignarum
546 3247 656 3328 vipas-
698 3249 814 3327 nequit,
834 3265 901 3308 cnm
921 3247 958 3307 de
984 3245 1100 3324 reliquo
1128 3243 1159 3304 iu
1189 3251 1298 3305 natura

67 3323 186 3403 sianum,
206 3335 236 3388 et
252 3328 456 3407 praedominio
477 3331 657 3394 sensualita·
698 3333 827 3411 optimus
842 3330 914 3391 ordo
933 3329 1134 3409 conspiciatur
1152 3328 1193 3388 ita
1207 3337 1240 3388 ut
1255 3328 1301 3388 in·

67 3405 98 3467 tis
108 3409 294 3492 depravetur,
309 3430 412 3474 ornnes
425 3413 538 3492 antiqui
553 3412 658 3475 Plrilo-
698 3417 806 3476 leriam
828 3433 883 3476 ceu
909 3413 1007 3475 media
1033 3416 1107 3474 lines
1130 3411 1300 3492 superiores

67 3493 141 3572 sophi
160 3504 238 3556 teste
261 3493 292 3556 S.
313 3496 477 3573 Augustino
494 3496 540 3578 (ἓ)
563 3517 658 3576 agno·
700 3501 774 3560 mira
795 3498 948 3559 harmonia
976 3514 1149 3578 promovere
1173 3496 1299 3556 soleant.

68 3587 172 3654 verunt,
192 3578 293 3659 prouti
312 3598 390 3640 nunc
402 3598 520 3662 quoque
533 3583 657 3644 eandem
700 3583 731 3662 b)
751 3582 975 3643 llaiorisautem
989 3578 1174 3642 necessitatis
1186 3588 1242 3655 est,
1254 3597 1302 3640 re-

69 3675 113 3720 nos
125 3680 231 3724 omnes
242 3663 398 3724 sentimus.
416 3665 446 3744 a)
465 3665 591 3728 Gerasam
607 3685 659 3727 ve·
701 3667 829 3728 inedium
845 3685 943 3740 nosse,
960 3685 1019 3746 quo
1033 3665 1124 3727 tristis
1143 3663 1216 3724 baec
1232 3681 1301 3723 cor-

70 3758 96 3801 ro
109 3745 195 3807 liuius
217 3747 419 3828 corruptionis
436 3749 536 3810 nullus
555 3749 659 3811 Plvilo-
700 3751 798 3830 ruptio
809 3749 996 3822 emendetur,
1006 3768 1043 3811 ne
1057 3748 1237 3808 lrornoalroe
1248 3763 1301 3806 suo

73 3828 221 3916 sophorum
252 3830 450 3893 determinare
476 3833 583 3912 potuit,
608 3833 659 3914 qui
701 3835 879 3910 retardetur,
897 3853 931 3896 ac
950 3833 1141 3913 impediatur:
1162 3831 1219 3890 tale
1234 3845 1335 3900 vero,

75 3926 97 4002 lu
110 3913 162 3974 ista
177 3913 374 3994 inquisitione
386 3916 415 3976 in
436 3917 581 3978 maximos
603 3937 659 3998 po·
702 3918 864 3981 remedium
881 3917 918 3978 ab
937 3917 1059 3978 bomine
1079 3917 1143 3996 ipso
1159 3911 1301 3974 determi-
1335 3955 1338 3992 4

76 3997 122 4056 ltus
142 4016 260 4058 errores
279 3998 406 4079 prolapsi
432 4009 522 4074 sunt,
548 4000 608 4076 ila,
629 4009 660 4062 ut
702 4003 766 4064 nari
785 4022 843 4063 non
864 4011 971 4082 potest.
992 3999 1077 4062 llario
1098 3997 1176 4060 enirn
1194 3993 1301 4073 ipsius,

77 4078 111 4137 nl
126 4099 193 4142 curn
211 4080 310 4143 Tullio
327 4092 356 4144 et
371 4082 467 4144 Plinio
479 4094 614 4148 naturam
632 4085 658 4145 i·
701 4087 886 4167 ignorantiae
908 4084 1038 4146 tenebris
1050 4082 1193 4151 involuta,
1207 4077 1305 4139 aliena
1334 4095 1339 4154 ς

79 4176 146 4236 psam
162 4183 218 4226 ceu
237 4184 393 4228 novercam
408 4167 561 4229 bominum
574 4187 661 4230 accu·
701 4172 767 4232 luce
786 4170 912 4248 indiget,
929 4179 958 4230 et
975 4166 1110 4227 voluntas
1130 4160 1303 4236 debilitata,
1334 4209 1336 4218 .

100 4291 128 4348 (a
139 4294 169 4342 cr.
184 4295 427 4353 sustineneamus.
439 4295 483 4342 aer·
497 4296 553 4343 narr.
568 4296 661 4342 soen.
701 4274 736 4316 ²²⁰
755 4253 914 4334 depravata
932 4249 988 4310 sibi
1006 4247 1163 4306 subvemre
1185 4245 1304 4323 nequit,

80 4347 96 4394 t
107 4352 162 4402 aa.
175 4356 275 4404 vinosa
285 4355 414 4415 uogmant.
425 4355 481 4402 au.
496 4359 555 4404 seras
570 4359 599 4403 aa
614 4368 663 4404 eoo.
679 4331 684 4383 Ι
710 4357 762 4431 Ἑρ)
780 4357 805 4402 u.
820 4356 842 4402 a.
857 4353 969 4402 sturno.
983 4362 1005 4396 e.
1019 4347 1070 4409 ta,
