2910 4732
118 231 123 249 ·
189 187 240 258 'ld
592 205 776 259 mmocran
794 206 957 258 orncnnms

151 287 328 371 -Spiritus
337 311 425 374 porro
436 292 600 371 Religionis
612 309 673 354 nera
682 307 756 354 cona
791 303 840 355 tae
855 293 964 356 etenim
992 287 1167 355 temeritatis
1190 298 1247 369 est,
1266 307 1320 374 per
1343 307 1400 356 ra-

151 373 232 437 sistit
246 374 277 437 in
300 379 366 439 sola
389 379 510 459 pietate,
529 393 584 439 seu
609 377 644 438 im
658 376 755 439 sterili¹
791 378 902 438 tionem
921 377 1080 440 humanam
1104 377 1230 453 linitam,
1251 385 1280 439 et
1306 377 1400 438 infir-

151 456 308 522 deuotione
321 461 583 538 citro-uirtutum
597 461 662 523 eino
681 475 752 541 ope·
791 475 867 521 mmm
888 477 923 523 ea
942 460 1104 522 diiudicare
1130 459 1224 535 velie,
1245 478 1330 544 quac,
1343 479 1398 524 ans

151 541 234 604 ribus
251 542 359 621 bonis,
383 563 485 626 neque
505 545 537 607 in
557 546 621 606 solo
643 544 751 606 virtue
789 544 1054 624 sapientissimum,
1072 551 1104 606 et
1121 544 1320 625 undequaque
1342 545 1397 605 in-

150 623 216 688 sine
234 626 354 706 pietate,
375 637 406 690 et
422 627 589 704 deuotione,
609 645 685 708 quae
700 627 751 688 in·
789 628 871 689 llnite
888 629 1048 710 perlectum
1066 626 1264 702 ordinavit,ot
1280 629 1400 690 sanrit‘t

151 715 196 770 ter
213 709 354 790 primerio
375 713 470 774 offitia
487 731 556 791 erpa
584 711 676 773 beorn
695 729 749 773 re·
788 707 989 793 -Quidquid
1001 713 1065 774 tale
1078 727 1131 773 ens
1146 705 1399 789 -absolutum,et

150 795 264 856 conseri
283 795 449 866 deuouisse
466 796 601 857 consistis
618 796 648 856 in
666 813 747 872 sera,
787 795 1003 876 independens,
1023 796 1096 870 vult,
1117 802 1148 856 et
1168 795 1310 872 decernit,
1331 797 1395 858 iam

150 875 255 952 libera,
285 889 315 940 et
334 881 429 941 activo
445 881 598 953 claritate,
618 895 695 960 poue
711 879 752 940 li-·
788 897 823 941 eo
848 880 916 960 ipso
942 880 1104 960 optimum,
1124 887 1154 940 et
1171 877 1394 942 sanctissimum

149 961 215 1024 dem
235 965 387 1043 supponit,
404 973 434 1025 ot
452 981 533 1044 spem
551 963 750 1042 producte-
788 971 844 1040 est3
862 963 1030 1025 nullatenus
1051 981 1121 1042 ergo
1143 961 1257 1023 bomini
1275 963 1393 1025 licitum

149 1043 276 1126 Spiritus
296 1048 414 1108 domum
444 1046 605 1126 Religionis
628 1065 686 1108 non
704 1055 751 1108 est
789 1055 833 1107 est
855 1047 1110 1126 investigarecm·
1133 1045 1211 1108 ileos
1229 1045 1393 1108 cultume-

149 1128 276 1208 Spiritus
301 1131 478 1206 crassioris,
512 1139 564 1192 aut
585 1131 751 1192 subtilioris
788 1130 888 1207 rigat,
908 1150 976 1192 curn
994 1133 1130 1193 voluntas
1147 1129 1211 1191 eius
1228 1147 1280 1210 per
1296 1133 1397 1192 ratio·-

150 1213 468 1294 enumerantem
486 1213 671 1276 selummodo
686 1214 748 1276 sei-
784 1215 834 1275 nis
860 1234 949 1276 sanae
968 1216 1067 1277 lamen
1083 1214 1140 1296 ipsi
1158 1213 1335 1276 innotescat.
1358 1215 1395 1294 b)

150 1317 238 1379 psuar
254 1298 381 1378 quaerit,
401 1315 499 1378 noque
516 1299 627 1359 stoicae
644 1298 748 1369 insen·
788 1298 973 1378 Comparatio
993 1317 1060 1360 cum
1079 1297 1216 1378 Principe
1235 1297 1282 1360 bic
1297 1299 1397 1379 appli-

150 1382 309 1456 sibilitatis,
330 1391 359 1443 et
381 1383 566 1461 asperitatis,
587 1400 663 1462 quae
681 1399 748 1444 om·
787 1383 848 1443 cari
865 1386 977 1464 neqrrir.
998 1380 1027 1446 Si
1045 1382 1124 1444 enim
1144 1383 1281 1462 princeps
1300 1389 1396 1445 terre·

151 1485 217 1528 nem
244 1485 384 1541 sensum,
411 1474 441 1527 et
459 1483 577 1527 ornnem
596 1467 633 1526 ad
651 1466 748 1528 felici·
788 1466 856 1527 stris
875 1467 1009 1529 lromines
1028 1465 1084 1528 sibi
1099 1465 1196 1548 quoad
1217 1464 1396 1542 dignitatern

150 1559 239 1612 tatem
258 1559 427 1629 respectum
447 1567 553 1612 exuere
574 1549 675 1626 iubet,
695 1551 748 1612 sed
789 1551 980 1628 originariam
1003 1553 1155 1632 aequales,
1175 1567 1229 1610 ceu
1248 1567 1330 1612 mera
1349 1552 1396 1612 l’e-

150 1641 195 1696 est
213 1633 334 1714 spiritus
357 1635 423 1713 spei
442 1633 473 1694 in
500 1633 671 1695 felicitatem
688 1634 748 1696 im-
789 1635 910 1697 licitatio
929 1653 1002 1695 suae
1018 1635 1214 1696 instrumenta
1237 1631 1394 1712 adhibeat,

150 1719 315 1792 mentalem,
330 1719 415 1778 coires
426 1715 649 1779 fundamentum
663 1718 746 1794 lides,
788 1717 901 1800 absque
923 1717 1013 1780 dubio
1041 1717 1153 1779 iniuste
1170 1717 1242 1794 ogit}
1260 1733 1314 1780 ens
1333 1737 1397 1779 au-

149 1801 278 1866 conrlitio
296 1802 436 1873 charitas,
455 1819 508 1862 sou
527 1802 677 1863 moralitas
691 1811 745 1865 est.
788 1813 846 1864 tem
860 1801 1051 1878 absolutum,
1068 1812 1098 1865 et
1113 1801 1247 1863 omnium
1276 1812 1398 1864 creator

151 1921 191 1934 -
206 1885 337 1948 Breviter
350 1885 407 1946 dici
425 1895 530 1965 potest:
552 1883 678 1966 Spiritus
692 1885 749 1948 lte
788 1888 824 1948 de
844 1886 986 1948 creaturis
1001 1884 1063 1946 suis
1079 1879 1132 1965 pro
1149 1887 1236 1948 libitu
1252 1885 1397 1966 dispone-

151 1969 267 2048 ligiouis
298 1979 343 2031 est
366 1969 486 2049 spiritus
512 1967 580 2049 fidei
610 1970 699 2032 uiuae
718 1971 748 2032 in
789 1989 821 2032 re
840 1979 945 2050 potest.
963 1967 1085 2049 allinit
1105 1985 1192 2050 porro
1209 1970 1301 2046 magis
1318 1967 1396 2032 insi·

151 2054 242 2116 Deum
260 2054 413 2115 ueritatem
433 2052 576 2132 primam,
594 2053 749 2116 claritatis
789 2055 892 2135 pidum
909 2063 965 2130 est,
985 2071 1072 2136 quam
1090 2073 1142 2116 ens
1160 2071 1344 2134 supremum,
1361 2064 1398 2116 ε’,

151 2138 294 2200 lenientis
308 2138 338 2197 in
353 2135 447 2198 ileum
466 2137 649 2198 sanctitatem
663 2137 749 2200 abso·
787 2138 935 2199 inlinitum
954 2139 990 2198 de
1009 2138 1111 2217 putido
1141 2155 1242 2200 arnone
1270 2139 1396 2218 proprio

151 2224 254 2296 lutam,
267 2230 296 2282 et
309 2220 635 2300 opoibeneordinatae‚
652 2239 686 2282 ac
700 2221 750 2282 lin-
790 2239 946 2296 accusare,
967 2223 1117 2302 cum,ipsa
1142 2239 1214 2282 sana
1242 2220 1316 2282 ratio
1337 2239 1397 2283 ens

151 2323 217 2367 moe
236 2304 265 2366 in
287 2303 380 2366 Mum
399 2317 547 2365 summum
568 2304 752 2366 nonum-1
789 2307 903 2368 inbuite
922 2307 1084 2387 perlectum
1111 2321 1170 2367 non
1199 2304 1304 2382 aliter,
1333 2307 1396 2368 nisi

13 2385 17 2392 “
52 2410 54 2415 ·
149 2387 198 2452 Sic
216 2389 280 2469 ipsa
299 2389 372 2450 ratio
387 2405 558 2464 agnoscere,
578 2397 607 2450 et
624 2389 749 2469 probaro
790 2390 1061 2451 inliniteaeamans
1074 2392 1229 2469 concipere
1241 2389 1397 2468 possit.-

151 2474 242 2548 ualet,
254 2491 321 2532 cram
338 2482 450 2552 quanto
465 2471 610 2552 sapientia
628 2491 647 2533 a
663 2473 751 2534 disci·
788 2473 982 2553 dpssaeterum
995 2491 1047 2554 per
1059 2473 1237 2551 Religionem
1250 2471 1397 2534 Deicom-

150 2557 220 2638 pulo
243 2554 349 2618 (ibristi
368 2556 478 2616 dictum
500 2555 548 2617 sit:
573 2557 660 2619 Nunc
682 2573 749 2619 nro·
789 2559 908 2618 modum
925 2604 932 2633 ‚
951 2559 1159 2638 perlectionem
1182 2556 1340 2629 internam,
1361 2569 1397 2618 et

150 2648 223 2702 metet
242 2641 325 2718 pidia,
343 2657 415 2719 sper,
442 2640 570 2702 alonim
589 2640 749 2703 trioltoccz·
790 2642 958 2703 felicitatem
987 2659 1045 2702 non
1065 2641 1178 2717 augeri,
1199 2639 1395 2702 marrilesturn

151 2723 752 2786 motmmtemtormeeototomtoattul
790 2735 844 2786 est.
866 2725 1058 2788 Commodum
1087 2743 1122 2786 ex
1146 2723 1298 2802 Religione
1326 2723 1400 2807 ipse

151 2807 198 2868 lus
214 2806 545 2887 sauePbilosopborum
559 2807 666 2870 melius
679 2808 751 2889 quid
790 2809 878 2870 homo
897 2810 999 2884 relect,
1018 2810 1068 2888 qui
1090 2827 1142 2888 per
1162 2809 1300 2869 unionem
1321 2826 1395 2868 com

150 2892 285 2974 prolerre
304 2891 429 2972 potest(
450 2891 474 2970 ).
790 2892 850 2954 Deo
869 2893 906 2954 ad
925 2909 1023 2954 verant
1042 2893 1225 2971 dignitatem,
1245 2903 1274 2952 et
1293 2892 1398 2972 perle-

192 2974 553 3055 denominationem
568 2975 750 3056 propositam
791 2986 867 3038 cta-m
888 2975 1056 3038 lelioitatem
1078 2977 1219 3058 pervenit.
1396 2981 1398 2986 '

151 3057 188 3120 de
218 3057 375 3136 Religionis
403 3058 548 3120 tbeoriam
583 3059 752 3121 nullatenus

86 3205 88 3209 a
152 3141 314 3203 admittere
327 3145 437 3203 volarit.
454 3141 665 3218 desertionem,
685 3161 752 3204 om·
866 3207 868 3219 ¹
917 3217 919 3222 Ι
1038 3153 1067 3226 s.
1088 3157 1141 3204 aa.

146 3224 202 3311 gnie
219 3225 255 3286 ad
269 3224 360 3286 ileum
375 3225 533 3288 relouerrda
544 3243 620 3298 ease,
633 3245 687 3289 oen
700 3228 751 3289 ab·

146 3326 257 3392 ,isonam
275 3319 429 3389 respuunt.
456 3309 545 3384 Deus,
576 3309 671 3388 aiunt,
691 3329 751 3373 non

146 3399 199 3478 pest
215 3411 269 3454 ceu
278 3393 433 3472 princeps,
446 3411 546 3454 amore
559 3395 678 3475 proprio
691 3397 753 3476 ple·
833 3399 867 3462 tt.
887 3399 984 3462 Notio.
1005 3395 1117 3476 Religio
1136 3407 1257 3459 externa
1280 3393 1397 3456 dicitur

146 3477 277 3552 'nus,rel
294 3485 331 3537 ut
346 3485 496 3562 tyrannus,
510 3477 574 3556 qui,
590 3495 657 3538 oum
671 3480 751 3540 nulla
791 3484 961 3565 complexus
987 3477 1142 3560 'signorum
1182 3489 1394 3554 externorum,

145 3497 185 3635 be
197 3567 292 3637 egeat,
303 3567 409 3620 cuncta
419 3567 518 3622 tamon
530 3561 560 3621 in
573 3579 658 3622 suum
672 3581 753 3624 com·
791 3586 843 3629 seu
864 3566 1068 3642 sensibilium,
1096 3565 1205 3646 quibus
1224 3565 1318 3624 cultus
1337 3561 1394 3623 Ilei

146 3640 273 3730 {modum
294 3643 463 3722 Ρθΐῑΐὸὴθΐθ
481 3658 613 3706 conetur.
634 3644 689 3716 Qui
705 3655 752 3707 la·
791 3650 925 3713 internus
942 3650 1127 3730 exprimitur,
1144 3667 1178 3710 ac
1190 3654 1393 3728 promouetur.

153 3727 195 3789 lia
213 3728 250 3788 de
268 3726 329 3790 lieo
347 3726 469 3799 asserit,
489 3727 545 3809 ipsi
563 3729 697 3809 putidum
717 3749 752 3790 a·
791 3733 880 3812 Signa
900 3735 971 3795 baec
983 3743 1105 3813 possunt
1119 3751 1182 3793 esse
1197 3731 1241 3792 rel
1259 3735 1396 3791 coalterc-

153 3829 267 3874 morom
288 3810 438 3892 proprium
458 3812 616 3889 adscribit,
642 3813 698 3888 tel,
720 3822 753 3874 ut
792 3820 844 3894 iic,
860 3818 969 3898 quibus
985 3817 1156 3878 affectiones
1171 3816 1303 3875 internae
1317 3830 1395 3872 sua-

155 3894 227 3956 dicit
239 3894 339 3975 Hcpel,
355 3894 670 3975 divinumepoismum,
685 3914 752 3957 orn·
793 3912 841 3982 pte
860 3911 964 3962 notura
979 3919 1010 3962 se
1032 3900 1200 3980 exprimere¹
1213 3897 1321 3970 solent,
1347 3896 1395 3972 uel

134 4013 137 4022 ·
154 3978 186 4039 ni
211 3977 516 4056 iuredetestandom,
535 3979 696 4060 praedicat·
711 4013 756 4026 -
791 3987 960 4062 statutorio,
977 4003 1053 4064 quae
1072 4001 1107 4045 cx
1125 3981 1319 4044 conventione
1340 3977 1396 4038 bo·

134 4060 220 4136 inst,
239 4062 317 4143 quod
336 4061 384 4123 isti
403 4062 557 4138 effutiunt,
577 4081 637 4123 non
655 4062 753 4124 minus
793 4069 919 4145 minum,
931 4069 975 4129 vel
987 4087 1005 4129 a
1018 4075 1160 4148 potestate
1173 4065 1270 4126 altiori
1282 4062 1320 4125 ad
1335 4061 1395 4122 Re-

127 4141 293 4234 ‘impium
312 4145 591 4228 quamlalsumest:
612 4145 754 4224 a)quan·
793 4151 909 4230 ligionis
942 4171 1045 4213 sensus
1071 4160 1131 4212 tum
1162 4147 1394 4230 exprimendos,

155 4267 157 4276 ’
185 4271 218 4327 (t)
232 4275 265 4323 er.
291 4275 512 4324 s,110,0,„„d1,p‚
537 4275 591 4322 Μ
618 4277 752 4338 narrating,
793 4246 854 4298 tum
875 4234 1088 4334 promovendos
1103 4233 1236 4295 ordinata
1253 4237 1333 4328 sunt.

149 4337 279 4410 ..urnam
294 4347 310 4391 t.
326 4345 353 4390 ¹1·
369 4343 389 4404 l.
405 4345 442 4390 aa.
834 4319 866 4384 tt.
888 4321 1053 4386 Necessum.
1074 4318 1182 4382 lirnnes
1200 4317 1336 4378 lrorrnnes
1356 4313 1397 4376 ad

895 3251 897 3258 Ι
926 3277 953 3324 ll.
969 3279 1002 3324 lto
1018 3277 1134 3334 netrarone
1150 3279 1254 3326 ortena
