2918 4734
197 148 257 233 illd
598 156 783 209 ansoaodms
801 164 982 211 aanaaaars.

155 243 288 326 potuisse
302 241 434 306 Heleiam
449 261 484 305 ea
506 241 663 304 occasione
674 240 756 303 Pen-·
794 261 916 323 prorsus
932 243 1099 325 confingere
1118 253 1169 308 aut
1188 232 1398 309 saltem'a'dul‘·

152 328 326 390 tetenehum
344 338 393 390 aut
407 336 498 389 totum
517 327 554 388 de
572 345 647 388 novo
662 326 755 404 linge·
795 336 902 390 terere.
1342 335 1359 356 ‘-
1384 345 1392 366 a

154 429 206 488 re,
227 422 277 474 aut
295 411 450 490 insigniter
467 411 645 486 adulterare,
666 427 754 490 pror·
822 413 920 490 'Reap
940 411 1017 475 lluic
1035 370 1398 494 difficultati-opponimus

156 514 207 557 sus
218 495 404 571 incredibile,
418 495 510 556 immo
523 502 552 556 et
570 492 755 574 impossibile
794 505 969 574 argumenta
983 515 1035 578 pro
1051 495 1219 574 integritate
1236 497 1399 559 Pentateu-

156 579 313 654 estham,
332 587 365 640 ut
382 597 418 640 ex
437 579 525 640 dictis
547 587 639 658 patet,
663 578 755 638 multa
796 580 844 642 chi
861 580 920 641 iam
934 581 1033 657 allata,
1047 581 1200 661 exquibus
1213 589 1305 662 patet,
1319 581 1399 643 Pen-

154 661 215 724 iam
227 663 407 743 exemplaria
420 660 757 724 Pentateuchiinterlu·
796 664 966 726 tateuchum
985 665 1045 725 iam
1064 675 1132 727 ante
1151 673 1285 746 tempora
1300 664 1398 726 lasiae

155 746 246 809 doeos
261 748 394 822 aderant,
413 745 473 807 imo
492 746 581 812 etiam
607 745 684 808 inter
709 744 755 806 ls-
796 749 938 822 extitisse,
957 748 1108 810 maximia
1127 748 1243 810 ludaeis
1260 749 1397 810 habiturn

155 832 289 908 raelitas,
303 850 355 894 seu
367 831 468 892 decem
485 829 670 904 tribus,tuna
682 837 756 891 tem·
797 833 920 913 eiusque
932 833 1111 912 exemplaria
1124 851 1175 913 per
1187 851 1290 896 omnes
1300 833 1397 895 trihus

156 915 314 995 parisiam
333 913 579 995 inceptiritatem
600 912 755 974 abductas.
798 917 931 997 dispersa
953 917 1056 980 luisse.
1080 917 1294 994 Argumentum
1313 933 1396 990 vero,

156 997 311 1084 Quomodo
330 998 447 1060 Heleias
460 997 560 1061 omnia
572 997 756 1060 haererem·
798 999 1397 1082 quodnobisopponitrrr,exlibroquarto

156 1084 253 1164 plaria
276 1101 465 1162 corrumpere
489 1080 654 1162 potuisset‘l.
678 1081 758 1142 Talis
798 1085 909 1147 Esdrae
928 1085 1052 1165 petitur,
1075 1085 1126 1165 qui
1146 1085 1256 1146 nullius
1278 1092 1323 1146 est
1338 1101 1397 1146 au·

157 1169 310 1249 corruptio
323 1176 402 1230 certe
414 1166 513 1227 statim
527 1173 587 1230 tum
601 1163 756 1241 aludaeis,
799 1169 956 1242 ctoritatis,
976 1176 1080 1250 utpote
1098 1169 1149 1250 qui
1165 1167 1319 1249 utriusque
1334 1167 1397 1228 Ec-

157 1257 222 1319 tum
241 1253 279 1313 ab
294 1250 434 1313 Israelitis
452 1249 625 1330 impugnata
639 1249 756 1325 hrisset,
798 1254 906 1315 clesiae
924 1270 1047 1331 graecae
1065 1262 1094 1314 et
1118 1253 1226 1314 latinae
1250 1270 1398 1314 consensu

157 1353 284 1416 eamque
300 1335 381 1396 nullo
400 1333 487 1395 modo
505 1331 694 1410 Samaritani,
709 1335 760 1395 de-
799 1339 831 1398 in
849 1337 1024 1418 apocryphis
1042 1348 1233 1413 numeratur,
1250 1346 1278 1398 et
1297 1335 1399 1398 iudai-

158 1439 223 1482 aem
236 1419 368 1480 tribuum
388 1417 419 1479 in
438 1417 540 1480 eadem
560 1417 681 1496 regione
694 1437 760 1480 suc·
800 1423 843 1484 cis
857 1421 967 1483 fabulis
982 1441 999 1482 a
1017 1421 1112 1502 capite
1128 1421 1165 1482 ad
1177 1422 1287 1482 calcem
1301 1420 1400 1482 reler-

159 1521 292 1566 cessores
309 1502 502 1583 recepissent,
527 1501 564 1562 de
587 1495 699 1582 quibus*
711 1511 759 1563 ta·
800 1514 847 1567 tus
862 1505 984 1567 edoctis
1003 1505 1140 1566 omnihus
1160 1506 1247 1567 modo
1263 1503 1399 1586 explodi-

89 1607 91 1612 ’
159 1605 228 1650 men
243 1594 371 1662 constat,
396 1586 476 1666 quod
495 1585 623 1647 eundem
639 1603 760 1666 prorsus
800 1600 859 1652 tur.
886 1588 1060 1651 Nullatenus
1078 1599 1177 1650 autem
1197 1589 1313 1650 admitti
1331 1595 1401 1668 pot-

160 1689 227 1732 eum
247 1670 365 1731 ludaeis
387 1669 623 1732 Pentateurhum
642 1669 759 1731 hahue-
801 1682 845 1735 est
861 1691 965 1735 omnes
981 1691 1133 1734 sacrorum
1152 1673 1297 1735 librorum
1316 1671 1401 1733 codi-

161 1755 232 1817 rint.
253 1753 388 1834 Denique
410 1773 470 1816 non
489 1753 584 1814 solum
603 1752 761 1816 Pentateu-
801 1777 850 1820 ces
872 1758 1015 1819 extinctos
1034 1757 1135 1819 luisse.
1158 1756 1302 1838 Loquitur
1319 1755 1400 1816 enim
1442 1759 1443 1816 J

163 1839 264 1915 altum,
289 1838 343 1900 sed
362 1856 466 1899 omnes
484 1837 701 1917 subsequentes
721 1838 760 1899 li·
802 1848 907 1903 auctor
923 1841 960 1902 de
986 1841 1124 1902 incendio
1143 1841 1247 1922 templi
1269 1849 1298 1901 et
1315 1838 1400 1900 urbis

161 1923 232 1984 bros
257 1922 356 1998 losue,
379 1921 533 1998 iudicum,
550 1920 684 1983 Psalmos
702 1930 759 1983 ete.
802 1926 857 1986 sub
869 1924 1153 2000 Nabuchodonosor,
1175 1934 1262 2006 atquae
1280 1923 1343 1984 ideo
1362 1941 1401 1983 e-

162 2008 332 2068 adulterare
352 2024 426 2087 opus
449 2015 531 2080 erat,
550 2004 580 2066 in
601 2004 709 2086 quibus
727 2023 763 2065 o·
802 2010 849 2071 ius
866 2010 956 2071 verba
970 2010 1011 2070 ita
1023 2018 1091 2070 sunt
1105 2008 1308 2087 intelligenda,
1321 2007 1402 2085 auod

162 2092 245 2152 mnia
263 2092 324 2152 lere
339 2097 525 2171 repetuntur,
542 2108 619 2169 quae
631 2089 662 2151 in
679 2087 764 2151 libris
804 2113 838 2155 ea
868 2109 1018 2154 sacrorum
1046 2093 1190 2154 librorum
1223 2090 1402 2168 exemplaria

163 2173 268 2255 bloysis
295 2174 494 2235 continentur.
610 2203 622 2234 τι
645 2196 678 2228 :a
805 2176 958 2256 perierint,
973 2195 1049 2256 quae
1061 2177 1180 2238 inierunt
1192 2175 1335 2254 intemplo
1348 2183 1402 2236 aut

162 2261 191 2322 ht·
207 2259 272 2322 Ohi.
293 2259 323 2319 ἓ.
342 2256 462 2320 Certum
482 2265 538 2329 est,
559 2255 660 2318 omnia
674 2256 766 2318 libro·
804 2261 835 2321 in
854 2261 927 2322 urbe
945 2269 1110 2322 asservata:
1141 2260 1274 2340 quamvis
1293 2257 1402 2318 dicen-

163 2360 231 2404 rum
250 2360 401 2404 sacrorum
418 2340 598 2420 exemplaria
616 2341 685 2401 olim
702 2360 768 2422 per·
806 2345 877 2406 dum
892 2345 942 2420 sit,
966 2345 1012 2405 vix
1031 2364 1064 2404 ac
1083 2363 1120 2406 ne
1134 2363 1181 2405 rra
1200 2343 1314 2425 quidem
1331 2361 1402 2403 cre-

164 2427 258 2504 iisse;
279 2445 347 2488 narn
366 2424 404 2488 IV
426 2425 510 2487 Esdr.
536 2422 610 2498 XIV,
627 2424 664 2486 El
690 2425 767 2504 legi·
807 2428 899 2490 dibile
911 2447 986 2504 esse,
997 2428 1206 2510 Hierosolymis
1219 2425 1402 2490 relhostium

165 2512 360 2573 turtbectua
377 2511 496 2572 incensa
507 2517 548 2570 est
560 2510 769 2588 propterquod
808 2514 918 2588 lurore,
928 2514 973 2573 rel
987 2512 1162 2574 ludaeorum
1175 2511 1283 2572 incuria
1296 2527 1404 2572 omnes

165 2611 250 2658 nemo
266 2596 330 2670 scit,
352 2610 461 2674 paceo
484 2602 510 2656 te
527 2593 608 2672 sacto
631 2601 712 2658 serat.
731 2593 769 2655 Et
809 2615 928 2678 prorsas
944 2597 1082 2677 antiquos
1097 2615 1196 2657 sacros
1208 2593 1317 2656 codices
1336 2613 1406 2674 per-

166 2680 290 2759 iasuper
308 2679 438 2754 additur,
457 2676 583 2739 Esdram
601 2695 667 2739 eum
681 2677 769 2758 quin·
809 2682 895 2755 iisse,
922 2688 955 2741 ut
973 2699 1009 2742 ne
1029 2699 1106 2741 unus
1124 2679 1244 2760 quidem
1257 2677 1334 2757 apud
1352 2677 1404 2739 le·

167 2781 225 2843 que
246 2762 317 2824 viris
347 2762 442 2843 spatio
468 2762 509 2824 40
538 2762 654 2823 dierum
676 2761 769 2822 libros
810 2765 951 2839 remiam,
971 2764 1178 2838 Ezechielem,
1199 2761 1342 2824 Danielem
1365 2781 1404 2822 a-

166 2846 229 2908 aba
248 2847 414 2928 scripsisse.
439 2845 515 2907 liiac
544 2846 697 2908 communi
715 2843 766 2907 SS.
811 2849 926 2930 liesque
942 2849 1101 2930 prophetas
1115 2857 1145 2911 et
1160 2845 1304 2926 religionis
1320 2846 1405 2907 zela-

167 2929 287 2993 Patrum
305 2950 451 2992 consensu
465 2939 497 2991 ut
509 2949 602 2991 novus
617 2947 768 2991 sacrorum
813 2942 890 2994 tores
908 2933 1097 3013 superiderit.
1118 2932 1294 2994 Contrarium
1315 2947 1350 2990 ex
1373 2930 1405 2990 i-

146 3015 314 3088 ,lihrorum
333 3016 504 3089 restitutor,
525 3023 576 3074 aut
600 3014 696 3074 editor
715 3013 769 3075 he·
813 3036 865 3098 psa
897 3015 928 3079 S.
956 3015 1109 3097 Scriptura
1142 3024 1263 3078 coastat.
1288 3011 1362 3074 Nam
1392 3013 1408 3075 1

139 3109 140 3112 ’
168 3099 267 3160 betur.
288 3099 331 3161 lta
342 3117 449 3178 nempe
466 3097 598 3159 sentiunt
612 3097 770 3161 Tertullia-
812 3101 897 3162 Esdr.
918 3099 966 3176 Vl,
986 3101 1025 3163 18
1042 3100 1164 3162 dieitur:
1186 3100 1227 3162 Et
1244 3105 1407 3160 doluerant

142 3193 143 3198 ’
169 3183 302 3265 aas(l),
333 3184 364 3246 S.
384 3184 526 3245 irenaeus
549 3183 608 3264 (b),
638 3182 772 3245 Clemens
812 3185 979 3248 Sacerdotes
1001 3185 1035 3245 in
1053 3184 1208 3246 ordinibus
1229 3181 1282 3244 scis
1301 3189 1327 3242 et
1346 3181 1405 3242 Le-

142 3268 144 3273 ’
169 3266 261 3331 Alea.
287 3268 347 3347 (3),
374 3267 405 3329 S.
427 3266 626 3348 Hieronymus
646 3265 705 3346 (l),
737 3266 768 3330 S.
811 3270 886 3330 otras
905 3273 939 3330 ia
953 3269 1138 3330 oicihaoaais
1151 3281 1332 3346 sarperrpera
1349 3265 1406 3326 Dei

174 3351 394 3432 chrysostomos
414 3350 473 3428 (5),
497 3352 690 3414 Thoodoretuo
709 3350 769 3430 (6),
812 3354 846 3414 ia
860 3353 1030 3425 Ierusalem,
1050 3352 1124 3414 sicat
1150 3351 1282 3430 scriptam
1304 3356 1346 3410 eat
1369 3349 1406 3410 in

172 3446 202 3496 et
221 3436 353 3497 omnium
372 3433 606 3497 luculentissime
631 3435 663 3498 S.
680 3435 770 3497 Basi-
812 3437 886 3498 libra
904 3438 1022 3516 Mopsi:
1044 3437 1071 3495 id
1090 3454 1159 3496 vero
1179 3435 1233 3496 sub
1245 3431 1407 3495 zorobabel

173 3520 290 3600 lius(l)
308 3517 458 3579 scribens:
480 3518 721 3580 ‹Esdraslibras
736 3537 771 3580 o·
812 3522 963 3598 sexaginta
981 3523 1043 3582 iere
1062 3519 1149 3580 annis
1164 3520 1264 3580 lactan
1278 3524 1332 3591 est,
1354 3535 1408 3577 an·

173 3623 258 3665 mnes
270 3601 439 3682 Scripturae
457 3602 596 3664 divinitus
612 3602 771 3682 inspiratae
814 3614 933 3684 tequam
953 3603 1061 3665 Esdras
1076 3600 1407 3664 ierusalemtdleniret.

173 3707 210 3748 ex
227 3687 279 3748 Dei
299 3685 437 3746 mandato
465 3685 504 3748 ad
528 3704 716 3748 communem
736 3706 772 3747 o·
814 3687 926 3749 Ibidem
944 3706 1009 3768 cap.
1029 3686 1080 3749 Vll
1098 3687 1261 3748 Artaxerxes
1281 3683 1409 3746 Esdram

174 3772 288 3832 mnium
309 3787 396 3830 usum
415 3769 558 3831 eructarit
581 3778 609 3830 ct
633 3788 772 3850 enprom-
816 3769 1411 3850 nominat,v.lb‚scribamlepslleicoeli

175 3855 245 3936 psit.
264 3853 395 3914 »Potuit
412 3872 482 3932 ergo
497 3853 603 3914 Esdras
617 3851 774 3916 Pentateu·
815 3857 1030 3930 doctissimum·
1045 3865 1074 3916 et
1091 3875 1119 3916 v.
1147 3855 1186 3916 ld
1202 3853 1306 3917 scribit:
1331 3855 1409 3918 Mis-

176 3939 284 4015 ebum,
304 3937 380 3999 sicut
398 3946 427 3999 et
451 3945 565 4000 eeteros
590 3937 700 4013 libros,
724 3947 775 4001 aut
816 3957 866 4000 sus
880 3957 921 4015 as,
941 3948 975 4002 at
994 3941 1093 4002 visitas
1117 3939 1251 4002 iudaeae
1277 3945 1303 3999 et
1322 3938 1412 4000 leru-

817 4025 907 4086 solem
924 4025 958 4085 ia
976 4025 1036 4104 lepe
1054 4025 1109 4086 Dei
1138 4024 1193 4098 lui,
1213 4040 1277 4102 praa
1305 4031 1349 4085 est
1378 4022 1437 4114 ia.

206 4119 240 4179 (ll
255 4122 280 4168 b.
296 4120 306 4166 l
314 4155 319 4179 ,
330 4121 359 4167 da
369 4121 435 4168 cultu
448 4119 517 4167 loem.
532 4132 553 4167 c.
565 4119 588 4165 ὅ.
689 4163 692 4169 ,

202 4181 240 4234 it2l
258 4184 298 4240 lp.
310 4181 392 4227 Errscb.
407 4181 449 4226 lt
473 4181 525 4227 hist.
537 4179 592 4227 cccl.
602 4190 654 4242 cep-
669 4177 691 4226 tr
848 4181 879 4234 (5·
896 4178 962 4222 Hom.
977 4179 991 4224 5
1008 4179 1031 4222 in
1047 4177 1087 4236 llp.
1100 4178 1130 4223 ad
1146 4177 1213 4224 lIebr.

206 4241 240 4293 <dr
256 4241 281 4286 b.
300 4241 307 4284 Ι
326 4242 409 4286 strom.
425 4251 448 4284 n.
460 4239 498 4286 22.
739 4253 742 4268 1
850 4239 881 4292 tbi
896 4235 964 4281 Praei
978 4238 1002 4281 in
1017 4239 1105 4282 cantic.

206 4298 237 4357 tl)
253 4300 304 4346 bib.
317 4301 370 4346 adv.
386 4299 476 4346 llrlrid.
742 4295 745 4303 '
851 4298 883 4354 (lp
899 4296 923 4340 ln
935 4294 1007 4353 Epist.
1023 4296 1053 4341 lh
1064 4297 1095 4342 ad
1110 4294 1232 4342 Chilonem
1247 4307 1272 4341 a.
1285 4295 1319 4349 5„
