2930 4736
434 247 509 294 ruas
526 247 570 293 m.
591 247 693 293 sacrm
710 247 743 293 rr.
763 247 857 294 canor
875 248 906 294 rr.
1188 225 1251 290 lob

27 322 154 405 singuli
172 343 207 387 ex
222 324 267 388 soi
284 324 473 389 ordinatione
493 335 525 389 et
540 327 569 388 in
589 325 663 398 uim¹
690 325 819 404 fragauei
832 343 899 386 cum
910 321 1222 406 suolletropolitasea
1234 321 1293 385 Aa·

29 409 229 472 characteris
250 411 385 472 obtinent
402 411 548 508 speciales
568 411 648 487 aliis,
689 409 880 492 chlepiscopo
897 408 1098 484 conveniunt,
1116 409 1162 470 uel
1180 409 1292 470 dinew-

27 494 80 572 qui
102 512 168 555 non
190 503 260 556 sunt
278 495 422 576 episcopt,
443 496 647 557 incommuni·
688 493 812 570 annaei
825 493 991 576 Episcopus
1004 491 1294 554 suaedioecesisde·

27 577 149 638 cabiles
169 578 280 655 gratias
300 586 329 640 ct
350 579 549 641 assistentiam
568 579 648 640 diri·
689 595 792 655 sanos,
804 578 1022 659 parochosetc.
1035 576 1160 654 colligit,
1177 575 1227 655 qui
1239 595 1293 637 au-

28 679 102 722 nam
126 661 167 722 ad
185 670 266 723 recte
288 663 467 743 pascendum
488 675 520 726 et
535 663 648 730 docen-
691 673 749 724 tem
768 681 826 723 nan
838 662 970 740 gaudent
987 660 1051 722 iure
1063 658 1196 736 sullragii
1208 658 1292 719 deci-

27 744 103 805 dunt
127 747 277 826 populum
296 745 588 825 christianum3ergo
603 747 647 824 id,
689 747 761 823 siri,
782 746 833 808 sed
863 747 959 808 solum
981 745 1107 809 consilia
1126 743 1197 805 dare
1219 761 1293 824 pos·

27 829 117 908 quod
134 829 189 891 isti
207 847 266 909 qua
286 829 361 892 tales
375 830 483 893 docent
501 840 530 894 et
541 830 648 893 decer·
689 839 770 892 sunt.

28 922 126 988 nunt,
149 913 178 974 si
196 913 277 975 aliud
289 915 446 978 manifeste
461 934 520 976 non
539 915 647 992 obstet,
731 915 810 979 Note
827 912 858 976 2.
882 910 980 976 Verba
998 909 1126 974 Christi:
1150 909 1205 973 tur·
1218 919 1294 972 aunt

27 995 285 1077 probabilissime
309 999 441 1060 creditur
467 1009 497 1060 ot
527 999 647 1062 nonnisi
689 997 768 1074 duo,
788 998 913 1060 veltres
934 995 1153 1077 congregatim
1174 995 1295 1056 rtomtue

28 1081 202 1142 temerarie
221 1091 358 1160 negator.
378 1084 408 1164 c)
422 1083 463 1144 Er
482 1083 649 1146 innumeris
689 1100 770 1158 meo,
789 1077 833 1144 iii
849 1099 916 1144 aum
937 1082 972 1143 t’u
989 1081 1085 1143 medio
1110 1097 1213 1142 eorum
1231 1078 1293 1159 (t),

28 1165 96 1226 iere
119 1165 260 1227 conciliis
282 1167 512 1246 particularibus
529 1186 581 1247 per
599 1176 648 1229 to·
690 1167 860 1227 nuliatenus
890 1163 1018 1248 probam
1047 1163 1294 1225 infallibilitatem

28 1255 96 1311 tum
108 1249 381 1331 orbemhucusque
392 1250 561 1327 celebratis,
576 1271 649 1333 pau·
690 1249 885 1311 conciliorum
895 1245 1295 1332 particularium‚quiaClrri·

29 1333 161 1396 sissima
177 1333 275 1395 afferri
295 1343 436 1413 possunt,
451 1353 527 1416 quae
547 1337 578 1396 in
596 1337 649 1397 do-
689 1343 753 1406 stus
771 1334 827 1395 hoc
848 1334 880 1394 iu
900 1335 964 1396 loco
983 1333 1128 1414 promittit
1145 1331 1294 1393 assisten-

29 1427 137 1496 gma-te
164 1417 326 1498 aliquando
351 1420 530 1480 erraverint:
553 1437 590 1480 ex
612 1439 648 1482 eo
691 1417 761 1480 clam
781 1436 864 1479 suam
889 1435 949 1479 non
969 1417 1000 1478 in
1013 1416 1170 1502 docendo,x
1190 1413 1241 1476 sed
1262 1414 1294 1476 in

31 1512 155 1578 autem,
168 1502 249 1582 quod
260 1502 320 1563 t'ere
333 1521 452 1583 semper
469 1503 592 1565 ueritate
604 1505 650 1565 ni·
689 1501 815 1577 orando,
829 1501 871 1563 uti
882 1509 962 1582 patet
974 1519 1007 1562 es
1017 1501 1188 1562 immediate
1198 1515 1293 1580 prae-

31 1586 113 1647 titur
132 1592 164 1646 et
181 1586 300 1646 n=onnisi
315 1587 564 1662 rarissimedallit‚
576 1607 646 1668 pro·
689 1586 865 1648 cedentibus
883 1585 998 1647 uerbis:
1025 1585 1060 1648 ur·
1074 1585 1135 1646 cluo
1153 1601 1191 1646 eac
1212 1581 1294 1645 colis

31 1668 260 1731 habilissimum
277 1669 397 1732 ducitur
412 1671 544 1734 veritatis
556 1691 649 1752 argu·
688 1671 892 1734 consenserint
910 1685 1000 1750 cuper
1017 1677 1141 1742 temni,
1162 1667 1295 1730 deamat

31 1763 190 1815 mentum.
688 1771 732 1828 re,
752 1753 1119 1834 quemcunqaepelieriut,
1138 1751 1295 1832 petillius

76 1839 112 1900 3.
133 1836 219 1900 Iusta
237 1845 409 1899 consuetam
427 1837 581 1902 Ecclesiae
597 1838 647 1900 di·
688 1839 778 1900 Putre
796 1855 871 1915 meo,
889 1837 944 1918 gui
963 1837 998 1900 ia
1013 1838 1100 1904 coelis
1123 1847 1177 1914 est,
1196 1836 1292 1898 udie-

32 1921 199 2002 sciplinam
215 1931 281 1984 actu
300 1923 493 1983 conciliorum
516 1925 649 2004 particu·
687 1923 752 1985 nire
770 1932 827 1985 etc.
848 1932 906 1985 etc.

31 2007 148 2067 larium
173 2005 301 2085 primum
328 2003 462 2068 Romano
487 2006 644 2085 Pontifici,
1088 2017 1092 2025 '

34 2099 104 2151 tum
123 2099 154 2150 et
172 2090 239 2151 aliis
256 2089 411 2171 Episcopis
424 2091 648 2153 communicen·
922 2062 953 2134 3·
978 2068 1053 2116 ω·

31 2181 99 2235 tur.
121 2173 184 2234 lam
205 2193 272 2238 uero
288 2175 313 2235 si
326 2174 515 2237 definitiones
533 2175 601 2237 iudei
615 2176 645 2237 in
797 2169 835 2242 ¹¹¹:
850 2170 884 2216 ¹³⁶
898 2179 1016 2218 ⁰⁰⁰⁸²⁰⁸⁰
1032 2167 1069 2214 ⁸⁵·
1085 2167 1180 2236 sermm

33 2257 177 2319 conciliis
188 2258 417 2338 particularibus
429 2259 539 2335 editae,
556 2279 572 2320 a
588 2258 647 2322 llo-
771 2231 796 2276 ἰ
811 2225 986 2286 1¹¹⁸⁰¹⁰²⁰ffl⁰¹
1003 2227 1209 2276 ⁸⁰h⁰¹³⁵¹¹⁰⁰'⁰⁰¹'

33 2361 128 2403 mano
153 2340 299 2404 Pontidce
325 2344 561 2420 confirmantur,
577 2352 646 2406 eta
728 2337 1295 2420 VeterisEcclesiaeconsensuscogno·

33 2425 148 2488 ceteris
163 2425 338 2507 Episcopis,
358 2427 408 2507 qui
434 2427 560 2489 concilio
585 2446 644 2489 nou
687 2424 729 2484 sci
742 2433 840 2506 potest
853 2443 889 2488 ex
903 2426 1039 2488 unanimi
1054 2424 1223 2487 testimonio
1239 2422 1292 2487 SS.

34 2509 261 2586 interfuerunt,
277 2511 485 2592 approbantur
506 2520 536 2573 et
557 2530 646 2574 acce·
687 2506 1293 2591 Patrum,dequorumauctcritateetusu

34 2601 176 2676 piantur,
195 2593 269 2655 istae
288 2595 463 2657 infallibiles
476 2595 550 2657 irunt
573 2613 644 2678 pro·
687 2593 744 2653 iam
762 2593 801 2672 (ξ.
820 2595 895 2674 tau)
908 2605 1006 2656 aetum
1025 2604 1082 2657 est.
1100 2593 1169 2656 Post
1185 2611 1293 2655 aarum

34 2687 105 2759 pter
128 2677 307 2740 universalis
334 2679 485 2741 Ecclesiae
509 2678 646 2741 docentis
686 2675 738 2739 SS.
771 2677 891 2738 Patrum
922 2679 1085 2740 asuecal'o
1113 2677 1292 2738 duodecimo

33 2779 239 2838 consensum,
262 2762 314 2843 qui
333 2781 485 2844 nunquam
505 2759 646 2826 aberrare
688 2771 717 2822 al
732 2761 873 2842 deinceps
891 2761 1053 2840 Theologia
1070 2761 1159 2823 aliam
1184 2759 1291 2836 [aciem

35 2854 150 2927 potest.
174 2845 238 2906 Tali
263 2846 350 2907 modo
369 2865 422 2909 seu
438 2893 447 2924 ‚
466 2857 499 2910 ut
524 2848 644 2923 dicunt,
688 2845 829 2906 obtinuit.
850 2843 921 2907 Cum
947 2846 1026 2908 enim
1043 2843 1232 2926 philosophia
1249 2842 1293 2904 tt-

35 2947 76 2992 er·
87 2937 156 3009 pust
173 2931 251 3010 [ecto
268 2932 350 2991 uaria
366 2931 424 2992 iam
437 2931 564 2993 concilia
580 2949 647 3012 pur·
689 2929 832 2990 ristotelis
851 2928 882 2989 in
902 2929 1019 2990 scholas
1043 2927 1192 2989 introduci
1221 2943 1293 2987 coe-

35 3012 178 3075 ticularia
212 3015 417 3076 auctoritatem
449 3016 644 3078 conciliorum
687 3009 1293 3094 pisset‚iurtaeiusdemregulaslogicas

35 3097 517 3162 oecumenicorumobtinuerunt.
533 3099 646 3168 liuius-
688 3099 777 3160 etiam
796 3097 933 3159 doctrina
950 3096 1114 3174 Religionis
1133 3094 1165 3155 in
1180 3093 1293 3156 sobolis

35 3181 122 3245 modi
143 3189 215 3242 suut
230 3183 391 3264 praecipue
409 3184 469 3245 duo
488 3183 647 3246 conciliaa
688 3182 852 3264 proposita,
865 3199 917 3262 per
928 3179 1168 3243 antecedentium
1181 3188 1210 3240 et
1221 3177 1295 3240 sub·

35 3265 245 3328 totaEcclesia
257 3276 420 3348 acceptata,
437 3268 579 3329 nimirum
588 3269 648 3335 Mi·
688 3267 877 3347 sequentium
903 3264 1136 3326 declarationem
1156 3263 1293 3324 illustra-

35 3350 207 3412 unisonum
236 3360 264 3410 et
290 3350 514 3415 Aruusicouum
537 3351 577 3415 ll.
605 3387 647 3398 -
689 3359 729 3426 ta,
751 3349 994 3412 conclusionibus
1011 3346 1222 3410 etcoroltariis
1240 3363 1295 3409 or-

35 3433 148 3500 Melclt.
171 3433 273 3497 Cunus
290 3435 336 3495 his
362 3445 540 3498 unriumerat
569 3455 646 3516 qua-
689 3442 772 3509 nata,·
789 3433 878 3494 uariis
897 3431 1204 3510 argumentationibus
1226 3450 1294 3513 pro·

35 3525 109 3578 tuor
130 3517 259 3578 concilia
278 3519 446 3598 orientalia,
464 3520 527 3600 ige.
548 3520 648 3600 Anca·
689 3518 758 3579 bata
776 3527 805 3578 et
828 3525 932 3578 contra
956 3516 1141 3578 aduersarios
1171 3515 1295 3578 detensa

35 3617 166 3676 runcum,
178 3601 649 3681 Neo-uoosorioou,rtmttocte-
688 3602 756 3662 luit.
776 3599 832 3673 Oui
846 3601 901 3662 bac
914 3599 1067 3676 metlrodo,
1084 3601 1113 3660 io
1129 3600 1241 3662 scholis
1255 3619 1294 3660 u-

35 3703 116 3748 atum
135 3692 166 3746 et
183 3685 393 3763 Laodiceam,
413 3696 444 3750 et
458 3688 548 3750 etiam
572 3707 647 3749 con·
688 3686 788 3761 sitata,
807 3685 973 3747 doctrinam
998 3684 1151 3764 religionis
1177 3681 1295 3763 scriptis

37 3769 111 3831 cilia
129 3765 377 3849 Cartltaginensia
391 3771 535 3853 Cypriane
551 3781 649 3853 poste·
689 3769 894 3845 elaborarunt,
915 3769 1051 3850 lltcologi
1064 3767 1228 3831 scholastici
1236 3784 1295 3826 nu·

35 3853 133 3927 riora.
158 3851 284 3915 Billuart
305 3855 383 3916 idem
403 3856 493 3917 sentit
510 3856 547 3918 de
571 3873 647 3918 con·
691 3853 852 3914 minantur.
869 3849 950 3914 lntar
966 3854 1019 3913 lms
1035 3851 1156 3935 plurimi
1171 3851 1295 3912 luerunt

36 3937 120 3998 ciliis
138 3937 295 4015 Toletanis,
309 3939 530 4004 Arelateuidue
548 3948 578 4001 et
595 3939 650 4002 lli·
689 3937 826 3998 doctrina
837 3944 866 3998 et
874 3937 1032 4000 sanctitate
1043 3933 1296 4016 conspicui,inter

35 4022 235 4102 opulentibus.
690 4039 765 4101 qttos
773 4023 892 4083 saecule
904 4022 1021 4084 decimo
1029 4016 1293 4082 tertioeminentS.

81 4107 164 4170 Noto
184 4106 213 4168 l.
237 4105 369 4170 concilia
394 4105 584 4189 particularia
602 4105 649 4167 uel
693 4106 976 4186 immaculatione,
989 4104 1293 4168 etS.Bouooenturc.

35 4197 111 4251 sunt
141 4191 328 4265 rationalia,
353 4191 377 4252 si
398 4191 534 4272 Episcopi
558 4189 649 4251 unius
691 4189 803 4252 Eodem
823 4191 1018 4251 modoetiam
1042 4183 1296 4265 subsequentibus

34 4273 173 4336 nationis
185 4274 241 4335 sub
258 4294 312 4334 suo
328 4273 651 4353 Prirnatecougregnn·
691 4268 820 4336 saeculis
836 4293 872 4336 err
889 4274 979 4335 uariis
998 4269 1109 4332 scholis
1124 4269 1210 4332 multi
1223 4287 1296 4354 pro-

34 4363 100 4434 tur,
115 4360 159 4420 vel
167 4358 381 4440 provincialia,
397 4359 420 4419 si
435 4359 575 4442 Episcopi
588 4361 650 4423 sut·
712 4381 756 4441 nt)
772 4381 851 4431 uarro.
867 4381 903 4431 ta.
918 4379 956 4426 uu.
