2918 4734
436 158 892 208 mmmmmmammr
1193 144 1250 208 tm

71 237 95 302 bi
109 237 310 318 necessisse,
328 239 488 322 praecipue
513 257 581 302 cum
608 258 661 302 re-
699 239 782 302 daeis
804 243 995 320 reseruntur,
1015 242 1124 306 labulis
1149 241 1297 304 adnume-

70 343 144 402 goum
160 343 224 386 nen
239 324 486 400 haereditarium,
498 324 549 386 sed
560 323 663 386 electi·
698 325 792 387 rauda
809 335 890 388 sunt.
910 326 1026 390 Eruditi
1037 329 1117 389 enim
1128 327 1187 408 ipsi
1206 327 1300 388 laten·

71 427 122 468 rum
147 408 253 470 luerit.
280 408 425 474 Undecim
448 415 548 470 autem
570 408 661 469 duces
700 416 764 484 tur,
790 409 866 471 nihil
884 412 957 472 certi
979 410 1010 480 iu
1031 411 1157 473 historia
1174 409 1301 490 reperiri

70 491 185 554 nonsibi
200 501 422 568 successerunt,
437 493 490 554 sed
508 492 597 554 simul
606 509 660 552 ra·
700 493 891 555 antehellum
904 493 1168 575 Troianum,quod
1181 505 1301 556 tercen-

68 577 116 637 rias
141 574 307 640 Idumaeae
335 576 473 654 regiones
499 575 658 654 regebant:
700 575 738 638 tis
755 576 876 639 circiter
892 587 959 660 post
976 577 1094 659 llopsen
1117 577 1205 639 annis
1226 595 1302 639 con·

68 660 136 740 quod
156 661 320 740 contigisse
336 661 464 736 ridetur,
481 659 662 721 cumlsrae·
700 659 776 739 tigit.
808 661 851 722 Ex
879 670 940 724 tam
964 662 1089 724 vetustis
1117 661 1303 743 temporibus

68 744 127 806 litae
145 745 185 806 ab
200 746 333 826 Aegypto
351 744 574 822 egrederentur3
591 761 660 804 nam
701 763 770 822 ergo
788 753 869 807 certo
887 745 1007 827 probari
1029 745 1154 826 nequit,
1175 743 1303 823 Mogsem

68 828 90 888 in
100 827 231 902 (lentico¹
243 828 348 910 llopsis
361 829 482 890 dicitur:
502 830 581 890 abac
595 845 663 890 eoa-
701 829 845 902 extitisse,
865 839 896 892 et
909 829 1144 892 Pentateuchum
1169 827 1304 890 conscri-

69 913 170 975 tarbutr'
188 921 263 976 suut
273 914 425 994 principes
437 913 532 976 Edem
542 913 603 992 (l);
620 919 660 972 ct:
703 914 810 995 psisse.

69 997 99 1059 lla¹
114 998 204 1059 dcccc
229 998 328 1061 Edono
344 997 509 1060 habitasses
524 997 559 1057 iat
583 1004 664 1058 terra
744 998 830 1078 Hesp.
851 995 930 1060 Sana
947 997 1024 1060 ratio
1044 997 1161 1076 regulas
1186 993 1306 1057 criticas

69 1081 180 1160 inperii
195 1083 249 1144 sari
263 1082 322 1162 (d).
338 1080 448 1142 Verum
467 1080 588 1160 quidem
606 1087 663 1156 est,
705 1082 898 1163 praescrihit,
919 1083 1029 1162 quibus
1051 1081 1119 1143 libri
1142 1077 1307 1142 authentici

70 1165 93 1225 in
114 1165 325 1228 Pentateucho
352 1165 434 1242 leges
457 1183 510 1244 pro
536 1163 666 1241 Regibus
706 1186 723 1228 a
741 1167 851 1247 spuriis
862 1174 892 1227 et
905 1166 983 1228 sacta
996 1183 1066 1228 vera
1081 1186 1099 1228 a
1112 1165 1194 1226 salsis
1209 1179 1309 1225 secer·

70 1250 243 1329 praescribi,
259 1249 311 1330 qui
326 1247 433 1329 lloysis
454 1258 588 1328 tempore
606 1264 666 1307 non
706 1251 738 1312 ni
753 1258 888 1332 possunt.
909 1249 995 1312 Tales
1009 1250 1130 1327 regulae
1145 1246 1306 1321 constanti,

68 1331 306 1410 extiterunt.Sed
317 1333 355 1409 is,
374 1333 426 1413 qui
444 1332 519 1394 haee
536 1330 667 1411 scripsit,
707 1344 737 1397 et
748 1334 908 1396 universali
921 1334 1165 1414 philosophorum
1181 1348 1308 1393 consen·
1336 1406 1339 1411 Ι

68 1418 144 1479 valde
164 1417 301 1482 difficilia
321 1435 429 1492 onera,
448 1425 479 1478 ct
505 1415 601 1478 otlicia
617 1433 668 1476 re·
708 1439 742 1480 su
761 1419 975 1499 approbantur.
996 1419 1110 1486 Asana
1127 1417 1218 1494 igitur
1234 1413 1308 1475 Phi-

67 1501 148 1580 gibus
166 1501 311 1583 imponit,
336 1501 429 1563 dictat
440 1501 483 1562 eis
501 1501 581 1577 leges
599 1517 685 1580 perr
708 1503 845 1583 lusophia
854 1501 968 1564 recedit
983 1509 1012 1564 et
1027 1520 1147 1562 omnem
1159 1501 1247 1562 tidem
1260 1498 1309 1558 hi-

68 1604 152 1665 quam
169 1585 347 1666 imperiose,
360 1603 471 1664 eosque
488 1584 556 1645 aliis
573 1582 671 1644 homi·
687 1581 694 1635 ¹
710 1587 849 1649 storicam
869 1586 1046 1662 labefactat,
1066 1586 1116 1666 qui
1133 1585 1205 1646 istas
1220 1601 1311 1660 regu·

69 1670 153 1731 nibus
161 1670 328 1750 plurimum
343 1669 500 1745 assimilat,
517 1677 550 1729 ut
562 1665 671 1745 legenti
711 1673 754 1733 las
775 1670 962 1751 vilipendens
980 1669 1081 1730 omnia
1099 1669 1226 1730 alicuius
1246 1665 1312 1728 aevi

69 1753 189 1816 citatum
208 1749 450 1833 locumpotebit.
471 1751 587 1813 -lam
604 1768 672 1812 vero
711 1757 789 1817 lacta
804 1754 889 1835 quasi
907 1774 924 1815 a
942 1754 1051 1836 priori,
1071 1761 1101 1815 et
1122 1753 1186 1814 sine
1204 1751 1312 1812 discri-

69 1838 153 1900 talem
172 1855 279 1900 secum
294 1836 400 1915 agendi
413 1845 442 1898 et
456 1834 598 1917 loquendi
610 1852 673 1895 mo·
713 1840 794 1902 mine
812 1839 886 1901 falsa
901 1846 953 1899 aut
973 1837 1064 1900 dubia
1082 1837 1222 1898 declarat.
1244 1834 1313 1895 Fir-

70 1920 134 1982 dum
149 1940 240 1999 reges
260 1921 387 1983 tolerare
398 1939 459 1982 non
474 1922 581 1981 solent:
594 1918 674 1980 unde
715 1943 762 1986 ma
777 1923 887 2004 potiuS,
903 1922 968 2003 ipsa
985 1940 1058 1983 sano
1075 1920 1190 1982 ratione
1202 1918 1314 1980 iuben·

70 2005 310 2066 concludendum
331 2014 397 2080 est,
416 2005 495 2082 leges
523 2004 590 2064 illas
614 2021 674 2064 uon
715 2018 756 2085 te,
776 2008 877 2086 regula
896 2015 941 2068 cst
960 2005 1105 2081 tenenda,
1122 2020 1200 2085 quae
1222 2002 1313 2078 dicit,

72 2097 205 2169 tempore
223 2087 352 2166 Regum,
383 2088 434 2149 sed
454 2094 614 2168 antequam
645 2085 676 2147 hi
715 2109 751 2153 ea
765 2091 843 2153 iacta
861 2099 895 2152 ut
906 2109 975 2152 uera
987 2087 1221 2164 ossecredenda,
1238 2104 1315 2167 quae

72 2173 340 2247 constituerentur,
354 2172 479 2252 scriptas
491 2190 567 2233 esse.
583 2170 677 2233 Porro
715 2177 805 2237 certis
818 2175 1001 2253 argumentis
1015 2173 1190 2255 probantur,
1203 2173 1255 2232 illa
1267 2188 1318 2231 re-

74 2255 186 2336 llogscs
201 2256 388 2336 praecellens
397 2254 543 2336 propheta
557 2254 676 2336 praevi·
717 2278 750 2320 ro
775 2259 852 2320 lacta
874 2277 926 2340 pro
945 2257 1044 2334 salsis,
1062 2266 1114 2319 aut
1131 2255 1231 2317 dubiis
1252 2271 1317 2316 esse

71 2340 111 2400 dit
122 2341 244 2402 loturos
257 2339 462 2402 Hebraeorum
472 2357 569 2418 regeS,
585 2347 615 2400 et
628 2338 678 2398 id·
718 2342 867 2418 habenda,
882 2361 934 2424 pro
948 2341 1058 2423 quibus
1068 2341 1149 2402 nulla
1158 2339 1252 2400 solida
1262 2337 1318 2398 mi·

72 2442 104 2485 eo
118 2423 347 2505 sapientissime
358 2424 418 2485 iam
433 2425 521 2500 longe
538 2423 679 2484 anteale·
718 2429 805 2489 litant
815 2435 1001 2506 argumenta.
1013 2424 1204 2487 Admittimus
1214 2423 1316 2501 igitur,

72 2526 120 2584 ges
144 2508 185 2569 ab
204 2508 281 2589 ipsis
308 2505 679 2588 obseruandasjpraeseri-
719 2519 787 2574 ante
806 2512 918 2573 bellum
933 2509 1094 2571 Troianum
1107 2506 1318 2570 omniaincer-

75 2593 143 2671 psit,
721 2605 749 2656 ta
768 2613 833 2657 esse
851 2604 881 2656 et
894 2595 1016 2655 confusa
1031 2593 1063 2654 in
1079 2591 1204 2654 historia
1218 2591 1319 2671 prola-

114 2676 182 2740 Ohi.
207 2677 241 2738 b.
258 2671 351 2736 ‘Sicut
374 2674 529 2737 israelitae
551 2671 679 2754 Moysen
722 2699 771 2754 na,
792 2679 863 2759 quia
881 2679 979 2739 nullos
1000 2677 1144 2738 habemus
1161 2674 1321 2755 scriptores

75 2766 106 2821 nt
122 2761 327 2838 legislatorem
347 2769 376 2820 et
394 2759 499 2821 ducem
519 2777 605 2819 suum
627 2777 681 2820 ve·
722 2763 875 2845 profanos,
895 2763 947 2843 qui
965 2763 1042 2823 lacta
1065 2761 1183 2822 illorum
1202 2767 1320 2836 ternpo-

76 2845 172 2905 nerati
195 2851 286 2917 sunt,
309 2843 359 2904 cui
380 2842 456 2904 lacta
477 2841 627 2904 mirabilia
653 2849 683 2902 et
722 2866 787 2908 rum
807 2847 990 2923 collegerint.
1012 2843 1196 2909 Contrarium
1216 2841 1252 2902 de
1271 2838 1321 2900 hi-

76 2926 170 2989 libros
180 2927 278 2988 editos
292 2925 525 3007 adscripserunt,
540 2927 582 2987 ita
593 2926 682 2987 etiam
723 2931 814 2993 storia
833 2948 917 2992 sacra
948 2929 1044 3005 valet,
1064 2946 1152 3007 quam
1179 2942 1214 2987 ex
1236 2923 1323 2985 libris

77 3011 127 3071 alii
148 3011 268 3090 antiqui
283 3011 386 3090 populi
397 3011 475 3073 viros
487 3010 632 3090 quosdam
649 3010 685 3070 il·
724 3015 873 3092 genuinis
887 3014 1009 3092 integris
1022 3021 1051 3073 et
1068 3011 1124 3071 lide
1139 3009 1235 3086 dignis
1250 3007 1324 3069 hau·

77 3094 190 3156 lustres
208 3094 366 3157 coluerunt
387 3103 416 3156 et
447 3095 523 3156 mire
547 3095 583 3155 de
611 3093 684 3174 ipsis
724 3099 991 3160 rimus.Ahsonum
1004 3096 1161 3173 igiturest,
1173 3090 1325 3172 ideoldop-

78 3186 291 3254 narraverunt,
310 3195 386 3258 quae
404 3188 504 3242 tamen
518 3177 621 3240 fictitia
639 3197 686 3239 es-
725 3183 766 3244 sis
783 3181 981 3255 existentiam,
994 3190 1024 3241 et
1038 3178 1165 3258 scriptos
1182 3177 1219 3239 ab
1237 3197 1272 3238 eo
1285 3178 1324 3238 li-

77 3279 111 3324 se
145 3280 239 3323 nemo
266 3261 394 3324 dubitat.
426 3262 516 3324 blulta
552 3263 685 3342 prolecto
726 3268 795 3328 bros
813 3283 932 3342 negare,
949 3264 1019 3345 quia
1032 3263 1141 3324 multae
1160 3262 1279 3323 fabulae
1292 3261 1326 3321 il·

77 3344 210 3406 Deorum
218 3345 407 3425 Dearumque
418 3345 687 3408 nominaconstan·
728 3351 784 3412 lius
798 3369 870 3410 aevo
883 3349 960 3429 apud
972 3349 1046 3409 alios
1059 3346 1184 3428 populos
1199 3346 1327 3407 circum·

80 3430 103 3490 ti
122 3443 155 3491 et
173 3429 297 3510 publica
313 3429 528 3492 traditionead
549 3449 602 3491 nos
618 3449 685 3510 per·
727 3436 804 3496 latae
818 3431 1007 3494 sunt—His
1021 3430 1150 3506 accedit,
1164 3429 1243 3509 qnod
1256 3448 1327 3506 gen·

81 3522 246 3590 venerunt,
257 3514 536 3593 quaenihilominus
547 3522 687 3594 tanquam
729 3519 802 3579 tium
825 3517 1000 3578 traditiones
1019 3517 1194 3597 plerumque
1223 3512 1328 3574 aviris

81 3597 223 3658 fabulosa
238 3597 434 3678 explodimus.
451 3597 514 3659 Non
531 3609 590 3659 una
603 3616 688 3676 gem,
730 3602 767 3663 ob
786 3601 951 3683 praeclara,
968 3609 1019 3661 aut
1036 3599 1156 3660 insolita
1178 3599 1254 3660 lacta
1276 3615 1328 3656 ce-

81 3680 138 3742 sed
157 3680 247 3742 multi
266 3681 366 3761 populi
382 3680 493 3756 lovem,
514 3679 688 3756 Saturnum,
731 3684 864 3746 lebrihus
882 3684 1028 3762 originem
1048 3682 1195 3756 duxerim,
1211 3696 1329 3741 succes·

81 3762 692 3844 Neptunum,ldercurium,llartem,llcr·
730 3790 764 3831 su
784 3779 883 3830 autem
904 3767 1046 3849 temporis
1064 3775 1220 3846 corruptae
1238 3762 1329 3822 etde·

82 3849 270 3922 culem,etc.
284 3848 457 3925 adorarunt,
468 3849 642 3930 divinasque
653 3849 691 3910 de
730 3860 866 3933 turpatae
885 3861 966 3926 sunt,
990 3860 1092 3932 utpote
1107 3847 1243 3928 genuinis
1257 3844 1330 3904 etsi·

84 3931 123 3992 iis
142 3932 269 3994 uirtutes
294 3932 524 4012 praedicarunt,
548 3953 625 4012 quae
643 3940 691 3994 ta·
731 3932 1239 4014 dedignisdocumentisdestitutae.
1252 3925 1331 4007 Μογ-

83 4033 157 4075 men
177 4033 196 4076 a
213 4015 338 4077 veritate
351 4034 471 4096 prorsus
486 4017 693 4078 alieuadecla·
731 4021 772 4082 sis
782 4039 849 4080 vero
868 4019 1022 4081 existentia
1034 4026 1122 4094 atque
1139 4012 1288 4092 praeclara
1300 4031 1331 4072 e·

85 4115 204 4159 ramus
222 4097 333 4160 Eodem
353 4100 442 4161 morlo
461 4119 541 4178 ergo,
561 4119 638 4180 quire
656 4101 692 4161 de
710 4123 714 4142 1
731 4103 866 4165 iuslacta
879 4121 932 4182 per
949 4101 1137 4162 traditionem
1153 4096 1332 4156 contirman·

86 4181 203 4261 llogse,
223 4181 260 4244 de
280 4183 344 4246 cius
359 4184 444 4246 lactis
462 4192 492 4246 et
509 4185 592 4246 libris
610 4182 693 4244 alu·
733 4197 781 4248 *ur
799 4187 837 4248 ob
854 4185 1016 4262 genuinum
1037 4183 1261 4238 monumentum
1283 4180 1332 4238 in·

118 4281 343 4340 nmmum.
495 4275 512 4287 ·
711 4285 982 4344 immmcm
