2962 4736
210 165 273 228 tta
609 183 793 228 resonantur
815 177 977 227 amaras

213 262 277 328 Odi.
310 261 339 322 l.
363 257 469 324 linitas
490 259 643 326 doclrmas
668 263 770 344 inepte
810 260 921 325 Ornaas
939 259 1402 344 lamencoetosperddemin‘a·

169 345 346 430 proponitur
367 355 399 408 at
420 345 538 424 signum
566 347 768 410 distinctivum
809 365 881 408 uum
897 346 1056 409 Ebrislam
1089 346 1206 408 interne
1232 354 1261 407 el
1287 359 1402 409 exterae

168 450 256 494 verae
269 429 377 492 Cbrisli
394 429 560 508 Ecclesiam
581 431 672 494 talem
688 432 767 494 eaba
809 430 1042 508 colligamuaec
1053 447 1144 492 anam
1160 429 1403 508 societatem,seu

168 513 200 578 ia
215 513 404 594 dogmatibus
418 513 562 576 unitatem
587 514 700 578 babent
721 524 768 576 et·
808 533 902 576 anam
915 515 1078 577 Ecclesiam
1098 514 1295 575 constituant.

167 597 227 660 iam
241 597 462 672 blabamedani,
473 596 575 661 ludaei
588 611 618 662 et
629 597 768 683 literati·
850 599 937 678 liccp.
954 595 989 660 Si
1006 598 1048 660 ita
1064 605 1157 674 esset,
1177 597 1311 660 Ecclesia
1327 597 1403 662 Clari-

167 682 206 746 ci:
220 683 281 744 imo
296 681 369 744 etde
379 683 578 744 sectatoribus
592 683 767 744 Aoficbristi
807 681 845 744 sti
862 683 940 744 torel
956 682 993 744 ad
1010 682 1106 743 instar
1119 682 1210 742 larris
1227 680 1320 743 Babel
1334 699 1401 756 ,cum

146 764 519 846 apocatasticus:
533 765 575 830 Hi
588 783 766 830 anamcoa·
806 766 982 828 contusione
1009 766 1192 844 linguarum.
1219 763 1402 828 coalesceret

165 852 267 914 sr'liam
287 851 406 924 bobert,
425 857 452 912 ct
469 850 622 928 virtatem,
638 859 666 914 ct
680 857 766 930 pote·
805 849 886 911 enim
905 867 965 914 aon
981 851 1076 912 sclarn
1095 867 1132 911 ax
1147 847 1285 924 dirersis,
1304 867 1399 911 remor

164 943 269 1000 dolcat
285 951 373 998 sacra
388 934 492 998 acas
509 934 638 998 trudeat.
654 933 766 996 Perta·
806 933 898 996 etiam
912 953 947 995 ex
961 932 1177 1012 heterogeneis,
1189 941 1219 994 et
1237 933 1401 1013 planecon·

165 1019 224 1082 lem
235 1018 378 1080 unitatem
393 1026 474 1080 certe
491 1018 599 1082 veritas
611 1019 765 1081 doctrinae
806 1018 985 1080 tradictoriis
996 1017 1182 1092 veritatibus,
1196 1017 1274 1097 quod
1290 1027 1337 1078 est
1350 1018 1400 1079 ab·

164 1121 224 1166 aaa
243 1101 397 1183 probatur.
804 1103 940 1164 sardum.
961 1103 1095 1164 Ecclesia
1121 1109 1254 1182 tempore
1275 1101 1401 1182 Aposto-

205 1187 292 1266 Resp.
311 1183 355 1250 dd
385 1185 463 1248 banc
485 1185 685 1250 abiectionem
704 1187 764 1248 lol-
805 1187 901 1247 loram
932 1187 1110 1263 eoaqrulisset
1127 1203 1163 1246 ex
1183 1185 1352 1265 apostolis,
1374 1193 1401 1247 et
1462 1183 1463 1244 l

163 1269 283 1334 landam
300 1271 437 1332 nonnulli
455 1271 652 1351 respondent,
665 1271 765 1333 anila·
803 1289 840 1332 ex
854 1269 1019 1346 Nicolaitis,
1032 1268 1227 1344 simonianis,
1240 1267 1401 1332 Cerintlria-

164 1361 223 1418 tera
239 1354 307 1418 lldei
321 1373 379 1416 non
393 1371 458 1418 csse
476 1363 576 1416 actara
593 1355 760 1436 positivam,
808 1354 866 1431 nis,
884 1354 1045 1431 Ebionitis,
1061 1363 1119 1416 etc.
1145 1371 1221 1434 qaas
1244 1360 1344 1414 lamen
1366 1354 1399 1414 ab

165 1455 356 1520 quassatam
372 1437 480 1500 Christi
499 1437 660 1502 Ecclesiam
676 1457 761 1500 com·
804 1438 937 1500 Ecclesia
970 1438 1104 1519 Apostoli
1136 1437 1326 1517 repulerunt.
1360 1437 1399 1498 lta
1456 1430 1459 1445 '

163 1530 320 1599 monstret,
342 1522 395 1584 sed
411 1521 508 1584 solam
527 1532 626 1586 notam
645 1523 760 1600 aegali-
803 1541 922 1602 semper
944 1523 1091 1584 creditam
1118 1530 1187 1596 est,
1212 1521 1397 1598 haereticos,

162 1626 241 1684 vam,
255 1625 291 1670 cs
305 1605 390 1668 carias
404 1605 522 1668 delectu
534 1607 624 1669 salsae
638 1616 668 1668 et
685 1625 760 1687 spa·
801 1607 956 1670 veritatem
974 1625 993 1667 a
1011 1605 1072 1668 Deo
1100 1605 1284 1680 revelatam,
1310 1613 1340 1666 et
1365 1606 1398 1668 ab

162 1690 226 1753 riae
239 1690 389 1754 Ecclesiae
404 1691 628 1770 dignoscantur.
641 1689 697 1754 Sed
710 1691 760 1753 lali
803 1690 935 1752 Ecclesia
962 1690 1114 1752 delinitam
1142 1707 1203 1750 non
1225 1689 1397 1768 credentes,

162 1771 764 1839 distinctioaenotaanitatisvaldeobsca·
804 1783 833 1836 et
850 1775 1068 1849 schismaticos,
1086 1773 1217 1840 debitam
1236 1773 1398 1834 subiectio·
1433 1821 1436 1870 l

163 1868 258 1935 ratur,
282 1877 359 1940 quae
376 1866 455 1922 certa
479 1866 579 1920 notam
607 1859 759 1939 positivam
802 1875 870 1920 nem
891 1867 1085 1935 recusantes,
1103 1858 1138 1919 ad
1159 1849 1323 1918 Ecclesiam
1343 1875 1398 1917 noo

161 1944 327 2017 constituit,
337 1942 446 2005 camin
458 1959 525 2004 vera
534 1943 665 2006 Ecclesia
681 1945 762 2024 prin·
803 1943 964 2024 pertinere,
994 1951 1135 2022 utsupra
1154 1941 1312 2021 prabatam
1334 1941 1397 2003 fait.

67 2047 73 2060 ¹
161 2026 622 2107 cipiumauctoritatisoslendat,
638 2028 665 2087 vi
676 2029 761 2088 cuias
802 2028 937 2090 Calenam
958 2025 1071 2088 falsilas
1093 2024 1273 2087 obiectionis
1291 2025 1397 2085 clarius

161 2111 389 2172 unitasinlcraa
402 2120 432 2172 ct
448 2119 569 2172 externa
588 2111 761 2172 labefactari
802 2112 970 2192 apparebit,
993 2129 1060 2172 cam
1078 2109 1211 2171 interius
1229 2108 1397 2170 tolerantis·
1436 2150 1439 2159 ·

161 2211 315 2275 aanquava
335 2196 440 2276 possit.
460 2193 531 2256 'lale
557 2201 654 2256 autem
675 2195 758 2276 prin·
802 2213 870 2258 mus
892 2194 1109 2258 contutabitur.

164 2277 276 2358 cipiam
292 2278 479 2342 auctoritatis
491 2297 591 2359 aeque
606 2279 683 2360 apud
702 2277 760 2340 bla-
846 2279 911 2343 Oti.
929 2281 959 2340 3.
975 2278 1147 2360 Antiquitas
1162 2275 1244 2337 baud
1261 2276 1401 2338 credeba-
1432 2249 1433 2258 ἵ

163 2359 360 2436 humedanos,
395 2381 492 2442 aerque
518 2362 596 2442 apud
621 2363 759 2441 ludaeos,
801 2371 862 2438 lur,
882 2381 1081 2444 pererrorcm
1108 2361 1176 2422 fidei
1204 2362 1382 2422 contrariam

163 2463 261 2526 neque
290 2446 369 2527 apad
398 2444 569 2508 llaereticos
597 2447 759 2509 invenitor.
801 2456 853 2510 aut
871 2466 925 2527 per
944 2445 1138 2508 subiectionis
1156 2445 1305 2506 delectam
1330 2444 1395 2504 ani-

163 2529 279 2593 Falsum
292 2529 414 2610 proinde
427 2537 483 2605 est,
496 2530 761 2593 unitatemdoctri-
803 2540 891 2593 tatem
911 2531 1061 2594 Ecclesiae
1078 2525 1184 2591 scindi.
1204 2527 1277 2589 llam
1298 2528 1396 2589 Eccle·
1429 2584 1432 2610 2

163 2613 312 2696 naeapad
330 2615 411 2694 ipsos
426 2614 565 2690 inveniri;
582 2633 649 2677 cum
669 2616 762 2678 cxlvi·
801 2617 863 2678 siae
886 2615 1045 2689 Asiaticae,
1065 2614 1096 2676 in
1118 2612 1319 2674 celebratione
1340 2612 1395 2672 Pa-

164 2700 263 2760 storia'
275 2705 402 2774 constet,
424 2708 484 2760 lum
511 2700 588 2780 apud
607 2698 762 2762 Eabama·
801 2699 912 2762 acbatis
927 2700 964 2761 ab
975 2699 1101 2760 aliarum
1116 2697 1314 2759 Ecclesiarum
1328 2715 1395 2756 oon·

163 2781 268 2859 danos,
288 2780 760 2865 tumapadladncos,tomapad
800 2784 983 2860 suetudine,
1011 2792 1042 2845 et
1072 2801 1089 2844 a
1120 2781 1270 2843 sententia
1301 2779 1394 2860 Papae
1438 2779 1442 2793 “

164 2866 330 2930 haereticos
348 2867 491 2947 plurimas
500 2876 596 2928 sectas
608 2876 637 2928 et
649 2867 763 2930 dissen·
801 2869 965 2944 deviantes,
984 2886 1002 2928 a
1019 2865 1233 2928 communione
1253 2865 1392 2925 ecclesia·

163 2950 263 3012 sioncs
287 2952 363 3012 dari.
394 2950 428 3012 ln
447 2950 622 3032 Apocalypsi
642 2953 761 3031 praedi·
791 2953 876 3013 *stica
893 2959 1024 3013 semotae
1049 2969 1108 3011 non
1128 2957 1209 3010 sunt.
1228 2947 1324 3010 Etiam
1347 2965 1393 3008 re·
1431 2963 1447 3022 ς.

164 3033 253 3111 altar,
268 3043 431 3097 sectatores
444 3033 618 3096 antichristi
633 3053 763 3096 consen·
800 3037 850 3113 ‘gni
868 3034 1220 3109 millenariidelensores,
1232 3033 1392 3111 atl‘apt'ns,
1451 3092 1456 3117 ι

163 3135 327 3181 suroscsse
347 3119 379 3180 ia
404 3117 496 3198 impio
518 3119 642 3180 consilio
669 3119 762 3181 iaslos
801 3120 944 3196 locatitias,
975 3128 1031 3180 etc.
1067 3127 1100 3179 at
1128 3115 1394 3180 Catlrollciballiti
1431 3133 1433 3140 ·

164 3202 375 3282 persequendi,
391 3202 460 3264 iude
479 3210 577 3264 tamen
597 3202 762 3265 intercine-
801 3212 882 3266 sant.
901 3203 973 3266 Cam
993 3202 1024 3264 ia
1048 3201 1149 3264 Africa
1176 3200 1233 3261 sab
1251 3198 1393 3280 Cypriane
1436 3198 1458 3244 ‘l'

164 3285 244 3364 quit,
276 3303 327 3348 eos
357 3303 555 3350 consensuros
581 3304 654 3348 esse·
673 3287 762 3349 Anti·
803 3287 902 3367 plures
916 3287 1066 3349 Ecclesiae
1083 3283 1263 3366 baptismam
1278 3285 1315 3344 alr
1328 3284 1393 3344 lnc-

153 3367 275 3430 cbristo
296 3369 328 3431 in
345 3368 484 3432 omnibus
506 3371 659 3432 doctrinae
687 3372 761 3434 arli-
795 3371 902 3434 retias
920 3371 1058 3432 collatam
1078 3368 1239 3430 invalidam
1261 3384 1392 3448 pronun·

163 3452 250 3523 calist
265 3452 596 3535 contrariampotiasS.
610 3451 761 3536 Scriptura
803 3456 928 3530 tiarant,
941 3453 1066 3516 Rotnani
1084 3452 1242 3514 Pantilices
1261 3469 1293 3512 se
1312 3449 1392 3512 abil-
1464 3525 1465 3530 ἵ

155 3543 289 3604 ttestatur
305 3537 408 3600 diceas
421 3539 482 3619 (l):
498 3539 565 3602 aloa
579 3546 619 3600 cst
629 3556 693 3618 poc
707 3542 763 3602 im·
801 3540 896 3601 laravn
908 3538 1387 3614 communionenoascqregnrant.

158 3620 231 3701 piis.
801 3623 877 3703 Ergo
897 3633 968 3685 lunc
985 3622 1130 3684 creditam
1148 3629 1205 3696 est,
1221 3620 1312 3680 etiam
1331 3617 1388 3677 dis·

207 3703 272 3769 Odi.
299 3703 331 3766 2.
349 3702 503 3786 Reqaislla
522 3705 605 3768 inter·
617 3703 761 3768 Christis·
794 3696 963 3769 sentientes
984 3705 1015 3767 in
1032 3706 1103 3767 -aae
1123 3721 1214 3766 anam
1226 3703 1390 3764 Ecclesiam

155 3805 220 3851 aas
235 3788 335 3854 unitas
353 3789 469 3865 exurgit
493 3789 649 3852 arcadem
667 3791 700 3852 in
723 3811 761 3852 a·
801 3792 993 3854 constituere.

155 3883 235 3956 ¹aram
247 3872 395 3936 Cbristum
410 3872 480 3948 sado,
493 3882 522 3933 el
537 3874 679 3966 exaltatas
693 3875 760 3936 fidei
844 3877 928 3955 licsp.
950 3872 1082 3938 Ecclesia
1098 3869 1258 3951 semperia
1276 3870 1330 3930 hac
1342 3867 1393 3929 luit

154 3957 364 4036 professione.
389 3955 467 4020 Haec
491 3974 560 4018 vero
586 3959 684 4021 unitas
701 3977 761 4020 noa
802 3959 1006 4038 persuasione,
1023 3975 1041 4018 a
1059 3955 1270 4017 communione
1281 3973 1334 4014 saa
1348 3969 1394 4012 en·

164 4040 310 4102 scinditur
326 4059 360 4102 ev
376 4059 424 4114 eo,
444 4041 522 4120 qaod
542 4041 669 4121 quilibet
691 4061 761 4104 coe-
802 4043 881 4104 cludi
898 4042 1063 4104 haereticos
1080 4039 1239 4114 sarmatas,
1262 4037 1312 4118 qai
1329 4035 1394 4096 cul·

164 4130 212 4182 tas
230 4124 409 4185 christianus
429 4125 590 4204 peculiaria
616 4127 760 4203 quaedam
803 4126 940 4206 palriliter
957 4133 1059 4187 errant
1074 4125 1104 4184 in
1117 4124 1253 4201 dogmate
1271 4123 1328 4182 iam
1345 4120 1394 4179 ‹le-

165 4205 314 4283 dogmata,
327 4217 356 4267 ct
368 4207 502 4290 proprias
515 4208 625 4270 formas
640 4207 760 4272 babeat.
803 4210 898 4283 scarila,
919 4229 978 4272 non
1001 4217 1099 4270 autam
1120 4206 1287 4268 haereticos
1305 4213 1394 4264 mate·

196 4309 229 4368 a)
242 4312 270 4358 a.
283 4315 321 4370 rs,
335 4313 373 4358 aa.
801 4293 903 4372 rialcs,
928 4294 979 4378 qai
998 4291 1217 4374 inculpabiliter
1230 4291 1261 4350 ia
1276 4288 1331 4350 lide
1345 4302 1394 4350 er·

1461 4423 1465 4691 l
