2910 4732
186 183 227 246 et
583 194 768 245 rnuouocma
789 195 950 244 canemus

144 279 228 357 tacit,
246 278 298 341 sed
315 279 352 343 de
368 279 500 342 eiusdem
520 297 639 360 quoque
656 279 744 342 reati·
783 281 860 361 quit.
879 277 1009 360 Tempus
1023 276 1102 341 enim
1121 273 1227 340 seriem
1240 293 1389 340 momen·

143 371 204 425 tate
223 362 380 441 obiectiru,
401 383 454 426 seu
471 363 508 425 de
525 382 595 425 uera
610 363 662 427 Dei
678 364 742 425 exi·
782 373 880 426 torum
897 364 956 426 sibi
972 363 1196 426 succedentium
1215 361 1389 442 importet·,

143 448 252 510 stantia
271 446 343 510 certi
369 465 433 512 esse
456 447 611 510 debemus.
642 445 742 510 Sollda
781 466 923 510 numerus
933 445 1308 510 auteminbuitusomnino
1318 445 1388 507 im-

143 549 214 610 ergo
243 549 296 612 pro
313 531 367 594 Dei
388 530 544 594 existentia
568 541 741 609 argumenta
781 531 932 612 possibilis
944 539 1000 608 est;
1010 546 1078 593 nam
1091 531 1115 592 si
1126 529 1275 593 dividatur
1286 547 1388 609 quae-

118 648 121 688 p
143 615 313 692 atterenda,
332 623 362 676 et
379 624 483 677 contra
504 615 738 678 adversariorum
779 616 805 676 ri
822 622 918 698 potest
935 633 973 676 an
990 633 1018 676 e.
1040 633 1070 693 g.
1093 613 1218 676 dimidia
1236 631 1304 693 pars
1329 614 1388 674 in-

119 695 120 698 ’
143 698 324 762 obiectiones
338 699 515 760 vindicanda
528 707 609 760 sunt.
780 700 862 761 linita
880 699 930 780 sit,
944 717 999 761 nec
1015 697 1068 760 nei
1086 699 1110 760 si
1126 697 1254 779 primum
1267 703 1389 760 statue-

118 811 120 818 s
185 783 215 844 l.
236 782 428 846 Existentiam
443 783 587 845 Deibaud
607 782 739 866 peuoiin
778 789 871 860 retur,
886 785 962 846 duae
974 783 1068 846 series
1082 781 1216 844 infinitae
1228 781 1386 842 baberen-

117 935 119 946 Ι
142 863 740 948 'l'lieologiedogmaticaspecialiproban·
778 875 837 942 tur,
855 875 882 930 et
902 868 926 929 si
945 868 1108 930 secuudum
1127 865 1300 940 adstruitur,
1328 866 1385 926 di-

116 987 119 1015 t
142 949 210 1012 dum
221 959 387 1012 assumunt.
402 949 460 1012 Sed
475 953 680 1030 systematicus
694 971 740 1013 or·
778 950 905 1016 cendum
924 958 987 1028 est,
1006 971 1040 1013 ex
1062 949 1271 1012 coniunctione
1298 949 1387 1010 duo·

143 1033 179 1093 dc
192 1034 339 1114 postulat,
350 1044 383 1096 ut
394 1033 530 1114 probatio
544 1033 616 1095 baec
629 1035 687 1096 iam
707 1036 738 1098 iu
779 1053 845 1096 rum
864 1035 1016 1097 finitorum
1032 1035 1181 1097 inlinitum
1200 1053 1258 1095 non
1271 1051 1385 1094 exsur-

116 1149 118 1172 ι
142 1115 441 1196 Theologiagenerali
459 1116 649 1198 suscipietur.
666 1119 737 1180 Nam
777 1137 859 1197 gere,
879 1119 950 1200 quie
969 1123 1062 1181 totum
1076 1117 1211 1200 sequitur
1223 1135 1292 1179 suas
1305 1137 1385 1196 par·

114 1249 117 1262 ,
142 1201 208 1263 sine
228 1201 289 1263 Deo
303 1203 447 1263 existente
465 1219 520 1264 nec
538 1200 664 1280 Religio,
685 1223 739 1266 nec
779 1211 833 1265 tes.
855 1202 1023 1277 Praeterea,
1042 1203 1067 1264 si
1087 1219 1228 1264 numerus
1241 1210 1383 1281 praeter·

143 1283 303 1361 Revelatio,
315 1303 370 1347 nec
381 1285 515 1364 Regnum
527 1285 660 1348 divinum
677 1305 739 1349 mo·
778 1289 1157 1366 lapsorum-momentorum
1171 1285 1304 1347 infinitus
1317 1295 1381 1360 est,

115 1365 118 1372 ’
143 1369 204 1430 calc
222 1369 339 1449 concipi
359 1378 472 1450 potest.¹
778 1371 926 1452 quomodo
947 1390 1023 1433 nova
1052 1371 1194 1432 continuo
1223 1379 1408 1432 momenta.

183 1453 213 1513 d.
228 1451 328 1534 Neque
345 1471 597 1534 supervacaneum
614 1473 739 1517 censen·
777 1456 919 1518 accedere
937 1455 1083 1537 possunt?
1098 1455 1123 1516 si
1145 1471 1214 1515 vero
1241 1453 1384 1514 infrunitus

142 1535 210 1597 dum
231 1543 286 1612 est,
307 1538 392 1616 plura
419 1537 455 1598 ad
474 1538 660 1600 existentiam
684 1539 737 1601 llei
778 1557 836 1602 non
856 1548 912 1615 est,
931 1558 1000 1618 ergo
1017 1539 1134 1601 initium
1147 1536 1248 1601 habet.
1263 1536 1383 1598 Exin-*te

142 1618 321 1700 probandam
359 1629 532 1699 argumenta
568 1621 735 1686 adduxisse.
778 1631 869 1703 patet,
889 1623 970 1706 quod
988 1631 1065 1684 totus
1077 1639 1176 1684 rerum
1196 1622 1381 1698 contingen-

142 1703 171 1782 e)
189 1703 294 1780 Agitur
317 1706 398 1765 enim
429 1705 466 1766 de
488 1705 611 1767 veritate
629 1707 737 1768 summi
779 1708 851 1769 tium
877 1709 1061 1789 complexus,
1081 1707 1132 1787 qui
1155 1705 1375 1767 mundusrlici·

141 1787 295 1864 momenti‚
315 1788 352 1850 de
371 1807 429 1869 qua
449 1789 545 1869 quivis
561 1789 649 1852 bomo
664 1791 737 1852 inti·
778 1799 837 1867 tur,
856 1803 993 1860 aeternus
1011 1810 1069 1852 uon
1088 1791 1139 1867 sit,
1159 1790 1212 1852 sed
1230 1788 1381 1867 originem

141 1887 188 1931 me
202 1889 361 1952 persuasus
372 1873 410 1933 sit
425 1881 553 1954 oportet3
568 1873 668 1954 blnon
684 1893 738 1937 au·
778 1875 896 1937 habeat.

140 1962 199 2016 tem
214 1956 314 2018 omnia
327 1965 500 2040 argumenta
517 1957 676 2020 cuiuslibet
687 1961 738 2020 in·
818 1959 849 2020 2.
861 1959 943 2021 quta
953 1958 1151 2022 certissimum
1161 1955 1384 2036 rationisprin·

140 2039 210 2116 doli,
220 2048 249 2101 et
262 2041 737 2120 capecitutiaequeaccommoda·
777 2042 886 2124 cipium
907 2044 948 2105 nil
966 2045 998 2105 fit
1018 2043 1083 2104 sine
1099 2042 1215 2104 ratione
1227 2041 1384 2102 sufficien-

140 2132 169 2184 te
179 2133 260 2185 sunt.
276 2127 306 2205 c)
317 2125 358 2186 Ex
369 2126 460 2186 variis
475 2143 562 2206 porro
577 2144 737 2203 argumen-
777 2135 816 2188 te.
837 2125 962 2188 Mundus
980 2145 1061 2203 ergo,
1077 2126 1128 2207 qui
1147 2135 1229 2186 octus
1247 2133 1302 2200 est,
1322 2141 1382 2184 ra·

140 2207 318 2288 tis,·quibus
336 2209 414 2270 Deus
431 2210 560 2272 existens
582 2211 736 2291 probatur,
776 2211 887 2272 tionem
906 2211 1113 2286 sufficientem,
1130 2227 1183 2271 seu
1201 2226 1318 2270 causam
1331 2210 1382 2270 ef·

138 2291 221 2352 varia
240 2309 359 2373 quoque
377 2293 471 2372 ipsius
489 2293 632 2356 attributa
650 2295 737 2356 nobis
777 2294 924 2357 sicientem
939 2313 1010 2356 suae
1018 2294 1190 2356 existentiae
1203 2293 1312 2354 babere
1324 2293 1382 2353 de-

139 2374 326 2452 illucescunt,
343 2395 419 2456 quae
433 2386 543 2438 rectum
563 2376 616 2440 llei
634 2379 738 2456 ‘cogni-
769 2379 837 2440 bet.
858 2377 937 2441 Haec
948 2389 1046 2440 autem
1058 2379 1207 2440 sufficiens
1220 2377 1307 2452 ratio,
1320 2395 1379 2436 seu

133 2459 251 2521 tionem
274 2461 402 2522 maxime
422 2469 603 2540 promovent.
630 2463 662 2541 d)
676 2462 737 2524 Ne·
777 2464 907 2524 efficiens
925 2483 1014 2524 causa
1029 2482 1088 2524 non
1105 2461 1294 2523 inveniturin
1308 2462 1382 2540 ipso

139 2561 197 2623 que
208 2543 423 2605 invalescentes
435 2553 497 2605 tum
509 2546 659 2621 etbeismi,
673 2555 737 2608 tum
776 2549 900 2623 mundo,
920 2566 972 2609 seu
987 2547 1017 2607 in
1040 2546 1160 2608 entibus
1178 2545 1382 2622 contingenti-

66 2651 72 2662 ·
139 2627 736 2707 pantheismierroresullomodomeliuS,
778 2630 844 2708 bus,
866 2651 942 2712 quae
960 2631 1121 2711 semetipsa
1135 2631 1299 2710 producere
1314 2647 1379 2688 non

139 2729 228 2790 quam
241 2731 294 2792 per
312 2712 461 2773 solida——
471 2732 524 2794 pro
547 2713 601 2776 Ilei
618 2715 739 2775 realiter
776 2724 948 2797 potuerunt,
964 2715 1035 2795 quia
1053 2715 1126 2776 elias
1141 2713 1383 2776 debuissentud-

139 2803 169 2856 et
187 2797 384 2876 personaliter
401 2793 553 2862 existentis
567 2797 738 2860 ueritate—
778 2817 854 2875 esse,
867 2808 898 2860 ut
916 2799 1125 2880 producerent,
1139 2806 1168 2860 et
1180 2815 1239 2858 non
1251 2813 1327 2870 esse,
1342 2806 1379 2855 ut

138 2879 265 2942 adducta
297 2890 471 2958 argumenta
491 2882 677 2942 refelluntur.
707 2881 737 2960 e)
779 2885 1030 2963 producerentur3
1051 2899 1242 2963 nequecosus
1259 2879 1381 2942 admitti

138 2961 207 3025 Ideo
222 2963 253 3024 in
272 2963 336 3025 istis
355 2963 537 3042 argumentis
550 2965 738 3027 elaborandis
778 2975 885 3048 potest,
898 2985 1048 3048 perquem
1063 2965 1191 3027 mundus
1202 2963 1323 3026 fortuito
1340 2983 1382 3024 cx

138 3047 281 3109 Auctores
300 3049 463 3110 doctissimi
476 3049 677 3129 maximopere
691 3049 738 3111 in-
778 3052 871 3112 nibilo
884 3051 1025 3128 ortussit;
1039 3050 1195 3112 cumcuim
1212 3067 1297 3109 casus
1312 3065 1378 3106 non

137 3131 280 3192 sudarunt
299 3131 735 3213 e.g.llcint,llobmegr,lllee,
778 3136 816 3196 sit
834 3133 892 3196 nisi
919 3136 1037 3214 negatio
1062 3152 1186 3209 causae,
1207 3132 1273 3193 ideo
1299 3130 1380 3191 nibil

137 3210 431 3278 Staudenmaieretc.
778 3235 832 3298 per
852 3221 949 3300 ipsum
978 3217 1043 3279 sieri
1068 3225 1175 3298 potest.
1201 3215 1382 3277 Necessario

387 3341 417 3412 ᾗ
434 3345 488 3393 28.
751 3359 754 3375 ,
778 3321 846 3381 ergo
865 3302 1049 3364 admittenda
1061 3310 1105 3364 est
1122 3319 1223 3376 causo,
1240 3315 1317 3380 quae
1329 3317 1383 3358 ex-

778 3396 821 3447 tra
840 3387 919 3452 entia
939 3386 1163 3464 contingentia,
1182 3393 1212 3446 et
1237 3392 1305 3446 ante
1323 3382 1382 3444 illa

777 3471 885 3532 existit.
1291 3497 1293 3502 ·

181 3553 210 3611 l.
232 3551 300 3614 llari
321 3551 401 3613 entia
423 3551 568 3629 limitata,
589 3553 736 3634 tempori,
820 3555 850 3616 3.
864 3553 958 3617 Causa
967 3553 1106 3615 haecalia
1121 3571 1186 3616 esse
1198 3557 1380 3632 nonpotest,

137 3643 167 3696 et
181 3636 339 3697 mutationi
357 3636 499 3711 obnoxia,
521 3656 598 3718 quae
617 3638 738 3700 contin·
777 3635 1380 3719 quatnensase,seuaeternum.Sienim

137 3720 237 3796 gentia
255 3729 411 3797 uocantur,
431 3741 519 3783 nemo
542 3741 632 3783 sanae
651 3741 738 3784 men·
778 3731 931 3785 aeternum
943 3741 1003 3782 non
1011 3721 1163 3798 esset,sed
1171 3723 1208 3783 ab
1218 3722 1277 3781 alia
1287 3739 1382 3780 carisa

140 3803 177 3865 tis
189 3803 325 3865 dubitare
335 3813 441 3885 potest.
451 3804 582 3877 Quilibet
593 3807 673 3867 enirn
686 3825 739 3886 per
778 3807 967 3886 productum,
980 3805 1069 3881 buius
1080 3806 1155 3867 ratio
1168 3805 1317 3867 sufficiens
1332 3804 1383 3862 iu-

102 3961 104 3967 ,
137 3905 259 3950 sensum
277 3887 415 3950 intimum
435 3890 471 3966 de
494 3909 561 3965 sua,
581 3899 612 3962 ct
624 3908 677 3970 per
690 3899 738 3951 te·
777 3889 934 3969 quirenda,
951 3890 1019 3950 etin
1032 3890 1254 3950 lmcceusarurn
1272 3890 1380 3968 inqui·-

137 3973 276 4034 stimonia
289 3988 430 4034 sensuum
443 3974 480 4034 de
499 3975 626 4048 entium,
641 3993 657 4034 a
673 3973 739 4053 qui·
778 3973 886 4034 sitione
904 3973 1017 4034 tamdiu
1033 3973 1267 4034 continuandum
1284 3980 1380 4046 esset,

138 4056 194 4118 bus
206 4056 407 4118 circumdatur
419 4065 448 4118 et
462 4057 598 4132 allicitur,
613 4056 740 4118 existen·
778 4057 872 4118 donec
887 4059 923 4118 ad
940 4073 1059 4119 ccusam
1079 4057 1219 4139 primani,
1234 4056 1382 4136 indepen-

138 4140 190 4216 tia,
204 4141 393 4214 limitatione,
411 4148 440 4201 ct
459 4139 657 4207 mutabilitate
672 4159 739 4222 per·
778 4139 909 4216 dentem,
930 4151 1081 4203 aeternam
1111 4141 1319 4220 pervenietur,
1347 4140 1381 4202 in

137 4226 289 4288 suadetur.
314 4223 463 4303 Quidquid
486 4231 585 4284 autem
611 4225 738 4304 tempori
778 4243 837 4305 qua
855 4225 1049 4287 soluentium
1069 4224 1301 4303 contingentium
1326 4243 1382 4285 rn-

136 4310 304 4374 subiectum
325 4316 393 4384 est,
412 4313 566 4368 aeternum
594 4325 658 4370 esse
682 4327 737 4371 ne·
779 4310 820 4372 tio
840 4309 989 4372 sufficiens
1008 4309 1168 4370 inuenitur.
1182 4307 1283 4390 Neque
1297 4301 1399 4371 enim'

237 3448 250 3492 l.
266 3449 431 3504 Argumentum
446 3439 638 3508 cosmologicum.
