2962 4736
34 3801 55 3952 l

449 270 522 318 nans
537 258 579 317 ni.
600 270 701 317 sacrro
716 271 747 316 rr.
768 269 861 316 claun
878 271 919 316 rv.

56 345 125 411 ideo
141 343 288 410 omnibus
307 347 498 428 conspicuam
511 365 577 409 esse
593 366 666 430 pro·

58 433 206 496 bat—S.
220 433 407 513 hvvposuma
420 433 466 513 (l)
477 433 536 493 ait:
555 430 666 495 «Chri-

58 525 135 577 stum
150 536 216 578 non
227 518 365 591 vidimus,
382 517 458 578 hanc
475 515 665 597 (Ecclesiam)

57 601 213 673 videmus,
227 601 262 662 de
282 601 332 662 illo
348 601 514 662 credamus.
533 598 666 681 Apostoli

58 701 74 744 e
92 694 204 746 contra
220 685 303 746 illum
317 684 467 761 videbant,
480 685 515 745 de
534 683 590 745 ista
602 702 666 744 cre·

59 767 218 831 dobant...
245 768 388 830 Videmus
407 788 461 830 nos
487 767 663 844 Ecclesiam,

59 853 225 914 credamus
246 852 278 914 in
301 852 467 928 Christum,
494 871 582 933 quem
605 871 665 913 non

57 936 212 1014 videmus,
234 945 262 998 et
275 945 409 998 tenentes
421 937 498 1018 quod
519 937 665 1013 videtum,

59 1021 277 1100 perveniemus
291 1020 416 1097 adeum,
435 1038 521 1102 quem
534 1018 665 1081 nondum

57 1103 236 1165 videmus»
252 1103 331 1164 idem
343 1105 389 1184 (i)
398 1105 515 1166 scribit:
532 1123 546 1164 c
563 1103 666 1164 Nonne

59 1185 109 1248 ille
124 1189 208 1268 lapis
219 1187 365 1267 (Ecclesia
381 1187 501 1268 Christi)
519 1189 621 1263 crevit,
638 1195 667 1248 et

60 1269 160 1332 iactus
183 1281 230 1332 est
250 1291 334 1333 mons
353 1291 488 1350 magnus,
510 1280 539 1332 et
557 1272 665 1352 imple-

60 1353 100 1415 vit
115 1355 291 1417 universum
302 1357 403 1419 orbem
417 1355 580 1417 terrarum?
594 1374 667 1416 non·

60 1456 97 1502 ne
125 1439 231 1518 digito
251 1441 436 1502 ostendimus
461 1440 550 1501 istum
578 1458 666 1499 mon·

61 1522 183 1584 terni...
218 1543 317 1585 nonrre
343 1523 450 1588 Christi
479 1523 612 1585 Ecclesia
631 1541 665 1583 a·

61 1607 333 1685 pertacst‘lnonne
347 1607 667 1685 obtinuitomnesgen-

66 1690 126 1750 tesi
151 1725 187 1736 -
206 1691 281 1753 Ecce
300 1692 414 1768 civitas,
427 1692 463 1753 de
481 1711 539 1772 qua
554 1691 664 1752 dictnm

67 1782 121 1833 est:
143 1776 217 1838 Non
229 1783 319 1854 potest
338 1777 441 1839 ciuitas
458 1775 594 1838 abscondi
610 1793 665 1836 arr-

62 1873 118 1934 pro
130 1867 261 1920 maritam
274 1862 379 1940 posito,
391 1869 431 1921 et:
443 1861 500 1922 crit
514 1860 547 1921 io
565 1860 666 1921 cocis-

65 1942 149 2004 simis
170 1944 284 2026 diehoa,
305 1944 404 2022 inquit
422 1943 525 2019 isaias,
541 1960 666 2022 proepo-

64 2034 149 2087 rctus
167 2043 255 2090 mona
275 2029 378 2090 demtis
396 2028 519 2090 Domini
535 2028 665 2108 mulcife-

65 2116 137 2182 atus‚
152 2119 278 2190 paratus
288 2113 321 2172 in
336 2113 487 2174 cacumine
504 2112 662 2174 montium.

67 2188 140 2261 Quid
159 2204 220 2254 tam
238 2196 439 2270 manifestum,
455 2214 542 2276 quarn
565 2195 666 2256 mons‘l

66 2307 103 2319 -
122 2274 181 2339 Sed
197 2287 265 2339 sunt
283 2288 312 2340 ct
331 2287 445 2340 montes
463 2279 575 2356 ignoti,
596 2279 665 2359 quia

66 2355 95 2417 in
115 2380 177 2422 una
204 2371 346 2423 terrarum
378 2371 460 2444 parte
485 2363 574 2445 positi
597 2372 665 2424 sunt

29 2451 39 2470 ·
68 2442 247 2521 (haeretici,
266 2443 435 2508 Donatistae
454 2446 527 2527 etc.)
533 2491 596 2508 .....
615 2443 665 2508 ille

68 2536 166 2590 autem
185 2549 271 2592 mous
292 2550 349 2591 non
362 2529 443 2591 sic.'..
458 2549 542 2591 mons
557 2539 600 2592 est
612 2550 664 2590 su-

67 2627 120 2687 per
137 2614 302 2690 cacuminav
316 2615 493 2676 montium.»
507 2613 575 2675 Ideo
589 2614 666 2676 inse·

67 2693 129 2756 rius
152 2693 255 2757 contra
283 2697 462 2772 Donatistas‚
483 2699 535 2778 qui
560 2698 664 2760 Eccle-

68 2775 128 2840 siae
148 2779 347 2843 visibilitatem
363 2791 519 2859 negarunt,
539 2790 571 2842 ut
589 2784 666 2843 athr-

69 2877 151 2924 mare
182 2876 313 2946 possent,
344 2885 376 2926 se
408 2865 548 2926 invisibili
577 2867 664 2928 modo

68 2943 181 3028 ubique
207 2949 343 3011 dilatatos
370 2969 446 3026 csse,
476 2959 505 3010 et
522 2951 590 3011 iure
612 2969 664 3011 ca-

69 3027 194 3093 tholicos
212 3033 282 3109 dici,
303 3034 419 3111 egregie
439 3032 520 3094 dicit:
540 3053 555 3093 c
572 3033 602 3094 ln
618 3043 664 3094 te-

69 3113 170 3177 nebris
189 3117 367 3194 ambulant,
396 3126 424 3178 et
443 3116 579 3179 nesciunt
606 3137 664 3198 quo

70 3208 157 3277 eunt,
179 3201 248 3279 quia
278 3200 417 3262 tenebrae
436 3211 665 3263 excaecaverunt

69 3283 171 3344 oculos
190 3303 306 3362 corurn3
328 3293 457 3346 montem
478 3285 589 3365 (versvm
607 3287 665 3348 Ec·

69 3363 203 3445 clesiam)
233 3387 291 3428 nou
314 3369 425 3446 vident;
446 3387 504 3430 non
536 3371 663 3446 mireris3

68 3449 170 3511 oculos
198 3470 256 3512 non
290 3452 419 3514 habent:
454 3453 534 3514 unde
563 3454 665 3514 oculos

69 3546 126 3591 nou
146 3533 271 3596 bahent?
286 3536 354 3616 quin
371 3537 510 3597 tenebrae
529 3556 667 3598 excaeca-

68 3626 174 3678 verunt
191 3637 252 3679 eos.
272 3637 287 3679 a
308 3654 349 3664 —
362 3619 485 3681 Demurn
502 3620 533 3684 S.
557 3622 664 3701 Grcpo·

71 3700 135 3762 riva
147 3703 190 3765 M.
204 3703 308 3782 (3)ait:
325 3723 339 3763 c
356 3701 457 3774 Quina
470 3703 556 3766 bonis
569 3707 666 3766 rrrarlis-

57 3797 127 3859 *que
147 3785 221 3846 lraec
237 3788 293 3847 vita
317 3789 516 3849 communiter
534 3789 662 3866 docitur,

58 3881 148 3928 ‚nunc
176 3869 308 3931 Ecclesia
337 3890 369 3932 er
390 3882 585 3952 utrorumque
606 3893 663 3934 nu·

72 3965 151 4012 mero
171 3953 326 4015 visibiliter
345 3965 548 4034 congregatur.
572 3976 587 4016 n
609 3990 650 4000 —

109 4034 139 4096 2.
161 4035 228 4118 lpsa
252 4037 402 4100 Ecclesiae
418 4040 596 4100 christianae
615 4041 663 4100 hi-

73 4118 159 4179 storia
175 4121 306 4182 eiusdcm
320 4123 498 4184 visibilitatis
512 4123 594 4184 testis
606 4133 661 4186 est.

70 4198 94 4260 h
114 4203 227 4266 Christo
243 4206 321 4266 enirn
336 4209 475 4288 usquead
491 4226 543 4268 nos
559 4207 663 4270 Eccle-

99 4331 128 4404 tl)
139 4337 217 4382 serm..
225 4337 272 4395 tit,
282 4349 307 4384 n.
316 4339 339 4386 5.
398 4340 429 4404 (2)
440 4340 498 4390 'inl
512 4343 537 4388 lu
548 4341 590 4404 Ep.
599 4343 666 4391 loun.

97 4398 128 4453 tat
139 4397 165 4442 t..
174 4395 200 4440 51
215 4397 271 4444 tter.
286 4410 309 4444 n.
322 4399 357 4445 28.

1198 257 1259 320 463

705 345 766 407 siae
777 347 847 422 sata,
861 345 1092 426 persecutiones,
1102 346 1298 427 incramenta,

706 438 735 490 et
745 431 931 506 decrementa
944 439 1001 492 etc.
1015 441 1202 493 enarrantur.
1216 433 1301 498 Anne

706 513 855 576 societatis
873 513 1030 575 invisibilis
1052 523 1081 576 et
1099 516 1231 578 occultae
1251 518 1301 578 hi-

705 599 797 659 storia
816 598 858 658 sic
881 598 1009 660 describi
1029 599 1140 679 potest?
1155 633 1193 646 -
1208 601 1301 664 —In

706 683 786 743 omni
800 701 917 763 quoque
934 690 1065 763 tempore
1081 683 1181 744 tideles
1195 701 1302 761 cogno·

705 776 810 827 verunt
821 785 890 828 suos
903 777 1045 847 pastores,
1059 774 1087 828 et
1106 774 1237 848 pastores
1252 787 1302 830 co·

706 858 870 926 gnoverunt
888 869 957 911 suos
979 851 1130 926 subditos,
1153 869 1227 930 quos
1245 851 1300 914 do·
1325 842 1336 879 ³

707 943 851 1010 cuerunt,
871 932 981 1014 quibus
998 932 1186 996 Sacramenta
1203 933 1301 996 admi·
1326 948 1332 1012 g

708 1017 881 1093 nistrarnnt,
901 1018 979 1095 leges
1004 1018 1227 1100 promulgarunt
1241 1028 1298 1081 etc.
1326 1067 1330 1081 2

707 1100 784 1162 Haec
801 1110 898 1162 aulem
917 1103 1028 1178 ovnnia,
1050 1121 1115 1164 cum
1132 1102 1251 1164 nonnisi
1270 1103 1302 1164 in
1325 1129 1328 1144 ¹

708 1185 1299 1268 Ecclesiavisibilicontingerepotuerint,
1325 1177 1330 1242 ἶ

708 1278 879 1350 perpetuam
893 1277 922 1330 et
939 1270 1135 1332 universalem
1146 1271 1182 1331 de
1200 1271 1301 1334 Eccle-

707 1354 768 1414 siae
781 1353 951 1416 visibilitate
961 1356 1182 1437 persuasionem
1202 1364 1301 1417 osten·
1324 1375 1327 1386 ·

707 1437 790 1498 dunt.
1324 1511 1328 1520 ,

750 1521 779 1582 3.
800 1519 1001 1583 Protestantes
1016 1520 1145 1603 practice
1159 1521 1299 1584 Ecclesiis
1325 1547 1327 1568 2

707 1605 768 1667 suis
790 1605 989 1667 visibilitatem
1009 1606 1198 1678 adscribunt,
1230 1607 1299 1687 quia

706 1689 867 1750 earundem
884 1708 1002 1770 quoque
1026 1690 1101 1765 sata,
1117 1690 1298 1752 incrementa

707 1782 736 1834 et
746 1773 932 1846 decrementa
945 1781 1001 1834 etc.
1013 1773 1196 1835 describunt.
1205 1774 1299 1836 Theo-

706 1857 798 1918 cetice
813 1856 949 1937 equidem
966 1857 1002 1918 de
1014 1857 1297 1919 Ecclesiacvisibili·

708 1947 766 2001 tate
788 1939 1058 2002 inconstantissimo
1076 1943 1250 2022 loquuntur,
1271 1949 1299 2004 et

707 2043 918 2105 nonnunquam
935 2025 1219 2087 Ecclesiae-nomine
1233 2044 1298 2086 coe·

708 2117 768 2168 tum
784 2109 944 2170 electorum
959 2109 1138 2186 intelligunt,
1152 2109 1203 2190 qui
1218 2129 1298 2190 proc·

707 2211 757 2253 sus
776 2202 819 2254 est
834 2192 1002 2271 invisibilis3
1022 2211 1110 2274 saepe
1129 2201 1239 2271 tamen,
1255 2193 1297 2255 rei

707 2276 853 2338 evidentia
878 2277 983 2354 coacti,
1010 2276 1172 2338 Ecclesiam
1198 2277 1298 2340 visibi-

708 2361 763 2420 lem
775 2361 1238 2441 admiserunt,quamEcclesiam
1250 2382 1298 2425 vo·

708 2452 839 2509 catorum
853 2445 1018 2506 nominant.
1035 2443 1123 2506 Plura
1135 2465 1236 2514 eorum
1252 2455 1299 2508 te-

706 2528 844 2589 stimonia
875 2530 1007 2591 referunt
1036 2530 1156 2592 doctiss.
1193 2531 1298 2591 iratres

704 2610 935 2690 Wavllenburgici
948 2614 1006 2693 (l).
1021 2611 1068 2675 Sic
1086 2615 1232 2676 consessio
1247 2611 1298 2673 Sa·

706 2696 810 2756 ironica
829 2696 876 2774 (5)
899 2697 950 2756 ait:
974 2717 989 2758 c
1009 2696 1072 2757 Non
1089 2697 1226 2772 igiturde
1241 2696 1298 2758 Ec·

706 2779 796 2839 clesia
810 2787 947 2858 tanquam
961 2779 998 2840 de
1014 2780 1081 2841 idea
1095 2780 1246 2841 Platonica
1257 2780 1297 2842 lo·

706 2863 837 2944 quimur,
848 2863 899 2924 sed
914 2863 1074 2924 Ecclesiam
1087 2872 1297 2939 monstramus,

706 2967 781 3027 quae
791 2946 933 3028 conspici,
948 2955 977 3008 et
988 2947 1117 3020 exaudiri
1128 2955 1301 3026 potest.»-

708 3031 741 3092 Et
767 3030 876 3093 nobilis
904 3032 981 3092 iuter
1008 3030 1192 3100 Lutheranos
1219 3029 1296 3091 Phil.

705 3113 890 3176 ltelanchton
907 3115 937 3175 in
957 3114 1029 3175 locis
1044 3114 1300 3176 cornmunihusde

707 3198 839 3261 Ecclesia
857 3199 909 3260 ait:
921 3196 1187 3278 (Quotiescunque
1198 3198 1234 3260 de
1248 3198 1302 3260 Ec·

706 3283 795 3344 clesia
813 3284 988 3361 cogitamus,
1000 3283 1169 3342 intueamur
1183 3292 1300 3344 coetum

705 3377 887 3440 vocatorum,
908 3366 958 3447 qui
981 3375 1025 3427 est
1043 3365 1174 3427 Ecclesia
1195 3367 1300 3429 visibi-

707 3451 755 3526 lis,
774 3469 828 3512 nec
844 3451 914 3512 alibi
932 3452 1041 3512 electos
1066 3451 1142 3512 ullos
1165 3469 1230 3513 esse
1249 3470 1300 3512 so-

708 3536 867 3612 mniamus,
887 3534 944 3596 nisi
962 3535 993 3596 in
1012 3533 1068 3596 hoc
1085 3535 1149 3616 ipso
1164 3544 1250 3599 coetu
1260 3535 1302 3596 vi·

707 3617 833 3681 sibili.)
1111 3633 1135 3650 ”

992 3766 1068 3816 2„-

833 3857 868 3906 lv.
883 3859 916 3906 lix
931 3763 1023 3908 chilone
1038 3861 1178 3918 theologica.
1207 3845 1209 3849 ’
1280 3827 1284 3860 ¹.

747 3953 878 4018 Christus
902 3955 932 4016 in
963 3959 1105 4018 mundum
1137 3953 1238 4030 venit,
1266 3960 1300 4016 ut

706 4058 809 4101 omnes
829 4040 1146 4114 horninesredimeret,
1159 4048 1188 4100 et
1204 4039 1301 4099 omni-

706 4123 762 4184 hus
779 4125 881 4186 salutis
896 4125 1007 4186 aditum
1028 4123 1153 4202 aperiret
1178 4123 1237 4201 (o).
1264 4121 1301 4184 Ut

705 4217 802 4269 autem
834 4209 967 4270 homines
994 4217 1143 4268 aeternam
1174 4209 1299 4269 salutem

734 4339 763 4402 (tt
780 4343 804 4389 l..
823 4342 830 4387 Ι
849 4343 878 4388 de
893 4341 951 4387 uult.
967 4340 1028 4386 Eccl.
1045 4353 1066 4386 c.
1082 4341 1104 4386 ὅ.
1164 4337 1193 4397 lbi
1207 4341 1252 4387 act.
1265 4341 1309 4387 12,

733 4404 765 4456 to)
782 4404 815 4449 lo.
828 4403 850 4461 5,
865 4400 901 4447 td.
918 4401 980 4446 riom.
996 4402 1018 4458 8,
1034 4400 1071 4446 52.
1086 4403 1095 4447 t
1110 4399 1168 4447 Tim.
1184 4400 1207 4458 2,
1219 4399 1242 4445 t.
