2910 4732
202 213 244 280 ’30
600 225 784 276 xaaonoerxa
805 219 966 271 cummis

155 283 223 400 agit.
239 313 269 376 in
289 297 490 391 intellectum,
508 321 538 376 et
565 313 758 386 voluntatem,
811 303 815 312 ’
989 297 1215 358 AWCUWSM·

158 415 228 542 erqo
241 404 308 459 actu
320 401 463 496 existere,
471 417 524 460 seu
537 415 590 460 ens
601 396 680 458 reale
696 400 760 490 esse
790 403 794 466 t,
1045 413 1084 484 q,
1101 419 1154 468 η,

158 480 195 542 de
217 487 311 543 et.-
325 482 516 559 Cognoscitur
541 498 608 560 ergo
625 498 643 541 a
660 477 758 554 nobxs,
964 532 988 578 A·
1003 533 1108 579 cmm
1122 524 1242 576 mm

158 571 190 626 et
207 571 275 625 actn
293 565 392 626 existit
409 565 499 626 Deus.
1224 607 1226 611 -

135 675 139 708 ι
200 647 229 708 3.
242 645 343 728 Neque
355 648 465 729 opponi
480 655 590 731 potest,
605 663 659 706 nos
671 661 759 726 saepe
840 637 864 703 l.
890 641 1037 707 Atheismi
1058 641 1150 704 notio.
1168 637 1255 700 Athei
1272 655 1405 716 genera-

157 729 327 793 desiderare
338 731 429 808 hona,
446 750 522 814 quae
538 749 597 791 non
616 728 757 804 existunt,
799 723 852 785 tim
873 733 1014 787 vocantur
1034 725 1078 786 illi
1102 742 1217 799 omncs,
1235 723 1289 803 qui
1305 721 1405 783 lteram

155 813 199 874 uti
212 831 240 875 e.
252 833 280 892 g.
296 833 400 876 avarus
412 815 469 876 sihi
483 822 757 888 montemaureum,
798 808 843 868 vel
862 807 1016 888 ignorant,
1035 809 1080 870 vel
1099 815 1219 886 negant:
1239 806 1283 868 illi
1306 822 1405 887 nepo-

155 897 207 977 qui
226 916 286 959 non
305 899 422 974 existit,
453 897 621 959 desiderare
648 903 755 976 potest.
797 893 867 969 tini,
888 893 936 955 isti
960 893 1081 974 positivi
1108 891 1257 954 dicuntur.
1277 889 1404 953 Positivi

153 978 290 1060 Magnum
308 982 388 1044 enim
407 967 569 1043 discrimem
587 967 755 1056 intercessu
797 975 895 1038 vocari
914 977 1011 1038 solent
1028 976 1191 1051 theoretici,
1205 975 1254 1056 qui
1274 976 1404 1056 exprin-

154 1082 224 1125 nam
243 1065 310 1126 idea
332 1066 441 1126 montis
465 1065 548 1126 aurei
567 1063 759 1147 componitur
797 1059 1015 1140 cipiisrationis
1027 1058 1084 1122 sibi
1096 1059 1402 1141 persuadereeonan-

154 1148 272 1210 exideis
283 1149 465 1211 obiectorum
477 1147 754 1224 actnexistentium‚
796 1150 855 1220 tur,
867 1143 961 1205 Deum
978 1163 1038 1206 non
1051 1142 1188 1220 existere,
1206 1145 1332 1224 sceptici,
1346 1147 1403 1228 qui

153 1231 295 1300 nimirum
314 1233 438 1308 montis,
463 1241 492 1294 et
514 1233 592 1293 auri.
613 1230 670 1294 Sed
688 1231 756 1293 idea
795 1228 838 1288 uti
852 1227 888 1288 de
904 1227 981 1304 aliis,
998 1229 1039 1290 ita
1053 1229 1141 1289 etiam
1158 1226 1402 1292 deDeiexisten-

153 1316 230 1376 entis
245 1315 366 1393 infiniti,
379 1315 493 1378 aeterni
511 1326 569 1378 ete.
583 1325 688 1378 extota
703 1334 756 1376 na·
795 1311 836 1372 tia
854 1310 1003 1388 dubitant,
1022 1321 1052 1374 et
1066 1311 1202 1392 practici,
1223 1313 1274 1392 qui
1294 1313 1336 1376 ita
1349 1315 1400 1376 ri-

153 1407 220 1462 tum
243 1399 356 1468 hauriri
378 1419 438 1466 non
460 1408 567 1484 potest.
593 1399 669 1478 ll'rgo
695 1399 754 1461 iam
795 1404 854 1456 tam
872 1415 956 1458 suam
971 1403 1088 1474 gerunt,
1105 1395 1175 1456 acsi
1189 1395 1267 1458 Dens
1286 1416 1345 1459 non
1361 1418 1399 1460 e-

152 1501 205 1544 ens
218 1483 380 1562 inlinitum,
399 1492 431 1544 et
447 1492 601 1548 aeternnm
614 1483 753 1558 existere,
793 1478 927 1542 xisteret.
939 1514 982 1525 —
1001 1479 1171 1541 theoretici
1189 1479 1297 1542 iterum
1317 1481 1400 1543 divi·

153 1573 182 1627 et
196 1566 227 1627 in
238 1585 292 1628 nos
306 1586 393 1648 agere
409 1567 510 1650 dehet,
522 1577 555 1630 ut
567 1567 605 1632 de
622 1567 673 1629 illo
688 1567 755 1628 idea
793 1562 904 1625 duntur
918 1564 950 1624 in
967 1565 1248 1644 cenomannicos,
1265 1583 1316 1630 seu
1328 1567 1399 1648 ple-

153 1647 321 1712 haheaturn
793 1648 878 1724 lemos,
899 1647 951 1728 qui
970 1665 1058 1709 coeco
1078 1647 1263 1712 solummodo
1281 1649 1398 1734 impetu

193 1732 224 1812 a)
237 1733 316 1796 Deus
328 1752 398 1813 ergo
414 1733 504 1800 nobis
515 1734 574 1796 iam
588 1754 683 1818 perse
695 1754 753 1796 no·
791 1730 884 1792 Deum
904 1749 964 1793 non
982 1733 1107 1794 existere
1123 1731 1235 1809 dicunt,
1250 1741 1280 1793 et
1297 1733 1327 1794 in
1342 1752 1396 1814 sp-

152 1825 200 1876 tus
218 1825 280 1892 est,
299 1837 359 1879 non
381 1819 422 1879 ita
444 1817 565 1900 quidem
590 1839 624 1881 ac
642 1821 666 1882 si
689 1819 753 1881 eius
791 1817 965 1892 stomaticos,
981 1835 1033 1877 seu
1044 1815 1268 1896 philosophicos,
1278 1816 1329 1898 qui
1345 1837 1397 1880 ex·

152 1899 228 1962 Esse
247 1901 419 1963 obsidatum¹
434 1903 581 1984 perlecto,
601 1911 635 1965 et’
648 1903 752 1964 intime
791 1900 917 1978 cogitato
927 1907 1084 1982 systemate
1096 1899 1207 1960 entium
1220 1901 1396 1980 contingen-

151 1985 404 2066 comprehendere
423 1986 588 2068 possimus,
608 1987 663 2052 sed
681 1987 752 2068 quia
792 1983 864 2044 tium
880 1983 1064 2046 existentiam
1083 1982 1148 2045 sine
1161 1983 1222 2047 Deo
1240 1985 1395 2050 declarare

150 2066 214 2148 ipse
232 2087 266 2130 se
282 2069 368 2131 nohis
387 2069 557 2134 immediate
575 2089 755 2152 repraesen-¹
790 2067 983 2128 contendunt.
1059 2120 1062 2127 .
1290 2081 1297 2088 ·’

151 2160 193 2213 tat
208 2169 262 2214 ceu
279 2151 394 2216 Veritas
409 2153 517 2235 prima,
532 2173 587 2216 ceu
605 2153 751 2218 Sanctitas
830 2152 918 2215 Noto.
935 2151 998 2214 Non
1017 2149 1076 2214 iam
1088 2151 1125 2214 de
1141 2149 1284 2214 atheismo
1299 2171 1394 2234 nega-

150 2253 299 2315 suprema,
329 2246 359 2298 et
380 2257 435 2304 cen
453 2257 601 2300 summum
625 2239 748 2301 bonum.
790 2233 860 2311 tivo,
878 2235 929 2296 sed
945 2235 981 2296 de
1001 2236 1139 2320 positivo,
1156 2255 1252 2318 neque
1266 2236 1303 2297 de
1316 2255 1393 2320 pra-

150 2317 182 2398 b)
195 2319 280 2382 Ratio
293 2331 490 2402 nostra‚quae
504 2322 666 2403 semperad
681 2342 751 2384 cau·
789 2319 876 2396 otico,
897 2319 947 2382 sed
969 2320 1005 2382 de
1026 2320 1199 2398 theoretico,
1217 2329 1306 2402 atque
1323 2340 1390 2384 sce·

149 2420 211 2463 sam
228 2405 367 2486 primam,
381 2415 410 2467 et
423 2407 512 2469 linem
531 2405 668 2470 ultimum
681 2425 751 2490 pro·
789 2403 867 2484 pti‘co
886 2403 934 2464 hic
953 2403 1040 2466 nohis
1057 2422 1155 2466 sermo
1174 2411 1229 2466 est.

149 2487 299 2565 graditur,
324 2496 357 2550 ut
373 2489 526 2570 quiescere
546 2491 651 2576 possit,
671 2501 700 2553 et
718 2491 748 2552 in
829 2485 865 2548 11.
886 2487 1008 2550 Iasonio
1025 2486 1170 2548 Atheismi
1188 2489 1342 2552 theoretici
1357 2509 1394 2554 ex

149 2571 288 2633 omnihus
300 2573 336 2633 ad
353 2574 496 2635 unitatem
513 2573 619 2650 tendit,
630 2575 661 2635 in
676 2594 749 2655 qna·
788 2588 823 2631 eo
848 2581 992 2653 apparet„
1008 2571 1078 2654 quia
1108 2572 1189 2632 nullo
1215 2585 1393 2650 argumento

148 2654 222 2716 libet
241 2655 435 2737 inquisitione
462 2657 502 2720 ad.
517 2657 594 2719 idem
614 2676 668 2720 ens
685 2659 748 2740 pri·
787 2645 911 2734 probari
924 2663 1038 2737 potest,
1061 2673 1120 2716 non
1139 2655 1263 2718 existere
1281 2655 1390 2721 Deum.

149 2756 244 2814 mum,
261 2748 290 2801 et
304 2739 471 2803 ahsolutum
485 2741 628 2823 pervenit,
643 2741 675 2803 in
690 2762 748 2823 quo
787 2738 819 2799 ld
837 2739 917 2800 enim
931 2738 1049 2818 probari
1064 2758 1122 2801 non
1139 2748 1234 2820 potest
1251 2760 1269 2801 a
1282 2742 1392 2821 priori,

149 2822 283 2885 omnium
298 2841 399 2885 rernm
414 2826 749 2902 contingentiumetor-
788 2822 859 2902 quia
882 2823 958 2884 nihil
980 2822 1041 2886 Deo
1064 2822 1146 2904 prius
1170 2823 1259 2885 statui
1280 2835 1391 2904 potest,

149 2904 227 2968 dinis
242 2907 433 2988 pulcherrimi
451 2908 482 2969 in
501 2909 612 2970 mundo
627 2909 747 2991 conspi-
786 2903 841 2982 nec
859 2925 877 2967 a
895 2907 1065 2989 posteriori,
1086 2907 1156 2989 quin
1177 2907 1273 2970 omnis
1291 2911 1393 2991 potius

148 2990 208 3064 cui,
234 3009 269 3052 ac
291 2991 533 3071 perfectissimam
563 2993 746 3054 harmoniam
784 2989 908 3052 'effectus
927 3009 1047 3052 causam
1066 2991 1217 3071 supponit:
1241 3011 1338 3072 neque
1355 2994 1390 3057 in

147 3073 292 3148 veritatis,
311 3074 486 3153 sanctitatis,
501 3075 687 3138 etielicitatis
701 3077 746 3138 vi·
787 3072 851 3156 ipso
866 3083 1011 3156 conceptu
1021 3073 1074 3136 Ilei
1083 3075 1276 3137 contradictio
1288 3087 1392 3140 osten-

147 3155 208 3218 det.
234 3157 263 3236 c)
281 3156 372 3220 Nemo
389 3177 457 3237 ergo
479 3157 572 3220 Deum
598 3160 746 3241 inculpate
786 3157 815 3217 di
831 3167 939 3238 potest,
953 3158 1023 3239 quia
1041 3159 1174 3220 infinitae
1192 3159 1390 3242 perfectiones

148 3239 287 3318 ignorare
299 3250 406 3321 potest,
418 3241 503 3304 cuius
518 3243 701 3305 existentiam
715 3265 747 3306 a·
786 3259 804 3302 a
821 3241 907 3304 nobis
932 3243 1063 3324 periente
1087 3243 1302 3322 comprehendi
1326 3264 1390 3308 non

33 3400 39 3408 ι
146 3341 287 3401 gnoscere
305 3325 481 3402 dehet,sive
502 3327 583 3389 entia
601 3335 682 3389 extra
700 3347 744 3406 se,
786 3333 920 3406 possunt.
938 3325 1253 3388 -Insaniamantem
1271 3327 1391 3390 Atheis-

147 3405 207 3467 sire
221 3408 351 3488 seipsum
368 3409 545 3472 consideret.
561 3410 683 3488 Egregie
698 3412 745 3472 id·
787 3409 827 3469 mi
844 3409 959 3489 sceptici
970 3409 1129 3472 ostendunt
1145 3419 1317 3489 argumenta
1333 3431 1389 3493 pro

146 3508 215 3551 eos.
225 3490 405 3568 Augustinus
421 3493 503 3554 dicit:
519 3492 622 3556 «Deus
636 3495 746 3578 ubique
784 3491 838 3553 Dei
856 3493 1012 3556 existentia
1030 3495 1129 3555 allata.
1148 3491 1249 3574 Neque
1261 3496 1390 3557 certitu-

146 3582 290 3650 seeretus,
307 3575 417 3656 ubique
430 3575 566 3656 publicus
584 3585 641 3654 est,
657 3569 744 3660 quem
785 3575 848 3638 dini
870 3578 972 3654 officit,
991 3577 1069 3658 quod
1094 3577 1158 3639 sere
1177 3578 1277 3639 omnia
1294 3597 1389 3656 argu-

146 3657 222 3722 nulli
241 3658 330 3733 licet,
356 3668 389 3720 ut
411 3666 466 3734 est,
492 3677 691 3740 cognoscere,
716 3672 746 3726 et
786 3669 884 3722 menta
899 3660 938 3722 ab
951 3680 1023 3737 nno,
1039 3660 1084 3722 vel
1099 3661 1192 3722 altero
1206 3659 1388 3744 Philosoplxo

147 3759 328 3820 quemnemo
339 3742 743 3828 permittiturignorare(l).›
784 3744 956 3826 impugnata
989 3744 1111 3806 luerint.
1141 3744 1278 3826 Plerique
1305 3748 1387 3808 enim

146 3825 231 3903 -d)
249 3824 323 3887 Hinc
341 3835 432 3907 patet,
456 3845 600 3907 quaenam
621 3848 745 3892 censura
784 3846 844 3890 non
863 3829 900 3889 de
925 3827 990 3908 ipsa
1015 3828 1152 3905 veritate,
1171 3829 1223 3890 sed
1241 3829 1277 3892 de
1295 3848 1388 3908 argu·

146 3907 267 3970 terenda
284 3909 322 3970 sit
336 3911 371 3970 de
385 3910 550 3986 Atheismo‚
566 3913 616 3993 qui
630 3915 743 3976 nullom
784 3919 950 3973 mentorum
966 3911 1108 3994 pondere,
1126 3911 1220 3975 uelde
1237 3911 1323 3975 modo
1336 3915 1389 3976 illa

145 3989 239 4052 Deum
258 3994 412 4070 agnoscit,
441 4001 471 4055 et
487 3995 523 4056 de
541 3995 741 4078 Pantheismo,
784 3994 971 4076 proponendi
990 3994 1152 4076 disputant,
1169 4003 1199 4057 et
1213 4015 1265 4077 pro
1283 3996 1338 4058 Dei
1355 4017 1389 4060 e-

141 4075 197 4153 .qui
215 4077 315 4138 omnia
331 4077 424 4140 Deum
443 4096 508 4142 esse
523 4079 624 4144 dicit..
662 4123 669 4130 -
706 4115 742 4137 -r
782 4078 921 4140 sistentia
935 4077 1026 4140 unitis
1039 4078 1163 4150 viribus,
1178 4081 1248 4141 licet
1260 4099 1320 4142 non
1335 4080 1392 4142 iis„

619 4153 623 4163 ’
735 4192 746 4204 ν
783 4163 849 4223 dem
869 4161 960 4223 armis
977 4169 1120 4242 pugnant.
1143 4161 1244 4243 Neque
1263 4165 1387 4244 praedi-

782 4254 835 4314 cta,
845 4245 989 4307 dissensio
1005 4263 1040 4305 ex
1059 4255 1313 4322 argumentorum,
1332 4249 1386 4310 sed

172 4347 446 4412 qqmmpgn,
521 4395 538 4418 A,
602 4411 604 4418 Ι
638 4413 640 4416 ¹
781 4327 1385 4408 potiusexhominumvitiooririsolet.
