2930 4736
391 225 466 271 rnns
487 225 530 270 ιιι.
556 223 657 270 sscrm
678 223 712 269 ιι.
735 223 829 270 curm
852 225 897 272 ιιι.
1151 209 1214 271 ιιδ

18 309 95 363 runt.
111 297 156 363 De
173 300 218 364 bis
232 301 291 364 iam
309 303 443 386 loquitur
457 302 617 380 Eusebius,
657 301 785 382 primatu
802 319 836 362 ac
847 300 978 362 sessione
989 301 1069 363 Petri
1079 301 1157 365 dicta
1171 315 1253 382 suut,

19 385 67 466 qui
84 384 158 448 citat
172 387 290 463 Cclttm,
305 395 334 448 et
353 385 436 449 addit
455 388 515 468 (l):
534 406 550 449 ι
566 385 619 448 Pe·
657 385 792 466 sequitur
818 386 1007 446 corollarium
1040 387 1253 466 certissimum,

20 469 53 530 tri
76 469 223 552 Paulique
242 470 366 532 nomine
384 470 527 550 insignita
549 487 617 532 mo·
658 467 791 530 Romano
808 467 945 530 Pontifici
975 469 1133 550 primatum
1163 471 1255 534 iuris-

19 563 171 632 uameata,
190 571 268 636 quae
282 555 314 616 in
326 553 409 616 urbis
428 553 539 616 Romae
551 571 618 616 coe·
658 551 796 614 dictionis
826 551 856 614 ιιι
890 552 1056 614 universam
1075 554 1255 618 Ecclesiam

21 637 152 698 meteriis
182 638 346 700 etiamnum
376 637 523 700 visuntur.
546 655 562 698 ι
582 637 618 699 Et
658 636 723 698 iure
740 635 840 698 divino
857 645 1037 717 competere.
1057 635 1130 699 Nam
1272 687 1276 693 .

20 719 47 782 S.
63 721 263 802 Hieronymus
279 721 340 802 (E),
357 729 514 803 postquam
529 721 618 782 buius
701 721 731 783 ι.
754 719 797 782 Ex
819 718 925 790 Christi
933 719 1257 802 ordinationepotestes

21 803 267 867 crucifixionoma
285 807 383 886 capite
401 806 517 867 inverso
537 814 618 866 retu·
658 801 867 884 Apostolorum
886 803 990 867 debuit
1008 806 1134 867 transire
1147 805 1257 870 insuc-

21 886 67 960 tit,
96 888 216 951 subdit:
242 887 420 971 «Sepultus
444 887 557 951 Romee
585 886 616 950 in
658 888 1257 973 cessores,utsacrumimperiumsemper

21 968 155 1034 Vaticano
170 971 251 1035 iuxta
262 973 340 1035 riam
354 972 564 1053 triumphalem
576 980 619 1033 to-
659 971 800 1051 perduret
827 973 886 1052 (3).
913 972 990 1050 Ergo
1017 973 1107 1034 etiam
1125 982 1257 1054 potestas

21 1053 73 1116 tius
92 1055 176 1118 urbis
190 1057 384 1122 veneratione
403 1057 615 1119 celebratur.»
658 1055 839 1116 eminentior
866 1055 958 1134 Petri,
986 1074 1037 1118 seu
1057 1057 1202 1138 primatus
1221 1074 1263 1124 ex·

657 1136 763 1200 Christi
782 1139 971 1201 ordinatione
999 1140 1101 1202 debuit
1130 1144 1257 1208 transire

192 1198 374 1302 ‚Amans
392 1197 424 1247 ⁷·
658 1221 688 1282 in
707 1221 787 1284 Petri
804 1238 1019 1287 successorem.
1036 1221 1092 1286 Sed
1107 1223 1264 1290 iuxtaue-⁴

110 1288 144 1336 ⁰²
159 1289 264 1338 ⁹²¹m³¹¹¹
279 1291 378 1338 ⁸⁰⁰¹⁸¹¹¹
393 1290 520 1340 ⁹⁰²²⁵⁰⁰¹²
659 1305 783 1367 turalem
814 1307 1012 1368 successionis
1037 1308 1130 1386 legem
1153 1309 1185 1370 ιιι
1205 1331 1258 1373 so·

172 1449 175 1462 ,
256 1377 374 1446 Μ’·
465 1429 471 1439 ·
658 1389 766 1451 cietate
793 1389 879 1467 legali
906 1390 947 1452 ibi
975 1409 1129 1452 successor
1152 1393 1257 1472 quaeri

59 1470 141 1536 Licet
153 1473 233 1535 inter
241 1475 428 1537 Acatlrolicos
443 1493 502 1536 uon
516 1475 615 1556 pauci,
659 1473 759 1551 debet,
780 1474 830 1535 ubi
853 1482 1024 1536 antecessor
1038 1475 1167 1536 moriens
1185 1481 1262 1553 gra-l

25 1566 258 1635 argumentorum
278 1560 411 1639 pondere
421 1559 490 1621 uicti
503 1560 617 1639 prima·
658 1556 727 1618 dum
740 1577 826 1618 suum
843 1556 966 1619 dimisit.
979 1559 1066 1639 Atqui
1083 1559 1186 1620 Petrus
1197 1557 1263 1624 ιιο-’

28 1650 81 1702 tum
100 1641 190 1704 Petro
206 1659 379 1704 concessum
399 1642 547 1706 aCbristo
565 1644 619 1705 ad·
659 1659 737 1702 raam
751 1642 841 1716 uenit,
854 1639 956 1722 ibique
970 1642 1178 1724 Episcopatnm
1191 1663 1261 1722 ges·

24 1725 145 1802 mittant,
166 1741 271 1787 omnes
286 1734 386 1788 tamen
405 1727 435 1788 io
455 1745 492 1788 eo
511 1745 619 1789 conre-
658 1725 709 1802 sit,
735 1733 764 1786 et
793 1726 939 1803 regendae
964 1725 1074 1787 ibidem
1104 1727 1260 1794 Ecclesiae

26 1809 115 1886 uiunt,
134 1818 170 1872 ut
189 1819 310 1888 negent,
325 1811 483 1891 primatum
504 1810 618 1874 adbri-
659 1808 838 1870 immortuus
856 1817 901 1870 est
924 1808 983 1889 (ι).
1003 1809 1079 1887 Ergo
1098 1809 1149 1890 qui
1166 1810 1236 1872 Petr
1258 1829 1264 1843 ·

26 1905 64 1954 sto
77 1894 246 1956 institutum
266 1894 297 1955 iu
321 1893 463 1956 Rornaois
491 1893 617 1956 Pontid·
660 1902 776 1954 mortuo
794 1892 824 1953 ιιι
840 1893 942 1954 eedem
963 1893 1200 1969 cathedrale.
1223 1894 1255 1956 in

27 1976 101 2039 cibus
119 1978 264 2039 continuo
288 1977 460 2059 perdurare.
482 1977 525 2039 Αιι
537 1978 617 2040 bunc
658 1975 791 2038 Ecclesia
809 1975 943 2038 Romana
961 1987 993 2038 ut
1007 1976 1170 2058 Episcopus
1188 1997 1255 2038 suc-

26 2058 236 2123 Catbolicorum
256 2060 421 2124 doctrinam
440 2063 619 2143 impugnan·
658 2060 747 2136 cedit,
770 2071 815 2122 est
834 2060 982 2139 legitimus
997 2059 1075 2123 Petri
1088 2079 1252 2140 successor,

28 2142 87 2204 dam
103 2143 233 2222 Graeci,
257 2145 479 2222 protestantes,
505 2145 616 2224 bussi,
658 2145 688 2206 in
707 2163 796 2224 quem
812 2145 993 2206 eminentior
1015 2152 1144 2225 potestas
1160 2143 1252 2224 Petri,

27 2226 174 2306 tngticani
199 2238 256 2290 etc.
283 2248 389 2291 neruos
418 2246 521 2292 omnes
543 2249 617 2292 ιιιιι-Ι
658 2246 710 2299 seu
723 2228 868 2310 primatus
881 2228 945 2290 iure
961 2229 1060 2290 divino
1074 2229 1178 2290 transit
1192 2230 1252 2311 (5).

29 2313 192 2390 tenderunt,
212 2323 301 2394 atque
320 2313 515 2376 contendunt.
532 2313 618 2376 Eius·
698 2311 729 2373 E.
749 2311 935 2387 Primatusa
958 2311 1072 2374 Christo
1102 2313 1256 2376 institutus

28 2397 97 2458 modi
107 2397 186 2459 enim
200 2397 330 2479 primatu
348 2399 440 2460 semel
454 2398 616 2460 constituto
657 2394 725 2472 tuit,
747 2403 780 2457 ut
794 2393 846 2458 SS.
874 2395 977 2458 Patres
1006 2397 1114 2477 passim
1138 2397 1254 2475 dicunt,

27 2489 115 2542 actum
139 2481 283 2563 planede
308 2482 396 2544 sectis
415 2481 566 2558 omnibuS,
587 2491 617 2544 et
657 2479 692 2539 ad
715 2479 859 2542 unitatem
882 2479 1033 2542 Ecclesiae
1062 2482 1252 2544 servandam.

27 2565 235 2628 conclamatum
264 2574 319 2628 est.
341 2565 475 2648 Aequum
492 2565 617 2648 proinde
656 2560 803 2624 Primatas
821 2569 891 2641 ergo
903 2583 961 2626 non
976 2564 1176 2627 constituebat
1187 2583 1256 2646 per·

26 2656 75 2723 est,
91 2659 123 2711 ut
137 2659 169 2712 et
187 2668 241 2710 nos
260 2649 338 2712 uires
353 2659 469 2712 nostras
491 2649 528 2711 ad
547 2669 615 2712 eum
656 2647 758 2710 sonate
771 2647 849 2708 Petri
862 2648 1060 2728 privilegium,
1081 2649 1132 2710 sed
1150 2649 1255 2710 eratin

28 2733 265 2812 propugnandum
291 2733 390 2809 omni,
411 2753 470 2814 qua
492 2743 614 2814 parest,
659 2729 769 2791 bouum
790 2749 824 2791 ec
850 2741 962 2791 rectum
993 2733 1126 2810 regimen
1150 2732 1255 2793 Eccle-

28 2817 115 2878 studio
132 2817 334 2880 conseramus.
358 2817 428 2880 ldeo
452 2825 554 2878 contra
580 2837 615 2878 o-
657 2813 718 2875 siae
728 2814 891 2890 institutam
903 2833 975 2893 ergo
985 2834 1042 2876 non
1060 2825 1174 2896 poterat
1187 2833 1257 2877 cum

28 2901 96 2961 mnis
115 2901 235 2978 generis
262 2901 447 2964 aduersarios
475 2899 614 2978 dicimus,
657 2897 744 2959 Petro
763 2897 895 2974 interire,
920 2899 972 2960 sed
991 2898 1095 2960 debuit
1112 2909 1255 2978 perpetuo

27 2981 94 3044 sicut
117 2985 253 3061 Petrum,
272 2985 313 3046 ιιι
335 2986 425 3048 etiam
448 2983 614 3046 Romanum
659 2982 688 3042 in
707 2983 838 3044 Ecclesia
867 2982 1039 3061 perdurare,
1069 2982 1142 3062 qnia
1165 2981 1255 3044 etiam

25 3061 191 3130 Pontificem
207 3069 289 3129 omni
307 3077 442 3151 tempore
457 3087 493 3129 ex
517 3069 616 3130 divina
658 3065 789 3128 Ecclesia
804 3085 839 3126 ex
856 3065 962 3127 Clrristi
978 3065 1166 3127 ordinatione
1185 3084 1254 3146 per·

27 3151 206 3214 ordinatione
237 3153 397 3232 primatum
425 3172 485 3214 non
519 3152 615 3213 solnm
660 3161 749 3229 petuo
766 3150 939 3232 perdurare,
957 3156 987 3211 et
1015 3167 1133 3230 semper
1153 3149 1255 3210 unita·

27 3229 153 3312 honoris,
173 3237 218 3298 vel
237 3236 434 3313 auctoritatis,
455 3236 505 3298 sed
525 3235 614 3298 etiam
659 3245 716 3295 tem
737 3253 854 3295 servare
869 3233 970 3295 debet.
988 3267 1031 3279 -—
1047 3233 1110 3295 lmo
1130 3241 1196 3314 post
1213 3233 1255 3294 A·

27 3313 234 3382 iurisdictiouis
260 3320 291 3381 in
313 3322 480 3382 uniuersam
510 3321 615 3383 Eccle·
657 3319 844 3398 postolorum
873 3327 1007 3398 temporo
1036 3317 1130 3378 multo
1164 3317 1257 3397 magis

29 3399 93 3462 riam
114 3412 227 3467 tenere.
250 3403 281 3466 ld
303 3412 401 3466 autem
424 3405 566 3484 probatur
584 3407 613 3467 ι.
657 3403 825 3464 necessaria
842 3401 899 3464 luit
916 3400 1092 3484 primatialis
1112 3409 1254 3482 potestas,

28 3501 58 3544 er
73 3487 122 3562 iis,
139 3505 213 3568 prece
235 3487 271 3551 tle
293 3489 381 3551 Petro
402 3489 541 3552 boctemtc
564 3489 615 3552 dc-
658 3495 690 3548 ut
707 3487 815 3562 unitas,
836 3505 924 3566 quaem
947 3485 1083 3548 Christus
1107 3485 1137 3546 in
1156 3487 1257 3548 omni-

27 3581 184 3636 monstroto
201 3581 283 3650 sant,
302 3572 333 3634 E.
354 3591 390 3634 ex
412 3573 465 3636 SS.
490 3573 617 3636 Petrum
658 3571 714 3632 ltus
732 3571 836 3644 votuit,
856 3578 1094 3632 conservaretur:
1122 3569 1257 3652 Apostoli

27 3666 172 3733 cccccccccc,
193 3658 223 3719 3.
244 3675 283 3721 ec
310 3657 457 3720 Ecclesiae
477 3666 618 3736 perpetuo
658 3656 737 3717 enim
757 3652 869 3735 Spiritu
891 3651 922 3715 S.
944 3654 1049 3734 repleti
1076 3653 1105 3716 in
1129 3655 1186 3717 dde
1211 3673 1258 3716 er-

25 3742 218 3817 persooslone,
237 3749 263 3804 ct
276 3742 383 3823 procl,
396 3760 431 3804 ac
448 3741 568 3804 demum
584 3742 614 3804 d.
658 3758 737 3814 rare,
765 3747 816 3798 aut
844 3738 958 3799 diuersa
977 3740 1177 3818 evangelizare
1196 3756 1255 3798 nou

27 3833 60 3880 ce
74 3825 218 3889 consciliis.
659 3830 807 3904 poterant:
826 3821 966 3904 Episcopi
985 3833 1098 3899 autem,
1121 3821 1256 3899 singilla-

660 3907 710 3968 tim
731 3906 834 3983 sumti,
866 3915 947 3968 tanta
976 3905 1176 3988 praerogativa
1196 3922 1256 3964 non

253 3967 284 4040 ς·
307 3975 384 4026 ²⁰⁴·
658 3990 800 4068 gaudeam
820 3999 909 4071 atquc
927 3989 994 4052 ideo
1009 3991 1160 4063 aberrare,
1178 3995 1208 4049 et
1226 3987 1258 4048 in

116 4067 134 4115 ¹·
148 4066 181 4116 ⁸¹
195 4068 264 4116 ΜΗ·
278 4069 308 4118 ‘¹0
324 4072 391 4120 retro
407 4073 518 4134 probunt.
659 4076 744 4136 devia
769 4075 919 4137 declinare
942 4083 1076 4156 possunt.
1097 4070 1168 4143 Quis
1186 4089 1256 4150 ergo

64 4158 104 4222 En
115 4162 163 4240 iis,
177 4184 254 4244 qrrne
272 4164 302 4227 in
316 4163 560 4246 praecedentibus
573 4182 619 4224 ar·
659 4158 749 4236 dicet,
766 4156 915 4222 Christum
938 4159 1017 4219 inter
1032 4157 1189 4238 Apostolos
1207 4156 1256 4217 iu-

30 4239 120 4305 ticutis
134 4242 170 4310 de
187 4249 339 4313 Ecclesiae
361 4257 506 4334 potestate
530 4257 561 4312 et
581 4249 618 4312 de
676 4283 724 4351 p„
740 4297 765 4342 ,n
781 4297 849 4343 m,
862 4242 944 4352 sopp,
959 4293 1041 4339 metm.
1056 4294 1081 4340 ,n
1097 4292 1169 4338 „stol

28 4351 161 4430 ¹dtur.
176 4359 192 4406 ι.
207 4360 230 4420 2,
245 4371 267 4407 e.
282 4359 319 4408 ιι
545 4429 556 4437 ..
689 4357 856 4417 (sternar.
884 4352 1052 4415 cupersan.
1081 4333 1316 4412 (spernam
