2930 4736
210 181 272 245 396
548 235 552 242 .
606 201 791 252 manaurae
810 198 973 252 amaneum

167 279 221 356 rit,
238 288 382 360 quantum
400 301 433 346 se
445 282 596 348 Romanae
613 283 701 348 Urbis
712 284 773 348 An·
811 285 922 348 delium
938 293 966 348 el
983 284 1137 366 magistra.
1156 277 1322 347 Concilium
1341 281 1414 346 Flo·

168 363 254 424 tistes
282 367 466 430 auctoritatis
490 369 643 450 privilegio
662 387 697 432 ex
716 388 771 450 pe·
811 367 1226 433 rantlnnmconsentientihus
1244 365 1368 430 Graecis
1383 369 1412 428 in
1454 428 1455 452 ,

169 446 302 510 tentibus
319 449 510 534 respondisse
532 448 683 532 gaudebit.
704 454 767 518 rs.
811 453 985 515 detinitione
1011 452 1079 514 tidei
1105 453 1273 532 protltetur,
1303 452 1412 513 liumu-
1454 465 1455 494 ³

167 531 343 596 Bernartius
371 536 417 616 (1)
440 537 477 598 ad
509 536 715 600 innocentium
745 536 771 600 ii
810 555 885 600 nram
901 538 1073 618 Pontificem
1078 582 1141 598 .....
1162 535 1298 597 omnium
1317 535 1411 598 Cari·

168 614 278 695 inquit:
300 636 316 679 s
339 618 466 698 Dignum
486 621 631 696 arbitror,
650 620 692 682 ibi
712 639 769 702 po·
808 621 976 684 stionoruru
994 630 1110 702 patrem
1133 627 1158 682 et
1177 620 1326 682 doctorem
1343 620 1412 682 eni·

168 697 315 762 tissimum
335 705 471 765 resarciri
491 703 600 767 damna
618 703 699 782 uoci,
716 705 768 768 ubi
807 715 892 769 nere.

167 800 228 844 non
253 786 347 865 possit
375 785 447 850 fides
477 789 586 850 sentire
605 789 765 851 deiectum.
851 790 881 852 3.
901 787 1036 866 Magnum
1052 802 1104 868 pre
1120 783 1409 847 infallibilitateiio·

167 864 246 928 Haeo
263 867 384 950 quidem
399 880 445 933 est
460 871 548 933 huius
565 874 767 955 praerogativa
808 875 888 934 mani
908 872 1060 934 Pontiticis
1079 879 1285 949 argumentum
1307 887 1349 932 sa·
1360 871 1408 933 ni-

167 949 257 1012 sedis.
287 951 339 1015 Cui
368 953 448 1017 enirn
477 955 636 1037 aliquando
655 957 765 1018 dictum
806 960 901 1021 storia
919 957 978 1037 peti
998 963 1105 1037 potest.
1123 954 1200 1016 ilaec
1218 954 1299 1015 enim
1319 964 1409 1015 testa·

167 1041 228 1095 est:
258 1037 322 1116 Epo
336 1055 393 1117 pro
416 1047 442 1101 te
468 1041 585 1120 reponi,
613 1043 710 1118 Patre,
733 1051 767 1105 nt
808 1052 867 1118 tor,
889 1040 1107 1103 controversias
1121 1038 1198 1099 eirca
1209 1035 1297 1098 iridem
1318 1057 1407 1099 exor-

167 1133 229 1179 nan
244 1121 359 1200 deficiat
373 1123 445 1202 fides
460 1124 529 1186 tuat
547 1157 563 1171 ·
579 1125 667 1204 Ergo,
687 1126 766 1206 quod
807 1134 851 1187 tas
862 1126 963 1187 sivein
975 1122 1106 1200 Oriente,
1122 1121 1227 1183 sivein
1244 1119 1407 1184 Occidente

167 1202 303 1282 sequitur
314 1225 331 1266 a
343 1205 423 1268 Petri
438 1225 610 1270 successore
625 1209 764 1286 exigitur:
807 1210 842 1271 ad
861 1209 1028 1272 Romanum
1044 1207 1215 1269 Pontificem
1228 1205 1343 1267 delatas
1358 1225 1407 1267 es·
1456 1200 1457 1286 l

165 1286 207 1348 Et
224 1294 257 1349 tu
275 1289 435 1369 aliquanda
449 1309 605 1355 corruersus
622 1294 767 1372 confirmo
806 1312 850 1370 se,
870 1295 948 1354 bunc
971 1311 1039 1354 vero
1067 1291 1260 1354 orthodoxam
1291 1289 1407 1351 doctri·

165 1370 276 1450 fratres
293 1381 368 1436 tuos.
385 1394 400 1435 ›
419 1409 461 1421 -
478 1375 604 1438 Eosdem
624 1376 661 1440 de
680 1379 767 1438 iniui-
805 1398 874 1439 nam
886 1377 1068 1458 exposuisse,
1084 1383 1114 1437 et
1126 1375 1197 1464 quid
1208 1374 1403 1451 credendum,

165 1453 241 1515 libili
266 1457 381 1521 romani
412 1457 564 1522 Pontiticis
591 1461 765 1523 auctoritato
805 1463 1011 1542 agendumque
1028 1462 1078 1535 sit,
1106 1459 1257 1534 statuisse3
1279 1458 1403 1539 Episco-

166 1556 272 1600 sensus
302 1541 431 1621 produnt
464 1545 607 1608 Concilio.
633 1545 666 1606 ln
685 1546 765 1607 Actis
806 1565 859 1627 pos
876 1564 943 1608 reru
959 1545 1052 1626 ipsius
1070 1543 1236 1604 decisiones
1252 1541 1405 1620 dogmati·

166 1618 288 1691 Consilii
302 1625 544 1696 Gbulcealousnsis
555 1629 692 1709 Episcopi
706 1629 765 1695 coi·
805 1647 854 1691 cas
881 1647 999 1692 summa
1027 1628 1191 1690 reverentia
1219 1626 1402 1706 suscepisse,

167 1703 236 1766 lecti
254 1709 453 1788 profitentur:
479 1713 624 1776 Habemus
640 1715 765 1776 Petrum
797 1717 893 1795 {atque
922 1725 955 1775 ut
976 1714 1107 1792 reguiam
1135 1710 1202 1772 tidei
1233 1711 1401 1788 agnovisse,
1457 1739 1458 1742 ¹

166 1797 282 1868 petram
300 1793 423 1874 asnapii,
454 1806 480 1858 et
509 1797 566 1877 ipsi
586 1799 653 1873 soli,
672 1799 765 1862 libera
805 1817 859 1860 nec
875 1799 968 1858 ulium
984 1797 1150 1877 exemplum
1166 1795 1400 1874 ostendipotest,

164 1881 311 1953 potestate,
333 1879 392 1940 loco
405 1880 457 1942 Dei
469 1881 506 1942 sit
518 1883 566 1943 ius
575 1881 765 1944 discernendi
804 1883 884 1961 quod
901 1881 1053 1943 Romanus
1064 1879 1197 1941 Pontifex
1210 1895 1246 1939 ex
1259 1877 1402 1939 catiredra

164 1961 323 2023 secundnm
338 1962 536 2026 clucesaDeo
549 1966 605 2027 sibi
624 1967 719 2038 dates,
737 1974 764 2029 et
804 1966 928 2046 loquens
957 1967 987 2027 in
1009 1967 1066 2026 tide
1088 1962 1239 2024 erraverit.
1268 1961 1402 2025 Clemens
1458 1972 1459 2032 l

165 2045 266 2106 omnnia
282 2046 318 2110 ub
334 2062 367 2108 ea
387 2048 507 2127 definito
524 2059 682 2111 teneantur
698 2058 765 2112 ton·
801 2051 886 2112 Rom.
906 2047 1029 2111 dissidia
1048 2047 1180 2112 Corinthi
1206 2055 1293 2108 enata
1312 2047 1403 2107 seda-

165 2143 253 2204 auom
276 2145 295 2190 o
328 2131 444 2193 Vinaria
472 2134 621 2210 apostolici
648 2134 760 2195 tironi.
802 2133 854 2195 vit:
874 2135 905 2198 S.
925 2135 1067 2197 Anicetus
1077 2141 1106 2194 et
1128 2132 1226 2194 Victor
1240 2138 1344 2192 eontra
1359 2131 1401 2192 E-

165 2209 329 2275 Concilium
357 2215 575 2279 Tarraconense
598 2235 676 2278 anno
700 2219 762 2280 rus
803 2218 938 2300 piscopos
956 2215 1044 2279 Asiae
1060 2225 1177 2296 tempus
1195 2233 1248 2295 pro
1264 2214 1401 2276 celebra-

163 2291 194 2353 in
211 2293 352 2378 Hispania
371 2299 552 2362 celebratum
568 2301 604 2362 ad
617 2300 759 2363 Hilarium
802 2303 882 2364 tione
909 2301 1060 2363 Paschatis
1083 2300 1341 2361 determinarunt:
1365 2298 1396 2362 S.

163 2374 200 2438 ii.
222 2377 255 2440 P.
275 2381 561 2464 scribitzddsidem
577 2386 763 2449 recurrimus
799 2386 964 2466 Stephanus
997 2393 1099 2447 contra
1134 2382 1312 2464 Cyprianum
1343 2381 1400 2444 ba·
1459 2358 1460 2446 i

164 2477 215 2524 are
237 2466 391 2544 apostolico
421 2467 594 2545 marlotum,
623 2470 694 2532 inde
714 2488 761 2532 νο-
801 2472 909 2551 piisrna
938 2469 1156 2531 naereticorum
1184 2467 1315 2527 validum
1343 2466 1400 2528 de-

163 2563 270 2626 sponsa
288 2558 481 2628 procurantes,
500 2555 580 2616 trude
596 2553 641 2616 nil
659 2571 762 2616 errore
800 2555 932 2616 claravit:
949 2555 982 2619 S.
998 2554 1174 2619 Melcbindes
1189 2550 1358 2612 Donatistae
1368 2551 1399 2611 in

164 2663 180 2675 -
199 2631 246 2694 nii
258 2635 508 2714 praesumptione,
527 2638 576 2699 sed
598 2639 761 2718 pontificali
799 2637 897 2700 Africa
910 2639 1069 2718 repressit:
1084 2637 1115 2700 S.
1133 2636 1279 2714 Sploestrr
1293 2635 1397 2694 Arium

163 2723 256 2778 tatum
278 2718 485 2782 deliberatione
506 2722 698 2802 praecipitur.
725 2721 756 2786 C.
799 2722 960 2784 damnauit.
981 2721 1052 2784 Cum
1066 2737 1134 2781 uero
1147 2718 1285 2801 Episcopi
1301 2716 1398 2778 ariani

166 2800 323 2864 CPtanurn
347 2803 396 2866 nt
418 2804 448 2864 in
466 2804 598 2884 Epistula
620 2807 759 2886 synodica
798 2806 872 2867 laisa
884 2808 1021 2886 dogmata
1031 2812 1214 2886 spargerent,
1227 2800 1296 2864 etS.
1309 2803 1399 2863 Atha-

164 2883 199 2944 ad
215 2885 397 2962 Agathonenr
417 2887 504 2949 dicit:
529 2890 607 2964 Tibi,
624 2891 695 2969 quid
711 2909 758 2972 pe·
801 2889 917 2951 nasium
932 2892 1128 2970 deponerent,
1144 2888 1176 2952 S.
1197 2887 1296 2950 Irtlius
1314 2887 1351 2946 ad
1370 2887 1397 2946 i·

161 2970 289 3031 ncudum
302 2973 353 3048 sit,
367 2972 563 3051 relinquimus
577 3007 590 3018 ·
603 2975 697 3036 stanti
711 2993 761 3036 su·
799 2993 868 3054 psos
876 2975 1013 3055 scripsit:
1030 2994 1045 3035 a
1060 2975 1105 3035 An
1116 2973 1208 3050 ignari
1221 2971 1307 3046 estis,
1321 2970 1398 3031 hanc

160 3069 215 3130 per
224 3055 343 3132 firmam
354 3057 424 3136 fidei
433 3065 563 3137 petrum:
573 3064 599 3119 et
611 3058 678 3119 dein
691 3058 758 3120 lau·
799 3059 1046 3120 consuetudinem
1058 3077 1134 3132 esse,
1150 3064 1182 3117 ut
1195 3055 1325 3136 primum
1340 3073 1398 3114 no·

163 3136 235 3199 dunt
266 3139 379 3203 litteras
396 3158 414 3202 a
432 3142 469 3205 R.
498 3139 641 3222 Pontinas
662 3142 757 3219 dotas,
799 3142 846 3203 bis
861 3143 1020 3219 scribatur,
1040 3151 1072 3203 ot
1088 3141 1168 3216 binc,
1186 3139 1264 3220 quod
1284 3139 1397 3199 iustum

162 3233 247 3298 quos,
266 3224 369 3300 aiunt,
384 3232 418 3286 ut
435 3241 453 3284 o
477 3241 591 3286 summo
608 3225 760 3304 Apostolo-
799 3236 855 3303 esi,
869 3223 984 3287 definiri
997 3225 1136 3308 possiti»
1155 3225 1339 3288 sozomenus
1352 3241 1398 3282 re-

161 3322 231 3365 rum
245 3308 348 3369 uertice
362 3305 506 3370 diuinitus
516 3311 712 3389 praescriptus
729 3329 761 3374 a·
799 3309 898 3372 serens
917 3311 1052 3372 haeresin
1072 3308 1235 3371 Macedouii
1251 3307 1299 3387 (d)
1319 3306 1396 3366 scri·

160 3390 339 3467 posssimus,
359 3425 374 3438 -
390 3409 445 3471 per
459 3409 531 3470 quas
550 3401 684 3456 emortum
698 3413 759 3458 arca·
800 3393 861 3455 bit:
884 3413 899 3454 a
919 3391 991 3457 Cum
1011 3395 1144 3474 quaestio
1173 3392 1223 3472 (de
1240 3389 1396 3451 diuinitate
1426 3401 1427 3415 ¹

159 3487 215 3552 per
229 3471 400 3554 multiplicis
408 3477 519 3538 erroris
530 3476 704 3540 boeretirom
717 3497 761 3542 sa·
799 3475 926 3559 Spiritus
938 3477 969 3540 S.
986 3481 1159 3556 agitaretur,
1171 3484 1200 3537 el
1212 3473 1394 3537 eorrtenden-

163 3563 239 3618 ctum
249 3558 424 3637 depulimus.
439 3557 470 3621 C.
483 3561 699 3625 CPtouumIV.
712 3564 759 3644 (E)
799 3563 828 3623 di
847 3563 945 3623 studio
972 3562 1065 3638 magis
1093 3561 1248 3640 magisque
1271 3559 1302 3619 in
1330 3556 1394 3617 dics

162 3639 199 3701 de
215 3641 378 3721 apostilicae
395 3641 471 3706 Sede
489 3642 623 3707 Romana
635 3647 760 3726 loquens
799 3655 967 3723 cresceret,
991 3645 1154 3728 Episcopus
1177 3641 1265 3706 Urbis
1282 3641 1396 3704 Rornae

162 3723 245 3787 dicit:
259 3743 333 3805 quae
350 3735 513 3791 ceterorum
524 3746 636 3809 garoque
646 3732 759 3794 sedium
800 3729 964 3810 (Liberius)
990 3748 1022 3812 re
1040 3737 1192 3811 comperta
1219 3725 1339 3806 scripsit
1357 3724 1394 3785 ad

161 3810 423 3890 magistrandi).
444 3813 759 3896 iateranenseIV(3)
798 3811 929 3877 Orientis
959 3813 1129 3890 Ecclesias,
1157 3819 1190 3874 ul
1218 3808 1394 3871 Trinitatem

161 3893 214 3957 ait:
228 3896 361 3959 Romana
375 3897 507 3960 Ecclesia
520 3897 691 3976 disponente
705 3901 760 3962 De·
798 3897 1093 3974 consubstantialem,
1113 3905 1142 3959 et
1157 3897 1269 3957 bonore
1285 3894 1396 3972 gioria·

160 3979 244 4042 mino
260 3997 353 4060 supra
370 3995 468 4043 annues
486 3981 563 4042 olias
584 3983 760 4046 ordinariae
798 4001 857 4063 que
874 3983 1027 4063 aequatem
1048 4001 1107 4042 una
1125 3997 1191 4042 carm
1215 3976 1396 4041 Occidenta-

160 4065 308 4140 potastatis
325 4066 435 4128 obtinet
454 4064 680 4144 prinicipatnm,
706 4077 758 4130 ut·
798 4066 877 4128 libus
898 4066 1053 4146 Episcopis
1075 4064 1300 4128 confiterentur.
1329 4059 1394 4132 Ouo

159 4154 224 4223 puta
248 4157 345 4210 motor
366 4149 576 4226 urriaersorum
590 4149 703 4222 tibristi
717 4153 757 4232 fi·
798 4152 875 4212 iacto
894 4149 1092 4212 controversia
1114 4147 1223 4210 iudicio
1242 4145 1396 4208 Romanae

193 4273 224 4333 p)
239 4277 312 4334 ΕΜ.
327 4279 378 4338 49⁰,
392 4289 433 4325 ssu
449 4281 515 4326 ,mg
530 4291 551 4324 e,
568 4239 729 4326 abaciacum.
798 4233 947 4296 Ecclesiae
973 4231 1142 4307 terminata,
1172 4231 1281 4310 singuli
1307 4229 1397 4311 quie·

89 4377 92 4388 ἱ
193 4333 224 4390 ut
241 4338 288 4382 ret.
304 4336 326 4381 x.
502 4339 532 4398 ts)
548 4341 603 4397 cup.
618 4341 640 4386 a.
828 4339 858 4399 tn
874 4341 931 4387 uus
946 4341 1003 4387 eost.
1018 4341 1034 4386 r.
1049 4340 1072 4392 s.
1086 4349 1109 4384 e.
1124 4337 1159 4385 aa
