<?xml version="1.0" encoding="UTF-8"?>
<!DOCTYPE html PUBLIC "-//W3C//DTD XHTML 1.0 Transitional//EN"
    "http://www.w3.org/TR/xhtml1/DTD/xhtml1-transitional.dtd">
<html xmlns="http://www.w3.org/1999/xhtml" xml:lang="en" lang="en">
 <head>
  <title>
</title>
<meta http-equiv="Content-Type" content="text/html;charset=utf-8" />
  <meta name='ocr-system' content='tesseract 3.04.00' />
  <meta name='ocr-capabilities' content='ocr_page ocr_carea ocr_par ocr_line ocrx_word'/>
</head>
<body>
  <div class='ocr_page' id='page_1' title='image "./institutionesth00knolgoog_0084.png"; bbox 0 0 2910 4732; ppageno 0'>
   <div class='ocr_carea' id='block_1_1' title="bbox 198 188 962 250">
    <p class='ocr_par' dir='ltr' id='par_1_1' title="bbox 198 188 962 250">
     <span class='ocr_line' id='line_1_1' title="bbox 198 188 962 250; baseline -0.005 0"><span class='ocrx_word' id='word_1_1' title='bbox 198 188 239 250; x_wconf 79' lang='lat' dir='ltr'><strong>ld</strong></span> <span class='ocrx_word' id='word_1_2' title='bbox 593 203 778 250; x_wconf 65' lang='lat' dir='ltr'><strong>munerea</strong></span> <span class='ocrx_word' id='word_1_3' title='bbox 799 201 962 248; x_wconf 77' lang='lat' dir='ltr'><strong>emensus</strong></span> 
     </span>
    </p>
   </div>
   <div class='ocr_carea' id='block_1_2' title="bbox 151 281 1454 4399">
    <p class='ocr_par' dir='ltr' id='par_1_2' title="bbox 151 281 1454 4399">
     <span class='ocr_line' id='line_1_2' title="bbox 154 281 1433 365; baseline -0.001 -19"><span class='ocrx_word' id='word_1_4' title='bbox 154 291 211 361; x_wconf 89' lang='lat' dir='ltr'><strong>est,</strong></span> <span class='ocrx_word' id='word_1_5' title='bbox 240 282 303 346; x_wconf 86' lang='lat' dir='ltr'><strong>ileo</strong></span> <span class='ocrx_word' id='word_1_6' title='bbox 331 283 551 364; x_wconf 80' lang='lat' dir='ltr'><strong>praescribere,</strong></span> <span class='ocrx_word' id='word_1_7' title='bbox 570 284 643 365; x_wconf 90' lang='lat' dir='ltr'><strong>quid</strong></span> <span class='ocrx_word' id='word_1_8' title='bbox 661 283 758 365; x_wconf 91' lang='lat' dir='ltr'><strong>ipsum</strong></span> <span class='ocrx_word' id='word_1_9' title='bbox 798 282 955 344; x_wconf 73' lang='lat' dir='ltr'><strong>velationis</strong></span> <span class='ocrx_word' id='word_1_10' title='bbox 970 291 1178 361; x_wconf 76' lang='lat' dir='ltr'>argumentum</span> <span class='ocrx_word' id='word_1_11' title='bbox 1196 301 1255 346; x_wconf 92' lang='lat' dir='ltr'><strong>non</strong></span> <span class='ocrx_word' id='word_1_12' title='bbox 1276 281 1433 362; x_wconf 72' lang='lat' dir='ltr'><strong>exurgit,</strong></span> 
     </span>
     <span class='ocr_line' id='line_1_3' title="bbox 154 365 1434 450; baseline 0.002 -22"><span class='ocrx_word' id='word_1_13' title='bbox 154 368 286 430; x_wconf 82' lang='lat' dir='ltr'><strong>revelare</strong></span> <span class='ocrx_word' id='word_1_14' title='bbox 303 375 450 449; x_wconf 88' lang='lat' dir='ltr'><strong>oporteat.</strong></span> <span class='ocrx_word' id='word_1_15' title='bbox 474 367 506 429; x_wconf 94' lang='lat' dir='ltr'><strong>ld</strong></span> <span class='ocrx_word' id='word_1_16' title='bbox 525 377 624 430; x_wconf 64' lang='lat' dir='ltr'><strong>nmen</strong></span> <span class='ocrx_word' id='word_1_17' title='bbox 644 367 758 448; x_wconf 91' lang='lat' dir='ltr'><strong>absque</strong></span> <span class='ocrx_word' id='word_1_18' title='bbox 798 365 890 447; x_wconf 83' lang='lat' dir='ltr'><strong>quia,</strong></span> <span class='ocrx_word' id='word_1_19' title='bbox 918 365 1055 428; x_wconf 87' lang='lat' dir='ltr'><strong>absolute</strong></span> <span class='ocrx_word' id='word_1_20' title='bbox 1083 367 1232 448; x_wconf 89' lang='lat' dir='ltr'><strong>loquendo</strong></span> <span class='ocrx_word' id='word_1_21' title='bbox 1258 369 1434 450; x_wconf 84' lang='lat' dir='ltr'><strong>possibile</strong></span> 
     </span>
     <span class='ocr_line' id='line_1_4' title="bbox 155 450 1434 533; baseline 0.001 -21"><span class='ocrx_word' id='word_1_22' title='bbox 155 451 350 514; x_wconf 72' lang='lat' dir='ltr'><strong>haesitatione</strong></span> <span class='ocrx_word' id='word_1_23' title='bbox 363 452 453 514; x_wconf 88' lang='lat' dir='ltr'><strong>statui</strong></span> <span class='ocrx_word' id='word_1_24' title='bbox 468 460 576 533; x_wconf 89' lang='lat' dir='ltr'><strong>potest,</strong></span> <span class='ocrx_word' id='word_1_25' title='bbox 592 451 758 514; x_wconf 78' lang='lat' dir='ltr'><strong>doctrinam</strong></span> <span class='ocrx_word' id='word_1_26' title='bbox 798 458 855 524; x_wconf 89' lang='lat' dir='ltr'><strong>eat,</strong></span> <span class='ocrx_word' id='word_1_27' title='bbox 877 457 912 511; x_wconf 93' lang='lat' dir='ltr'><strong>ut</strong></span> <span class='ocrx_word' id='word_1_28' title='bbox 936 451 1004 530; x_wconf 91' lang='lat' dir='ltr'><strong>quis</strong></span> <span class='ocrx_word' id='word_1_29' title='bbox 1023 450 1190 512; x_wconf 73' lang='lat' dir='ltr'><strong>docuinam</strong></span> <span class='ocrx_word' id='word_1_30' title='bbox 1210 470 1228 512; x_wconf 81' lang='lat' dir='ltr'><strong>a</strong></span> <span class='ocrx_word' id='word_1_31' title='bbox 1246 451 1434 513; x_wconf 86' lang='lat' dir='ltr'><strong>contradi·</strong></span> 
     </span>
     <span class='ocr_line' id='line_1_5' title="bbox 154 533 1433 616; baseline 0.001 -20"><span class='ocrx_word' id='word_1_32' title='bbox 154 537 312 600; x_wconf 76' lang='lat' dir='ltr'><strong>revelatam</strong></span> <span class='ocrx_word' id='word_1_33' title='bbox 324 536 385 598; x_wconf 85' lang='lat' dir='ltr'><strong>Deo</strong></span> <span class='ocrx_word' id='word_1_34' title='bbox 401 536 535 616; x_wconf 71' lang='lat' dir='ltr'><strong>dionant,</strong></span> <span class='ocrx_word' id='word_1_35' title='bbox 548 544 578 598; x_wconf 92' lang='lat' dir='ltr'><strong>et</strong></span> <span class='ocrx_word' id='word_1_36' title='bbox 593 537 759 598; x_wconf 64' lang='lat' dir='ltr'><strong>Mamaos</strong></span> <span class='ocrx_word' id='word_1_37' title='bbox 798 533 896 596; x_wconf 84' lang='lat' dir='ltr'><strong>ctione</strong></span> <span class='ocrx_word' id='word_1_38' title='bbox 910 533 1048 610; x_wconf 90' lang='lat' dir='ltr'><strong>liberam,</strong></span> <span class='ocrx_word' id='word_1_39' title='bbox 1067 534 1128 596; x_wconf 86' lang='lat' dir='ltr'><strong>lleo</strong></span> <span class='ocrx_word' id='word_1_40' title='bbox 1146 535 1279 614; x_wconf 75' lang='lat' dir='ltr'><strong>dignam,</strong></span> <span class='ocrx_word' id='word_1_41' title='bbox 1298 544 1335 597; x_wconf 89' lang='lat' dir='ltr'><strong>et</strong></span> <span class='ocrx_word' id='word_1_42' title='bbox 1363 536 1433 597; x_wconf 83' lang='lat' dir='ltr'><strong>lco-</strong></span> 
     </span>
     <span class='ocr_line' id='line_1_6' title="bbox 154 617 1432 702; baseline -0.001 -18"><span class='ocrx_word' id='word_1_43' title='bbox 154 619 765 702; x_wconf 62' lang='lat' dir='ltr'><strong>ocaammadotamesseoporteredloctri:</strong></span> <span class='ocrx_word' id='word_1_44' title='bbox 799 617 930 680; x_wconf 84' lang='lat' dir='ltr'><strong>minibus</strong></span> <span class='ocrx_word' id='word_1_45' title='bbox 960 618 1213 680; x_wconf 87' lang='lat' dir='ltr'><strong>accommodatam</strong></span> <span class='ocrx_word' id='word_1_46' title='bbox 1242 637 1299 700; x_wconf 91' lang='lat' dir='ltr'><strong>per</strong></span> <span class='ocrx_word' id='word_1_47' title='bbox 1329 621 1432 683; x_wconf 86' lang='lat' dir='ltr'><strong>vires</strong></span> 
     </span>
     <span class='ocr_line' id='line_1_7' title="bbox 155 702 1432 785; baseline -0.001 -19"><span class='ocrx_word' id='word_1_48' title='bbox 155 723 194 766; x_wconf 88' lang='lat' dir='ltr'><strong>ue</strong></span> <span class='ocrx_word' id='word_1_49' title='bbox 209 704 303 780; x_wconf 90' lang='lat' dir='ltr'><strong>enim,</strong></span> <span class='ocrx_word' id='word_1_50' title='bbox 322 721 399 783; x_wconf 84' lang='lat' dir='ltr'><strong>quae</strong></span> <span class='ocrx_word' id='word_1_51' title='bbox 417 703 510 764; x_wconf 88' lang='lat' dir='ltr'><strong>lleum</strong></span> <span class='ocrx_word' id='word_1_52' title='bbox 529 713 681 765; x_wconf 80' lang='lat' dir='ltr'><strong>auctorem</strong></span> <span class='ocrx_word' id='word_1_53' title='bbox 701 703 756 764; x_wconf 61' lang='lat' dir='ltr'><strong>bas</strong></span> <span class='ocrx_word' id='word_1_54' title='bbox 796 720 866 763; x_wconf 88' lang='lat' dir='ltr'><strong>suas</strong></span> <span class='ocrx_word' id='word_1_55' title='bbox 884 702 1036 764; x_wconf 86' lang='lat' dir='ltr'><strong>naturales</strong></span> <span class='ocrx_word' id='word_1_56' title='bbox 1047 712 1204 783; x_wconf 88' lang='lat' dir='ltr'><strong>proponat.</strong></span> <span class='ocrx_word' id='word_1_57' title='bbox 1218 702 1327 765; x_wconf 80' lang='lat' dir='ltr'><strong>Ast-si</strong></span> <span class='ocrx_word' id='word_1_58' title='bbox 1344 723 1432 785; x_wconf 91' lang='lat' dir='ltr'><strong>pro-</strong></span> 
     </span>
     <span class='ocr_line' id='line_1_8' title="bbox 155 784 1431 869; baseline 0 -19"><span class='ocrx_word' id='word_1_59' title='bbox 155 789 215 862; x_wconf 91' lang='lat' dir='ltr'><strong>bet,</strong></span> <span class='ocrx_word' id='word_1_60' title='bbox 224 787 343 850; x_wconf 89' lang='lat' dir='ltr'><strong>nonnisi</strong></span> <span class='ocrx_word' id='word_1_61' title='bbox 356 787 555 869; x_wconf 87' lang='lat' dir='ltr'><strong>undequaque</strong></span> <span class='ocrx_word' id='word_1_62' title='bbox 566 805 647 863; x_wconf 84' lang='lat' dir='ltr'><strong>vera,</strong></span> <span class='ocrx_word' id='word_1_63' title='bbox 662 788 753 862; x_wconf 90' lang='lat' dir='ltr'><strong>bona,</strong></span> <span class='ocrx_word' id='word_1_64' title='bbox 796 784 860 847; x_wconf 88' lang='lat' dir='ltr'><strong>bari</strong></span> <span class='ocrx_word' id='word_1_65' title='bbox 879 787 985 866; x_wconf 87' lang='lat' dir='ltr'><strong>possit,</strong></span> <span class='ocrx_word' id='word_1_66' title='bbox 1005 805 1182 867; x_wconf 89' lang='lat' dir='ltr'><strong>praeconem</strong></span> <span class='ocrx_word' id='word_1_67' title='bbox 1201 787 1268 848; x_wconf 88' lang='lat' dir='ltr'><strong>talis</strong></span> <span class='ocrx_word' id='word_1_68' title='bbox 1286 787 1431 850; x_wconf 88' lang='lat' dir='ltr'><strong>doctri·</strong></span> 
     </span>
     <span class='ocr_line' id='line_1_9' title="bbox 155 869 1431 952; baseline 0.001 -18"><span class='ocrx_word' id='word_1_69' title='bbox 155 881 183 935; x_wconf 90' lang='lat' dir='ltr'><strong>et</strong></span> <span class='ocrx_word' id='word_1_70' title='bbox 200 881 303 933; x_wconf 87' lang='lat' dir='ltr'><strong>sancta</strong></span> <span class='ocrx_word' id='word_1_71' title='bbox 320 889 384 932; x_wconf 88' lang='lat' dir='ltr'><strong>esse</strong></span> <span class='ocrx_word' id='word_1_72' title='bbox 403 880 511 951; x_wconf 88' lang='lat' dir='ltr'><strong>potest.</strong></span> <span class='ocrx_word' id='word_1_73' title='bbox 527 871 648 932; x_wconf 82' lang='lat' dir='ltr'><strong>Etcum</strong></span> <span class='ocrx_word' id='word_1_74' title='bbox 663 871 755 933; x_wconf 90' lang='lat' dir='ltr'><strong>allen</strong></span> <span class='ocrx_word' id='word_1_75' title='bbox 796 887 853 948; x_wconf 78' lang='lat' dir='ltr'><strong>nae</strong></span> <span class='ocrx_word' id='word_1_76' title='bbox 873 869 975 932; x_wconf 92' lang='lat' dir='ltr'><strong>-hanc</strong></span> <span class='ocrx_word' id='word_1_77' title='bbox 993 889 1119 951; x_wconf 79' lang='lat' dir='ltr'><strong>nequeo</strong></span> <span class='ocrx_word' id='word_1_78' title='bbox 1133 891 1177 946; x_wconf 88' lang='lat' dir='ltr'><strong>se,</strong></span> <span class='ocrx_word' id='word_1_79' title='bbox 1191 889 1290 952; x_wconf 89' lang='lat' dir='ltr'><strong>neque</strong></span> <span class='ocrx_word' id='word_1_80' title='bbox 1310 872 1360 934; x_wconf 87' lang='lat' dir='ltr'><strong>ab</strong></span> <span class='ocrx_word' id='word_1_81' title='bbox 1387 893 1431 935; x_wconf 87' lang='lat' dir='ltr'><strong>a·</strong></span> 
     </span>
     <span class='ocr_line' id='line_1_10' title="bbox 154 953 1430 1037; baseline -0.001 -17"><span class='ocrx_word' id='word_1_82' title='bbox 154 955 372 1037; x_wconf 81' lang='lat' dir='ltr'><strong>sapientissimo</strong></span> <span class='ocrx_word' id='word_1_83' title='bbox 397 972 449 1035; x_wconf 91' lang='lat' dir='ltr'><strong>pro</strong></span> <span class='ocrx_word' id='word_1_84' title='bbox 473 954 644 1016; x_wconf 88' lang='lat' dir='ltr'><strong>horninibus</strong></span> <span class='ocrx_word' id='word_1_85' title='bbox 662 956 755 1017; x_wconf 89' lang='lat' dir='ltr'><strong>desti·</strong></span> <span class='ocrx_word' id='word_1_86' title='bbox 796 953 843 1014; x_wconf 90' lang='lat' dir='ltr'><strong>liis</strong></span> <span class='ocrx_word' id='word_1_87' title='bbox 861 953 1106 1030; x_wconf 90' lang='lat' dir='ltr'><strong>homiuibus,sed</strong></span> <span class='ocrx_word' id='word_1_88' title='bbox 1118 955 1245 1016; x_wconf 92' lang='lat' dir='ltr'><strong>soluma</strong></span> <span class='ocrx_word' id='word_1_89' title='bbox 1262 953 1349 1033; x_wconf 89' lang='lat' dir='ltr'><strong>Deo,</strong></span> <span class='ocrx_word' id='word_1_90' title='bbox 1369 977 1430 1019; x_wconf 92' lang='lat' dir='ltr'><strong>su-</strong></span> 
     </span>
     <span class='ocr_line' id='line_1_11' title="bbox 155 1038 1428 1119; baseline 0.001 -16"><span class='ocrx_word' id='word_1_91' title='bbox 155 1049 252 1116; x_wconf 92' lang='lat' dir='ltr'><strong>aetur,</strong></span> <span class='ocrx_word' id='word_1_92' title='bbox 272 1047 351 1100; x_wconf 91' lang='lat' dir='ltr'><strong>certe</strong></span> <span class='ocrx_word' id='word_1_93' title='bbox 371 1039 474 1099; x_wconf 90' lang='lat' dir='ltr'><strong>borum</strong></span> <span class='ocrx_word' id='word_1_94' title='bbox 503 1039 668 1118; x_wconf 75' lang='lat' dir='ltr'><strong>capacitati,</strong></span> <span class='ocrx_word' id='word_1_95' title='bbox 686 1041 753 1119; x_wconf 70' lang='lat' dir='ltr'><strong>pini,</strong></span> <span class='ocrx_word' id='word_1_96' title='bbox 796 1038 988 1117; x_wconf 85' lang='lat' dir='ltr'><strong>pernaturali,</strong></span> <span class='ocrx_word' id='word_1_97' title='bbox 1008 1050 1038 1100; x_wconf 91' lang='lat' dir='ltr'><strong>et</strong></span> <span class='ocrx_word' id='word_1_98' title='bbox 1055 1039 1290 1101; x_wconf 81' lang='lat' dir='ltr'><strong>extraordinario</strong></span> <span class='ocrx_word' id='word_1_99' title='bbox 1314 1044 1428 1104; x_wconf 86' lang='lat' dir='ltr'><strong>modo</strong></span> 
     </span>
     <span class='ocr_line' id='line_1_12' title="bbox 154 1121 1428 1206; baseline 0.002 -20"><span class='ocrx_word' id='word_1_100' title='bbox 154 1144 187 1186; x_wconf 90' lang='lat' dir='ltr'><strong>ac</strong></span> <span class='ocrx_word' id='word_1_101' title='bbox 205 1123 386 1203; x_wconf 72' lang='lat' dir='ltr'><strong>indiacutloe</strong></span> <span class='ocrx_word' id='word_1_102' title='bbox 402 1123 624 1184; x_wconf 88' lang='lat' dir='ltr'><strong>accommodata</strong></span> <span class='ocrx_word' id='word_1_103' title='bbox 642 1131 697 1185; x_wconf 89' lang='lat' dir='ltr'><strong>est.</strong></span> <span class='ocrx_word' id='word_1_104' title='bbox 714 1158 756 1169; x_wconf 95' lang='lat'>-</span> <span class='ocrx_word' id='word_1_105' title='bbox 795 1131 914 1199; x_wconf 53' lang='lat' dir='ltr'><strong>mente,</strong></span> <span class='ocrx_word' id='word_1_106' title='bbox 932 1121 1052 1184; x_wconf 87' lang='lat' dir='ltr'><strong>haurire</strong></span> <span class='ocrx_word' id='word_1_107' title='bbox 1066 1123 1210 1204; x_wconf 91' lang='lat' dir='ltr'><strong>potuisse,</strong></span> <span class='ocrx_word' id='word_1_108' title='bbox 1225 1133 1299 1185; x_wconf 83' lang='lat' dir='ltr'><strong>tunc</strong></span> <span class='ocrx_word' id='word_1_109' title='bbox 1318 1129 1428 1206; x_wconf 88' lang='lat' dir='ltr'><strong>posi·</strong></span> 
     </span>
     <span class='ocr_line' id='line_1_13' title="bbox 156 1206 1454 1286; baseline 0.002 -16"><span class='ocrx_word' id='word_1_110' title='bbox 156 1207 191 1271; x_wconf 89' lang='lat' dir='ltr'><strong>Ut</strong></span> <span class='ocrx_word' id='word_1_111' title='bbox 209 1217 309 1270; x_wconf 89' lang='lat' dir='ltr'><strong>autem</strong></span> <span class='ocrx_word' id='word_1_112' title='bbox 332 1206 467 1268; x_wconf 90' lang='lat' dir='ltr'><strong>doctrina</strong></span> <span class='ocrx_word' id='word_1_113' title='bbox 493 1206 648 1268; x_wconf 90' lang='lat' dir='ltr'><strong>bominum</strong></span> <span class='ocrx_word' id='word_1_114' title='bbox 665 1223 754 1286; x_wconf 86' lang='lat' dir='ltr'><strong>capa·</strong></span> <span class='ocrx_word' id='word_1_115' title='bbox 796 1206 886 1268; x_wconf 89' lang='lat' dir='ltr'><strong>tivum</strong></span> <span class='ocrx_word' id='word_1_116' title='bbox 905 1223 959 1286; x_wconf 88' lang='lat' dir='ltr'><strong>pro</strong></span> <span class='ocrx_word' id='word_1_117' title='bbox 977 1207 1133 1270; x_wconf 86' lang='lat' dir='ltr'><strong>existentia</strong></span> <span class='ocrx_word' id='word_1_118' title='bbox 1151 1208 1267 1270; x_wconf 87' lang='lat' dir='ltr'><strong>divinae</strong></span> <span class='ocrx_word' id='word_1_119' title='bbox 1287 1213 1427 1273; x_wconf 86' lang='lat' dir='ltr'><strong>revela·</strong></span> <span class='ocrx_word' id='word_1_120' title='bbox 1453 1239 1454 1244; x_wconf 43' lang='lat'>¹</span> 
     </span>
     <span class='ocr_line' id='line_1_14' title="bbox 155 1288 1425 1373; baseline 0 -17"><span class='ocrx_word' id='word_1_121' title='bbox 155 1292 234 1356; x_wconf 86' lang='lat' dir='ltr'><strong>citati</strong></span> <span class='ocrx_word' id='word_1_122' title='bbox 251 1290 474 1352; x_wconf 86' lang='lat' dir='ltr'><strong>accommodata</strong></span> <span class='ocrx_word' id='word_1_123' title='bbox 491 1290 549 1364; x_wconf 91' lang='lat' dir='ltr'><strong>sit,</strong></span> <span class='ocrx_word' id='word_1_124' title='bbox 568 1309 604 1352; x_wconf 88' lang='lat' dir='ltr'><strong>ea</strong></span> <span class='ocrx_word' id='word_1_125' title='bbox 621 1291 755 1354; x_wconf 88' lang='lat' dir='ltr'><strong>claritate</strong></span> <span class='ocrx_word' id='word_1_126' title='bbox 796 1288 885 1352; x_wconf 78' lang='lat' dir='ltr'><strong>donis</strong></span> <span class='ocrx_word' id='word_1_127' title='bbox 896 1299 1101 1369; x_wconf 77' lang='lat' dir='ltr'><strong>argumentum</strong></span> <span class='ocrx_word' id='word_1_128' title='bbox 1121 1292 1425 1373; x_wconf 84' lang='lat' dir='ltr'><strong>exurgit,quoniam</strong></span> 
     </span>
     <span class='ocr_line' id='line_1_15' title="bbox 154 1373 1454 1458; baseline 0.003 -20"><span class='ocrx_word' id='word_1_129' title='bbox 154 1375 277 1458; x_wconf 89' lang='lat' dir='ltr'><strong>proponi</strong></span> <span class='ocrx_word' id='word_1_130' title='bbox 289 1374 390 1448; x_wconf 90' lang='lat' dir='ltr'><strong>debet,</strong></span> <span class='ocrx_word' id='word_1_131' title='bbox 403 1383 436 1434; x_wconf 91' lang='lat' dir='ltr'><strong>ut</strong></span> <span class='ocrx_word' id='word_1_132' title='bbox 449 1374 487 1436; x_wconf 89' lang='lat' dir='ltr'><strong>ab</strong></span> <span class='ocrx_word' id='word_1_133' title='bbox 502 1373 674 1437; x_wconf 90' lang='lat' dir='ltr'><strong>homiuibus</strong></span> <span class='ocrx_word' id='word_1_134' title='bbox 688 1392 755 1455; x_wconf 91' lang='lat' dir='ltr'><strong>per·</strong></span> <span class='ocrx_word' id='word_1_135' title='bbox 794 1373 869 1436; x_wconf 88' lang='lat' dir='ltr'><strong>alias</strong></span> <span class='ocrx_word' id='word_1_136' title='bbox 885 1377 961 1436; x_wconf 84' lang='lat' dir='ltr'><strong>ratio</strong></span> <span class='ocrx_word' id='word_1_137' title='bbox 984 1375 1133 1436; x_wconf 76' lang='lat' dir='ltr'><strong>sufficiens</strong></span> <span class='ocrx_word' id='word_1_138' title='bbox 1151 1376 1231 1439; x_wconf 89' lang='lat' dir='ltr'><strong>illius</strong></span> <span class='ocrx_word' id='word_1_139' title='bbox 1245 1377 1425 1443; x_wconf 86' lang='lat' dir='ltr'><strong>doctrinae</strong></span> <span class='ocrx_word' id='word_1_140' title='bbox 1453 1377 1454 1414; x_wconf 68' lang='lat'><em>³</em></span> 
     </span>
     <span class='ocr_line' id='line_1_16' title="bbox 153 1456 1454 1542; baseline -0.002 -19"><span class='ocrx_word' id='word_1_141' title='bbox 153 1461 210 1542; x_wconf 85' lang='lat' dir='ltr'><strong>cipi</strong></span> <span class='ocrx_word' id='word_1_142' title='bbox 223 1459 315 1541; x_wconf 89' lang='lat' dir='ltr'><strong>possit</strong></span> <span class='ocrx_word' id='word_1_143' title='bbox 327 1456 457 1538; x_wconf 91' lang='lat' dir='ltr'><strong>(l).Non</strong></span> <span class='ocrx_word' id='word_1_144' title='bbox 470 1466 570 1520; x_wconf 87' lang='lat' dir='ltr'><strong>autem</strong></span> <span class='ocrx_word' id='word_1_145' title='bbox 578 1460 751 1540; x_wconf 89' lang='lat' dir='ltr'><strong>requiritur,</strong></span> <span class='ocrx_word' id='word_1_146' title='bbox 795 1476 854 1519; x_wconf 92' lang='lat' dir='ltr'><strong>non</strong></span> <span class='ocrx_word' id='word_1_147' title='bbox 869 1457 1039 1522; x_wconf 84' lang='lat' dir='ltr'><strong>baberetur.</strong></span> <span class='ocrx_word' id='word_1_148' title='bbox 1453 1481 1454 1492; x_wconf 55' lang='lat'>¹</span> 
     </span>
     <span class='ocr_line' id='line_1_17' title="bbox 153 1541 753 1622; baseline -0.003 -16"><span class='ocrx_word' id='word_1_149' title='bbox 153 1553 185 1606; x_wconf 86' lang='lat' dir='ltr'><strong>ut</strong></span> <span class='ocrx_word' id='word_1_150' title='bbox 197 1543 332 1606; x_wconf 89' lang='lat' dir='ltr'><strong>doctrina</strong></span> <span class='ocrx_word' id='word_1_151' title='bbox 347 1541 443 1622; x_wconf 87' lang='lat' dir='ltr'><strong>quoad</strong></span> <span class='ocrx_word' id='word_1_152' title='bbox 460 1543 591 1604; x_wconf 85' lang='lat' dir='ltr'><strong>rationes</strong></span> <span class='ocrx_word' id='word_1_153' title='bbox 609 1543 753 1605; x_wconf 90' lang='lat' dir='ltr'><strong>intrinse-</strong></span> 
     </span>
     <span class='ocr_line' id='line_1_18' title="bbox 153 1625 755 1707; baseline 0 -19"><span class='ocrx_word' id='word_1_154' title='bbox 153 1647 201 1688; x_wconf 89' lang='lat' dir='ltr'><strong>cas</strong></span> <span class='ocrx_word' id='word_1_155' title='bbox 220 1625 500 1707; x_wconf 87' lang='lat' dir='ltr'><strong>comprehendatur,</strong></span> <span class='ocrx_word' id='word_1_156' title='bbox 519 1627 570 1688; x_wconf 93' lang='lat' dir='ltr'><strong>sed</strong></span> <span class='ocrx_word' id='word_1_157' title='bbox 586 1627 705 1703; x_wconf 84' lang='lat' dir='ltr'><strong>sufficit,</strong></span> <span class='ocrx_word' id='word_1_158' title='bbox 723 1635 755 1688; x_wconf 91' lang='lat' dir='ltr'><strong>ut</strong></span> 
     </span>
     <span class='ocr_line' id='line_1_19' title="bbox 153 1711 1454 1790; baseline 0 -17"><span class='ocrx_word' id='word_1_159' title='bbox 153 1711 337 1786; x_wconf 78' lang='lat' dir='ltr'><strong>subiectum,</strong></span> <span class='ocrx_word' id='word_1_160' title='bbox 365 1718 395 1772; x_wconf 91' lang='lat' dir='ltr'><strong>et</strong></span> <span class='ocrx_word' id='word_1_161' title='bbox 418 1711 621 1790; x_wconf 87' lang='lat' dir='ltr'><strong>praedicatum</strong></span> <span class='ocrx_word' id='word_1_162' title='bbox 640 1729 753 1789; x_wconf 86' lang='lat' dir='ltr'><strong>cogno·</strong></span> <span class='ocrx_word' id='word_1_163' title='bbox 1453 1749 1454 1754; x_wconf 22' lang='grc' dir='ltr'><strong>κ</strong></span> 
     </span>
     <span class='ocr_line' id='line_1_20' title="bbox 153 1791 1454 1873; baseline 0.005 -18"><span class='ocrx_word' id='word_1_164' title='bbox 153 1802 291 1870; x_wconf 82' lang='lat' dir='ltr'><strong>scantur,</strong></span> <span class='ocrx_word' id='word_1_165' title='bbox 310 1812 357 1854; x_wconf 85' lang='lat' dir='ltr'><strong>ao</strong></span> <span class='ocrx_word' id='word_1_166' title='bbox 382 1793 419 1854; x_wconf 93' lang='lat' dir='ltr'><strong>de</strong></span> <span class='ocrx_word' id='word_1_167' title='bbox 444 1794 605 1856; x_wconf 89' lang='lat' dir='ltr'><strong>eorundem</strong></span> <span class='ocrx_word' id='word_1_168' title='bbox 625 1813 702 1856; x_wconf 86' lang='lat' dir='ltr'><strong>nexu</strong></span> <span class='ocrx_word' id='word_1_169' title='bbox 719 1813 755 1856; x_wconf 85' lang='lat' dir='ltr'><strong>ex</strong></span> <span class='ocrx_word' id='word_1_170' title='bbox 836 1792 879 1854; x_wconf 84' lang='lat' dir='ltr'><strong>Ex</strong></span> <span class='ocrx_word' id='word_1_171' title='bbox 897 1793 993 1854; x_wconf 84' lang='lat' dir='ltr'><strong>torma</strong></span> <span class='ocrx_word' id='word_1_172' title='bbox 1009 1791 1220 1873; x_wconf 86' lang='lat' dir='ltr'><strong>Revelatiouis,</strong></span> <span class='ocrx_word' id='word_1_173' title='bbox 1236 1796 1257 1858; x_wconf 89' lang='lat' dir='ltr'><strong>i.</strong></span> <span class='ocrx_word' id='word_1_174' title='bbox 1271 1815 1301 1858; x_wconf 89' lang='lat' dir='ltr'><strong>e.</strong></span> <span class='ocrx_word' id='word_1_175' title='bbox 1319 1815 1365 1861; x_wconf 83' lang='lat' dir='ltr'><strong>ex</strong></span> <span class='ocrx_word' id='word_1_176' title='bbox 1386 1819 1422 1862; x_wconf 90' lang='lat' dir='ltr'><strong>a·</strong></span> <span class='ocrx_word' id='word_1_177' title='bbox 1453 1831 1454 1836; x_wconf 16' lang='grc' dir='ltr'><strong>κ</strong></span> 
     </span>
     <span class='ocr_line' id='line_1_21' title="bbox 153 1877 1454 1964; baseline 0.005 -24"><span class='ocrx_word' id='word_1_178' title='bbox 153 1879 324 1940; x_wconf 86' lang='lat' dir='ltr'><strong>auctoritate</strong></span> <span class='ocrx_word' id='word_1_179' title='bbox 338 1877 438 1939; x_wconf 90' lang='lat' dir='ltr'><strong>divina</strong></span> <span class='ocrx_word' id='word_1_180' title='bbox 453 1879 597 1940; x_wconf 84' lang='lat' dir='ltr'><strong>certitudo</strong></span> <span class='ocrx_word' id='word_1_181' title='bbox 610 1878 756 1942; x_wconf 86' lang='lat' dir='ltr'><strong>habeatur</strong></span> <span class='ocrx_word' id='word_1_182' title='bbox 794 1877 904 1951; x_wconf 89' lang='lat' dir='ltr'><strong>ctione,</strong></span> <span class='ocrx_word' id='word_1_183' title='bbox 918 1877 1018 1957; x_wconf 87' lang='lat' dir='ltr'><strong>modo,</strong></span> <span class='ocrx_word' id='word_1_184' title='bbox 1032 1887 1062 1940; x_wconf 92' lang='lat' dir='ltr'><strong>et</strong></span> <span class='ocrx_word' id='word_1_185' title='bbox 1073 1878 1317 1958; x_wconf 82' lang='lat' dir='ltr'><strong>circumstantiis,</strong></span> <span class='ocrx_word' id='word_1_186' title='bbox 1336 1888 1422 1964; x_wconf 91' lang='lat' dir='ltr'><strong>qui·</strong></span> <span class='ocrx_word' id='word_1_187' title='bbox 1453 1903 1454 1910; x_wconf 51' lang='lat'>¹</span> 
     </span>
     <span class='ocr_line' id='line_1_22' title="bbox 153 1960 1421 2046; baseline 0.005 -22"><span class='ocrx_word' id='word_1_188' title='bbox 153 1964 191 2044; x_wconf 57' lang='grc' dir='ltr'><strong>(ᾗ.</strong></span> <span class='ocrx_word' id='word_1_189' title='bbox 211 1963 276 2040; x_wconf 75' lang='grc'>54).</span> <span class='ocrx_word' id='word_1_190' title='bbox 304 1961 340 2023; x_wconf 82' lang='grc' dir='ltr'><strong>Ει</strong></span> <span class='ocrx_word' id='word_1_191' title='bbox 357 1961 493 2023; x_wconf 87' lang='lat' dir='ltr'><strong>doctriua</strong></span> <span class='ocrx_word' id='word_1_192' title='bbox 518 1963 648 2024; x_wconf 87' lang='lat' dir='ltr'><strong>revelata</strong></span> <span class='ocrx_word' id='word_1_193' title='bbox 669 1964 749 2024; x_wconf 86' lang='lat' dir='ltr'><strong>clero</strong></span> <span class='ocrx_word' id='word_1_194' title='bbox 794 1960 850 2022; x_wconf 90' lang='lat' dir='ltr'><strong>bus</strong></span> <span class='ocrx_word' id='word_1_195' title='bbox 867 1960 1002 2023; x_wconf 89' lang='lat' dir='ltr'><strong>doctrina</strong></span> <span class='ocrx_word' id='word_1_196' title='bbox 1029 1964 1234 2040; x_wconf 86' lang='lat' dir='ltr'><strong>annuntiatur,</strong></span> <span class='ocrx_word' id='word_1_197' title='bbox 1255 1965 1317 2046; x_wconf 90' lang='lat' dir='ltr'><strong>peti</strong></span> <span class='ocrx_word' id='word_1_198' title='bbox 1348 1969 1421 2030; x_wconf 89' lang='lat' dir='ltr'><strong>de·</strong></span> 
     </span>
     <span class='ocr_line' id='line_1_23' title="bbox 152 2044 1419 2130; baseline 0.003 -20"><span class='ocrx_word' id='word_1_199' title='bbox 152 2047 214 2110; x_wconf 82' lang='lat' dir='ltr'><strong>heri</strong></span> <span class='ocrx_word' id='word_1_200' title='bbox 234 2054 330 2128; x_wconf 90' lang='lat' dir='ltr'><strong>potest</strong></span> <span class='ocrx_word' id='word_1_201' title='bbox 347 2046 393 2106; x_wconf 90' lang='lat' dir='ltr'><strong>vel</strong></span> <span class='ocrx_word' id='word_1_202' title='bbox 411 2064 463 2126; x_wconf 90' lang='lat' dir='ltr'><strong>per</strong></span> <span class='ocrx_word' id='word_1_203' title='bbox 484 2063 528 2123; x_wconf 89' lang='lat' dir='ltr'><strong>se,</strong></span> <span class='ocrx_word' id='word_1_204' title='bbox 547 2047 594 2108; x_wconf 90' lang='lat' dir='ltr'><strong>vel</strong></span> <span class='ocrx_word' id='word_1_205' title='bbox 612 2065 665 2127; x_wconf 92' lang='lat' dir='ltr'><strong>per</strong></span> <span class='ocrx_word' id='word_1_206' title='bbox 684 2065 750 2108; x_wconf 89' lang='lat' dir='ltr'><strong>ma·</strong></span> <span class='ocrx_word' id='word_1_207' title='bbox 795 2044 865 2106; x_wconf 88' lang='lat' dir='ltr'><strong>beat</strong></span> <span class='ocrx_word' id='word_1_208' title='bbox 882 2045 1068 2110; x_wconf 74' lang='lat' dir='ltr'><strong>characteres</strong></span> <span class='ocrx_word' id='word_1_209' title='bbox 1084 2049 1210 2123; x_wconf 85' lang='lat' dir='ltr'><strong>externi,</strong></span> <span class='ocrx_word' id='word_1_210' title='bbox 1229 2049 1279 2130; x_wconf 90' lang='lat' dir='ltr'><strong>qui</strong></span> <span class='ocrx_word' id='word_1_211' title='bbox 1298 2049 1340 2110; x_wconf 86' lang='lat' dir='ltr'><strong>ad</strong></span> <span class='ocrx_word' id='word_1_212' title='bbox 1365 2052 1419 2114; x_wconf 89' lang='lat' dir='ltr'><strong>di-</strong></span> 
     </span>
     <span class='ocr_line' id='line_1_24' title="bbox 153 2130 1419 2210; baseline 0.005 -18"><span class='ocrx_word' id='word_1_213' title='bbox 153 2131 303 2209; x_wconf 78' lang='lat' dir='ltr'><strong>gisterium</strong></span> <span class='ocrx_word' id='word_1_214' title='bbox 323 2130 538 2206; x_wconf 87' lang='lat' dir='ltr'><strong>authenticum,</strong></span> <span class='ocrx_word' id='word_1_215' title='bbox 558 2131 752 2210; x_wconf 88' lang='lat' dir='ltr'><strong>asapientis-</strong></span> <span class='ocrx_word' id='word_1_216' title='bbox 793 2130 995 2206; x_wconf 85' lang='lat' dir='ltr'><strong>guosceodum</strong></span> <span class='ocrx_word' id='word_1_217' title='bbox 1014 2133 1158 2194; x_wconf 82' lang='lat' dir='ltr'><strong>ludunum</strong></span> <span class='ocrx_word' id='word_1_218' title='bbox 1183 2131 1315 2194; x_wconf 91' lang='lat' dir='ltr'><strong>divinum</strong></span> <span class='ocrx_word' id='word_1_219' title='bbox 1340 2155 1419 2198; x_wconf 83' lang='lat' dir='ltr'><strong>me-</strong></span> 
     </span>
     <span class='ocr_line' id='line_1_25' title="bbox 152 2213 1416 2294; baseline 0.004 -17"><span class='ocrx_word' id='word_1_220' title='bbox 152 2216 228 2278; x_wconf 83' lang='lat' dir='ltr'><strong>simo</strong></span> <span class='ocrx_word' id='word_1_221' title='bbox 245 2213 444 2278; x_wconf 82' lang='lat' dir='ltr'><strong>Revelationis</strong></span> <span class='ocrx_word' id='word_1_222' title='bbox 466 2223 587 2276; x_wconf 90' lang='lat' dir='ltr'><strong>auctore</strong></span> <span class='ocrx_word' id='word_1_223' title='bbox 605 2215 752 2276; x_wconf 81' lang='lat' dir='ltr'><strong>constitu·</strong></span> <span class='ocrx_word' id='word_1_224' title='bbox 793 2213 914 2274; x_wconf 87' lang='lat' dir='ltr'><strong>cessarii</strong></span> <span class='ocrx_word' id='word_1_225' title='bbox 934 2225 1003 2277; x_wconf 92' lang='lat' dir='ltr'><strong>sunt</strong></span> <span class='ocrx_word' id='word_1_226' title='bbox 1020 2225 1082 2276; x_wconf 88' lang='lat' dir='ltr'><strong>tum</strong></span> <span class='ocrx_word' id='word_1_227' title='bbox 1101 2216 1197 2294; x_wconf 74' lang='lat' dir='ltr'><strong>legato</strong></span> <span class='ocrx_word' id='word_1_228' title='bbox 1218 2216 1334 2294; x_wconf 89' lang='lat' dir='ltr'><strong>divino,</strong></span> <span class='ocrx_word' id='word_1_229' title='bbox 1358 2222 1416 2282; x_wconf 91' lang='lat' dir='ltr'><strong>cui</strong></span> 
     </span>
     <span class='ocr_line' id='line_1_26' title="bbox 153 2295 1454 2378; baseline 0.005 -19"><span class='ocrx_word' id='word_1_230' title='bbox 153 2295 335 2360; x_wconf 84' lang='lat' dir='ltr'><strong>tum-Ut</strong></span> <span class='ocrx_word' id='word_1_231' title='bbox 361 2296 495 2359; x_wconf 89' lang='lat' dir='ltr'><strong>doctrine</strong></span> <span class='ocrx_word' id='word_1_232' title='bbox 519 2298 672 2360; x_wconf 88' lang='lat' dir='ltr'><strong>homiuum</strong></span> <span class='ocrx_word' id='word_1_233' title='bbox 698 2300 754 2378; x_wconf 82' lang='lat' dir='ltr'><strong>fini</strong></span> <span class='ocrx_word' id='word_1_234' title='bbox 793 2295 943 2358; x_wconf 86' lang='lat' dir='ltr'><strong>Revelatio</strong></span> <span class='ocrx_word' id='word_1_235' title='bbox 966 2299 1139 2362; x_wconf 81' lang='lat' dir='ltr'><strong>immediate</strong></span> <span class='ocrx_word' id='word_1_236' title='bbox 1169 2300 1313 2378; x_wconf 82' lang='lat' dir='ltr'><strong>obtingit,</strong></span> <span class='ocrx_word' id='word_1_237' title='bbox 1336 2311 1416 2366; x_wconf 89' lang='lat' dir='ltr'><strong>turn</strong></span> <span class='ocrx_word' id='word_1_238' title='bbox 1453 2343 1454 2346; x_wconf 59' lang='lat'><em>=</em></span> 
     </span>
     <span class='ocr_line' id='line_1_27' title="bbox 153 2381 1418 2462; baseline 0.005 -18"><span class='ocrx_word' id='word_1_239' title='bbox 153 2382 373 2444; x_wconf 88' lang='lat' dir='ltr'><strong>accommodata</strong></span> <span class='ocrx_word' id='word_1_240' title='bbox 387 2383 437 2456; x_wconf 91' lang='lat' dir='ltr'><strong>sit,</strong></span> <span class='ocrx_word' id='word_1_241' title='bbox 455 2391 582 2462; x_wconf 88' lang='lat' dir='ltr'><strong>oportet,</strong></span> <span class='ocrx_word' id='word_1_242' title='bbox 607 2401 671 2445; x_wconf 84' lang='lat' dir='ltr'><strong>earn</strong></span> <span class='ocrx_word' id='word_1_243' title='bbox 691 2383 753 2444; x_wconf 90' lang='lat' dir='ltr'><strong>uti·</strong></span> <span class='ocrx_word' id='word_1_244' title='bbox 793 2381 842 2456; x_wconf 92' lang='lat' dir='ltr'><strong>iis,</strong></span> <span class='ocrx_word' id='word_1_245' title='bbox 859 2381 910 2462; x_wconf 92' lang='lat' dir='ltr'><strong>qui</strong></span> <span class='ocrx_word' id='word_1_246' title='bbox 931 2383 1059 2444; x_wconf 86' lang='lat' dir='ltr'><strong>mediate</strong></span> <span class='ocrx_word' id='word_1_247' title='bbox 1077 2383 1335 2447; x_wconf 86' lang='lat' dir='ltr'><strong>Revelationema</strong></span> <span class='ocrx_word' id='word_1_248' title='bbox 1361 2388 1418 2451; x_wconf 89' lang='lat' dir='ltr'><strong>le-</strong></span> 
     </span>
     <span class='ocr_line' id='line_1_28' title="bbox 153 2464 1175 2548; baseline 0.001 -20"><span class='ocrx_word' id='word_1_249' title='bbox 153 2470 208 2530; x_wconf 89' lang='lat' dir='ltr'><strong>lem</strong></span> <span class='ocrx_word' id='word_1_250' title='bbox 231 2485 296 2528; x_wconf 90' lang='lat' dir='ltr'><strong>esse</strong></span> <span class='ocrx_word' id='word_1_251' title='bbox 323 2464 360 2526; x_wconf 89' lang='lat' dir='ltr'><strong>ad</strong></span> <span class='ocrx_word' id='word_1_252' title='bbox 385 2465 583 2542; x_wconf 82' lang='lat' dir='ltr'><strong>cognitionem</strong></span> <span class='ocrx_word' id='word_1_253' title='bbox 606 2467 751 2542; x_wconf 86' lang='lat' dir='ltr'><strong>veritatis,</strong></span> <span class='ocrx_word' id='word_1_254' title='bbox 792 2473 859 2543; x_wconf 79' lang='lat' dir='ltr'><strong>gato</strong></span> <span class='ocrx_word' id='word_1_255' title='bbox 876 2465 976 2528; x_wconf 86' lang='lat' dir='ltr'><strong>divino</strong></span> <span class='ocrx_word' id='word_1_256' title='bbox 993 2468 1175 2548; x_wconf 87' lang='lat' dir='ltr'><strong>percipiunt.</strong></span> 
     </span>
     <span class='ocr_line' id='line_1_29' title="bbox 153 2550 1416 2630; baseline 0.005 -17"><span class='ocrx_word' id='word_1_257' title='bbox 153 2551 188 2613; x_wconf 90' lang='lat' dir='ltr'><strong>ad</strong></span> <span class='ocrx_word' id='word_1_258' title='bbox 206 2550 379 2612; x_wconf 87' lang='lat' dir='ltr'><strong>exercitium</strong></span> <span class='ocrx_word' id='word_1_259' title='bbox 402 2550 595 2626; x_wconf 82' lang='lat' dir='ltr'><strong>moralitatis,</strong></span> <span class='ocrx_word' id='word_1_260' title='bbox 615 2558 645 2612; x_wconf 91' lang='lat' dir='ltr'><strong>et</strong></span> <span class='ocrx_word' id='word_1_261' title='bbox 663 2550 699 2612; x_wconf 87' lang='lat' dir='ltr'><strong>ed</strong></span> <span class='ocrx_word' id='word_1_262' title='bbox 718 2571 753 2612; x_wconf 85' lang='lat' dir='ltr'><strong>a·</strong></span> <span class='ocrx_word' id='word_1_263' title='bbox 837 2550 866 2608; x_wconf 91' lang='lat' dir='ltr'><strong>l.</strong></span> <span class='ocrx_word' id='word_1_264' title='bbox 887 2550 1064 2630; x_wconf 69' lang='lat' dir='ltr'><strong>Nepotioca</strong></span> <span class='ocrx_word' id='word_1_265' title='bbox 1087 2552 1181 2613; x_wconf 80' lang='lat' dir='ltr'><strong>torma</strong></span> <span class='ocrx_word' id='word_1_266' title='bbox 1198 2551 1416 2619; x_wconf 85' lang='lat' dir='ltr'><strong>Revelationis</strong></span> 
     </span>
     <span class='ocr_line' id='line_1_30' title="bbox 152 2633 1415 2718; baseline 0.005 -22"><span class='ocrx_word' id='word_1_267' title='bbox 152 2635 357 2716; x_wconf 87' lang='lat' dir='ltr'><strong>aquisitionem</strong></span> <span class='ocrx_word' id='word_1_268' title='bbox 391 2634 539 2696; x_wconf 88' lang='lat' dir='ltr'><strong>lelicitatis</strong></span> <span class='ocrx_word' id='word_1_269' title='bbox 575 2653 753 2715; x_wconf 88' lang='lat' dir='ltr'><strong>promoven·</strong></span> <span class='ocrx_word' id='word_1_270' title='bbox 794 2633 899 2694; x_wconf 88' lang='lat' dir='ltr'><strong>abesse</strong></span> <span class='ocrx_word' id='word_1_271' title='bbox 925 2634 1026 2711; x_wconf 87' lang='lat' dir='ltr'><strong>debet,</strong></span> <span class='ocrx_word' id='word_1_272' title='bbox 1054 2635 1197 2718; x_wconf 90' lang='lat' dir='ltr'><strong>quidquid</strong></span> <span class='ocrx_word' id='word_1_273' title='bbox 1225 2635 1285 2698; x_wconf 88' lang='lat' dir='ltr'><strong>Deo</strong></span> <span class='ocrx_word' id='word_1_274' title='bbox 1315 2637 1415 2701; x_wconf 87' lang='lat' dir='ltr'><strong>indi-</strong></span> 
     </span>
     <span class='ocr_line' id='line_1_31' title="bbox 152 2715 1415 2799; baseline 0.006 -18"><span class='ocrx_word' id='word_1_275' title='bbox 152 2721 229 2781; x_wconf 85' lang='lat' dir='ltr'><strong>dem.</strong></span> <span class='ocrx_word' id='word_1_276' title='bbox 247 2715 754 2782; x_wconf 48' lang='lat' dir='ltr'><strong>*Utdoctriuahovninumindi</strong></span> <span class='ocrx_word' id='word_1_277' title='bbox 793 2735 897 2794; x_wconf 84' lang='lat' dir='ltr'><strong>gnum,</strong></span> <span class='ocrx_word' id='word_1_278' title='bbox 917 2718 968 2778; x_wconf 86' lang='lat' dir='ltr'><strong>hui</strong></span> <span class='ocrx_word' id='word_1_279' title='bbox 993 2720 1134 2796; x_wconf 89' lang='lat' dir='ltr'><strong>hominis,</strong></span> <span class='ocrx_word' id='word_1_280' title='bbox 1155 2720 1321 2799; x_wconf 78' lang='lat' dir='ltr'><strong>religionis,</strong></span> <span class='ocrx_word' id='word_1_281' title='bbox 1352 2735 1415 2787; x_wconf 86' lang='lat' dir='ltr'><strong>aut</strong></span> 
     </span>
     <span class='ocr_line' id='line_1_32' title="bbox 151 2802 1411 2886; baseline 0.003 -20"><span class='ocrx_word' id='word_1_282' title='bbox 151 2805 267 2884; x_wconf 58' lang='lat' dir='ltr'><strong>waliae</strong></span> <span class='ocrx_word' id='word_1_283' title='bbox 284 2802 507 2863; x_wconf 88' lang='lat' dir='ltr'><strong>accommodata</strong></span> <span class='ocrx_word' id='word_1_284' title='bbox 525 2802 575 2876; x_wconf 92' lang='lat' dir='ltr'><strong>sit,</strong></span> <span class='ocrx_word' id='word_1_285' title='bbox 598 2803 673 2864; x_wconf 87' lang='lat' dir='ltr'><strong>ratio</strong></span> <span class='ocrx_word' id='word_1_286' title='bbox 693 2822 752 2864; x_wconf 91' lang='lat' dir='ltr'><strong>non</strong></span> <span class='ocrx_word' id='word_1_287' title='bbox 794 2802 983 2864; x_wconf 88' lang='lat' dir='ltr'><strong>revelationis</strong></span> <span class='ocrx_word' id='word_1_288' title='bbox 998 2805 1180 2866; x_wconf 87' lang='lat' dir='ltr'><strong>contrarium</strong></span> <span class='ocrx_word' id='word_1_289' title='bbox 1196 2815 1250 2881; x_wconf 91' lang='lat' dir='ltr'><strong>est,</strong></span> <span class='ocrx_word' id='word_1_290' title='bbox 1265 2805 1311 2866; x_wconf 91' lang='lat' dir='ltr'><strong>uti</strong></span> <span class='ocrx_word' id='word_1_291' title='bbox 1326 2825 1363 2870; x_wconf 88' lang='lat' dir='ltr'><strong>e.</strong></span> <span class='ocrx_word' id='word_1_292' title='bbox 1378 2829 1411 2886; x_wconf 88' lang='lat' dir='ltr'><strong>g.</strong></span> 
     </span>
     <span class='ocr_line' id='line_1_33' title="bbox 152 2885 1412 2970; baseline 0.005 -22"><span class='ocrx_word' id='word_1_293' title='bbox 152 2889 270 2969; x_wconf 88' lang='lat' dir='ltr'><strong>quidem</strong></span> <span class='ocrx_word' id='word_1_294' title='bbox 287 2886 414 2963; x_wconf 76' lang='lat' dir='ltr'><strong>exigere,</strong></span> <span class='ocrx_word' id='word_1_295' title='bbox 428 2885 480 2946; x_wconf 89' lang='lat' dir='ltr'><strong>sed</strong></span> <span class='ocrx_word' id='word_1_296' title='bbox 495 2891 650 2966; x_wconf 85' lang='lat' dir='ltr'><strong>expectare</strong></span> <span class='ocrx_word' id='word_1_297' title='bbox 666 2904 753 2966; x_wconf 93' lang='lat' dir='ltr'><strong>posse</strong></span> <span class='ocrx_word' id='word_1_298' title='bbox 793 2885 944 2962; x_wconf 83' lang='lat' dir='ltr'><strong>uiolentia,</strong></span> <span class='ocrx_word' id='word_1_299' title='bbox 962 2907 1038 2969; x_wconf 90' lang='lat' dir='ltr'><strong>quae</strong></span> <span class='ocrx_word' id='word_1_300' title='bbox 1055 2887 1186 2950; x_wconf 88' lang='lat' dir='ltr'><strong>libertati</strong></span> <span class='ocrx_word' id='word_1_301' title='bbox 1201 2889 1412 2970; x_wconf 88' lang='lat' dir='ltr'><strong>praeiudicat,</strong></span> 
     </span>
     <span class='ocr_line' id='line_1_34' title="bbox 152 2969 1376 3053; baseline 0.004 -21"><span class='ocrx_word' id='word_1_302' title='bbox 152 2972 282 3044; x_wconf 88' lang='lat' dir='ltr'><strong>videtur,</strong></span> <span class='ocrx_word' id='word_1_303' title='bbox 305 2979 336 3032; x_wconf 94' lang='lat' dir='ltr'><strong>ut</strong></span> <span class='ocrx_word' id='word_1_304' title='bbox 364 2970 462 3049; x_wconf 87' lang='lat' dir='ltr'><strong>quoad</strong></span> <span class='ocrx_word' id='word_1_305' title='bbox 492 2969 656 3050; x_wconf 79' lang='lat' dir='ltr'><strong>symbolum</strong></span> <span class='ocrx_word' id='word_1_306' title='bbox 686 2970 753 3032; x_wconf 87' lang='lat' dir='ltr'><strong>illae</strong></span> <span class='ocrx_word' id='word_1_307' title='bbox 793 2969 891 3047; x_wconf 74' lang='lat' dir='ltr'><strong>francs,</strong></span> <span class='ocrx_word' id='word_1_308' title='bbox 910 2989 997 3050; x_wconf 84' lang='lat' dir='ltr'><strong>quarn</strong></span> <span class='ocrx_word' id='word_1_309' title='bbox 1015 2973 1060 3034; x_wconf 84' lang='lat' dir='ltr'><strong>lex</strong></span> <span class='ocrx_word' id='word_1_310' title='bbox 1081 2971 1201 3033; x_wconf 90' lang='lat' dir='ltr'><strong>moralis</strong></span> <span class='ocrx_word' id='word_1_311' title='bbox 1216 2971 1376 3053; x_wconf 84' lang='lat' dir='ltr'><strong>prohibet3</strong></span> 
     </span>
     <span class='ocr_line' id='line_1_35' title="bbox 152 3054 1413 3137; baseline 0.005 -21"><span class='ocrx_word' id='word_1_312' title='bbox 152 3054 472 3137; x_wconf 83' lang='lat' dir='ltr'><strong>praeprimisvecitates</strong></span> <span class='ocrx_word' id='word_1_313' title='bbox 483 3054 664 3129; x_wconf 88' lang='lat' dir='ltr'><strong>revelentur,</strong></span> <span class='ocrx_word' id='word_1_314' title='bbox 678 3073 754 3134; x_wconf 91' lang='lat' dir='ltr'><strong>quae</strong></span> <span class='ocrx_word' id='word_1_315' title='bbox 836 3054 866 3114; x_wconf 70' lang='lat'><strong>2.</strong></span> <span class='ocrx_word' id='word_1_316' title='bbox 889 3055 1015 3118; x_wconf 82' lang='lat' dir='ltr'><strong>Positiac</strong></span> <span class='ocrx_word' id='word_1_317' title='bbox 1029 3055 1359 3120; x_wconf 73' lang='lat' dir='ltr'><strong>Revelationis‘veritas</strong></span> <span class='ocrx_word' id='word_1_318' title='bbox 1377 3083 1413 3122; x_wconf 84' lang='lat' dir='ltr'><strong>e-</strong></span> 
     </span>
     <span class='ocr_line' id='line_1_36' title="bbox 152 3137 1411 3222; baseline 0.005 -21"><span class='ocrx_word' id='word_1_319' title='bbox 152 3139 225 3201; x_wconf 84' lang='lat' dir='ltr'><strong>scitu</strong></span> <span class='ocrx_word' id='word_1_320' title='bbox 238 3137 434 3213; x_wconf 85' lang='lat' dir='ltr'><strong>necessariae,</strong></span> <span class='ocrx_word' id='word_1_321' title='bbox 451 3137 500 3198; x_wconf 90' lang='lat' dir='ltr'><strong>sed</strong></span> <span class='ocrx_word' id='word_1_322' title='bbox 517 3137 625 3199; x_wconf 88' lang='lat' dir='ltr'><strong>rationi</strong></span> <span class='ocrx_word' id='word_1_323' title='bbox 641 3137 753 3218; x_wconf 85' lang='lat' dir='ltr'><strong>imper·</strong></span> <span class='ocrx_word' id='word_1_324' title='bbox 794 3139 890 3200; x_wconf 92' lang='lat' dir='ltr'><strong>stendi</strong></span> <span class='ocrx_word' id='word_1_325' title='bbox 909 3139 998 3202; x_wconf 90' lang='lat' dir='ltr'><strong>debet</strong></span> <span class='ocrx_word' id='word_1_326' title='bbox 1011 3159 1064 3221; x_wconf 89' lang='lat' dir='ltr'><strong>per</strong></span> <span class='ocrx_word' id='word_1_327' title='bbox 1079 3150 1202 3203; x_wconf 89' lang='lat' dir='ltr'><strong>eventus</strong></span> <span class='ocrx_word' id='word_1_328' title='bbox 1219 3141 1411 3222; x_wconf 60' lang='lat' dir='ltr'><strong>singulares</strong></span> 
     </span>
     <span class='ocr_line' id='line_1_37' title="bbox 153 3221 1412 3306; baseline 0.008 -24"><span class='ocrx_word' id='word_1_329' title='bbox 153 3223 215 3283; x_wconf 87' lang='lat' dir='ltr'><strong>viae</strong></span> <span class='ocrx_word' id='word_1_330' title='bbox 234 3230 302 3282; x_wconf 90' lang='lat' dir='ltr'><strong>sunt</strong></span> <span class='ocrx_word' id='word_1_331' title='bbox 317 3221 357 3300; x_wconf 82' lang='lat'><strong>(§.</strong></span> <span class='ocrx_word' id='word_1_332' title='bbox 379 3223 460 3300; x_wconf 79' lang='lat'><strong>59.);</strong></span> <span class='ocrx_word' id='word_1_333' title='bbox 479 3229 511 3282; x_wconf 89' lang='lat' dir='ltr'><strong>ut</strong></span> <span class='ocrx_word' id='word_1_334' title='bbox 530 3221 560 3282; x_wconf 91' lang='lat' dir='ltr'><strong>in</strong></span> <span class='ocrx_word' id='word_1_335' title='bbox 577 3221 678 3283; x_wconf 89' lang='lat' dir='ltr'><strong>codice</strong></span> <span class='ocrx_word' id='word_1_336' title='bbox 695 3241 753 3284; x_wconf 92' lang='lat' dir='ltr'><strong>uon</strong></span> <span class='ocrx_word' id='word_1_337' title='bbox 773 3233 775 3272; x_wconf 81' lang='lat' dir='ltr'><strong>t</strong></span> <span class='ocrx_word' id='word_1_338' title='bbox 794 3221 962 3300; x_wconf 87' lang='lat' dir='ltr'><strong>sensibiles,</strong></span> <span class='ocrx_word' id='word_1_339' title='bbox 974 3233 1004 3286; x_wconf 90' lang='lat' dir='ltr'><strong>et</strong></span> <span class='ocrx_word' id='word_1_340' title='bbox 1017 3225 1270 3304; x_wconf 87' lang='lat' dir='ltr'><strong>supernaturales,</strong></span> <span class='ocrx_word' id='word_1_341' title='bbox 1286 3227 1412 3306; x_wconf 87' lang='lat' dir='ltr'><strong>quihus</strong></span> 
     </span>
     <span class='ocr_line' id='line_1_38' title="bbox 153 3305 1412 3386; baseline 0.005 -19"><span class='ocrx_word' id='word_1_342' title='bbox 153 3306 248 3367; x_wconf 85' lang='lat' dir='ltr'><strong>solum</strong></span> <span class='ocrx_word' id='word_1_343' title='bbox 270 3306 378 3380; x_wconf 88' lang='lat' dir='ltr'><strong>ollioia,</strong></span> <span class='ocrx_word' id='word_1_344' title='bbox 406 3307 436 3367; x_wconf 89' lang='lat' dir='ltr'><strong>in</strong></span> <span class='ocrx_word' id='word_1_345' title='bbox 463 3305 572 3386; x_wconf 88' lang='lat' dir='ltr'><strong>quibus</strong></span> <span class='ocrx_word' id='word_1_346' title='bbox 590 3306 754 3368; x_wconf 86' lang='lat' dir='ltr'><strong>statuendis</strong></span> <span class='ocrx_word' id='word_1_347' title='bbox 795 3306 985 3370; x_wconf 89' lang='lat' dir='ltr'><strong>immediatus</strong></span> <span class='ocrx_word' id='word_1_348' title='bbox 1003 3309 1133 3370; x_wconf 82' lang='lat' dir='ltr'><strong>inllunus</strong></span> <span class='ocrx_word' id='word_1_349' title='bbox 1147 3307 1317 3372; x_wconf 87' lang='lat' dir='ltr'><strong>lllviuitetis</strong></span> <span class='ocrx_word' id='word_1_350' title='bbox 1332 3330 1412 3372; x_wconf 82' lang='lat' dir='ltr'><strong>orn-</strong></span> 
     </span>
     <span class='ocr_line' id='line_1_39' title="bbox 152 3387 1413 3472; baseline 0.006 -22"><span class='ocrx_word' id='word_1_351' title='bbox 152 3389 238 3452; x_wconf 88' lang='lat' dir='ltr'><strong>lecile</strong></span> <span class='ocrx_word' id='word_1_352' title='bbox 258 3387 423 3460; x_wconf 85' lang='lat' dir='ltr'><strong>aberratur,</strong></span> <span class='ocrx_word' id='word_1_353' title='bbox 444 3389 564 3465; x_wconf 86' lang='lat' dir='ltr'><strong>clarius,</strong></span> <span class='ocrx_word' id='word_1_354' title='bbox 583 3398 612 3450; x_wconf 90' lang='lat' dir='ltr'><strong>et</strong></span> <span class='ocrx_word' id='word_1_355' title='bbox 630 3390 755 3451; x_wconf 88' lang='lat' dir='ltr'><strong>solidius</strong></span> <span class='ocrx_word' id='word_1_356' title='bbox 796 3390 885 3452; x_wconf 90' lang='lat' dir='ltr'><strong>nibus</strong></span> <span class='ocrx_word' id='word_1_357' title='bbox 901 3391 1083 3454; x_wconf 85' lang='lat' dir='ltr'><strong>sufficienter</strong></span> <span class='ocrx_word' id='word_1_358' title='bbox 1101 3394 1229 3472; x_wconf 82' lang='lat' dir='ltr'><strong>patefiat.</strong></span> <span class='ocrx_word' id='word_1_359' title='bbox 1250 3392 1413 3458; x_wconf 79' lang='lat' dir='ltr'><strong>ld&#39;autem</strong></span> 
     </span>
     <span class='ocr_line' id='line_1_40' title="bbox 153 3473 1285 3555; baseline 0.005 -22"><span class='ocrx_word' id='word_1_360' title='bbox 153 3481 370 3555; x_wconf 89' lang='lat' dir='ltr'><strong>proponantur,</strong></span> <span class='ocrx_word' id='word_1_361' title='bbox 383 3473 433 3535; x_wconf 93' lang='lat' dir='ltr'><strong>sed</strong></span> <span class='ocrx_word' id='word_1_362' title='bbox 448 3473 536 3534; x_wconf 87' lang='lat' dir='ltr'><strong>etiam</strong></span> <span class='ocrx_word' id='word_1_363' title='bbox 549 3473 646 3534; x_wconf 90' lang='lat' dir='ltr'><strong>cultus</strong></span> <span class='ocrx_word' id='word_1_364' title='bbox 660 3481 755 3535; x_wconf 84' lang='lat' dir='ltr'><strong>exter·</strong></span> <span class='ocrx_word' id='word_1_365' title='bbox 795 3475 827 3536; x_wconf 86' lang='lat' dir='ltr'><strong>fit</strong></span> <span class='ocrx_word' id='word_1_366' title='bbox 842 3493 894 3554; x_wconf 88' lang='lat' dir='ltr'><strong>per</strong></span> <span class='ocrx_word' id='word_1_367' title='bbox 906 3476 1064 3550; x_wconf 62' lang='lat' dir='ltr'><strong>micaelo,</strong></span> <span class='ocrx_word' id='word_1_368' title='bbox 1086 3485 1115 3538; x_wconf 89' lang='lat' dir='ltr'><strong>et</strong></span> <span class='ocrx_word' id='word_1_369' title='bbox 1133 3477 1285 3540; x_wconf 85' lang='lat' dir='ltr'><strong>uaticinia.</strong></span> 
     </span>
     <span class='ocr_line' id='line_1_41' title="bbox 153 3556 1413 3637; baseline 0.006 -18"><span class='ocrx_word' id='word_1_370' title='bbox 153 3574 210 3619; x_wconf 90' lang='lat' dir='ltr'><strong>uus</strong></span> <span class='ocrx_word' id='word_1_371' title='bbox 227 3557 331 3618; x_wconf 88' lang='lat' dir='ltr'><strong>saltem</strong></span> <span class='ocrx_word' id='word_1_372' title='bbox 356 3556 452 3636; x_wconf 90' lang='lat' dir='ltr'><strong>quoad</strong></span> <span class='ocrx_word' id='word_1_373' title='bbox 469 3574 585 3628; x_wconf 87' lang='lat' dir='ltr'><strong>summe</strong></span> <span class='ocrx_word' id='word_1_374' title='bbox 603 3558 698 3637; x_wconf 83' lang='lat' dir='ltr'><strong>capita</strong></span> <span class='ocrx_word' id='word_1_375' title='bbox 717 3556 755 3618; x_wconf 89' lang='lat' dir='ltr'><strong>ad</strong></span> <span class='ocrx_word' id='word_1_376' title='bbox 836 3560 925 3622; x_wconf 80' lang='lat' dir='ltr'><strong>Noto.</strong></span> <span class='ocrx_word' id='word_1_377' title='bbox 945 3559 1102 3636; x_wconf 88' lang='lat' dir='ltr'><strong>lliracula,</strong></span> <span class='ocrx_word' id='word_1_378' title='bbox 1123 3571 1153 3624; x_wconf 86' lang='lat' dir='ltr'><strong>et</strong></span> <span class='ocrx_word' id='word_1_379' title='bbox 1172 3561 1313 3624; x_wconf 88' lang='lat' dir='ltr'><strong>vaticinia</strong></span> <span class='ocrx_word' id='word_1_380' title='bbox 1331 3581 1413 3626; x_wconf 88' lang='lat' dir='ltr'><strong>cer-</strong></span> 
     </span>
     <span class='ocr_line' id='line_1_42' title="bbox 155 3639 1413 3719; baseline 0.007 -18"><span class='ocrx_word' id='word_1_381' title='bbox 155 3640 388 3702; x_wconf 88' lang='lat' dir='ltr'><strong>uniiormitotem</strong></span> <span class='ocrx_word' id='word_1_382' title='bbox 412 3641 540 3719; x_wconf 88' lang='lat' dir='ltr'><strong>aliquam</strong></span> <span class='ocrx_word' id='word_1_383' title='bbox 562 3639 754 3702; x_wconf 85' lang='lat' dir='ltr'><strong>obtinendam</strong></span> <span class='ocrx_word' id='word_1_384' title='bbox 796 3643 926 3704; x_wconf 85' lang='lat' dir='ltr'><strong>tissimos</strong></span> <span class='ocrx_word' id='word_1_385' title='bbox 946 3643 1063 3706; x_wconf 88' lang='lat' dir='ltr'><strong>divinae</strong></span> <span class='ocrx_word' id='word_1_386' title='bbox 1080 3644 1269 3706; x_wconf 88' lang='lat' dir='ltr'><strong>revelationis</strong></span> <span class='ocrx_word' id='word_1_387' title='bbox 1288 3645 1413 3710; x_wconf 84' lang='lat' dir='ltr'><strong>ebara-</strong></span> 
     </span>
     <span class='ocr_line' id='line_1_43' title="bbox 154 3723 1413 3800; baseline 0.007 -16"><span class='ocrx_word' id='word_1_388' title='bbox 154 3724 377 3800; x_wconf 69' lang='lat' dir='ltr'><strong>determinatum</strong></span> <span class='ocrx_word' id='word_1_389' title='bbox 398 3732 428 3786; x_wconf 92' lang='lat' dir='ltr'><strong>et</strong></span> <span class='ocrx_word' id='word_1_390' title='bbox 447 3723 564 3784; x_wconf 88' lang='lat' dir='ltr'><strong>tandem</strong></span> <span class='ocrx_word' id='word_1_391' title='bbox 584 3731 618 3784; x_wconf 91' lang='lat' dir='ltr'><strong>ut</strong></span> <span class='ocrx_word' id='word_1_392' title='bbox 638 3725 669 3786; x_wconf 91' lang='lat' dir='ltr'><strong>in</strong></span> <span class='ocrx_word' id='word_1_393' title='bbox 690 3725 755 3786; x_wconf 85' lang='lat' dir='ltr'><strong>bie·</strong></span> <span class='ocrx_word' id='word_1_394' title='bbox 797 3735 891 3788; x_wconf 87' lang='lat' dir='ltr'><strong>oteres</strong></span> <span class='ocrx_word' id='word_1_395' title='bbox 910 3728 1090 3790; x_wconf 88' lang='lat' dir='ltr'><strong>constituere</strong></span> <span class='ocrx_word' id='word_1_396' title='bbox 1106 3729 1203 3790; x_wconf 86' lang='lat' dir='ltr'><strong>omnis</strong></span> <span class='ocrx_word' id='word_1_397' title='bbox 1221 3736 1300 3790; x_wconf 90' lang='lat' dir='ltr'><strong>retro</strong></span> <span class='ocrx_word' id='word_1_398' title='bbox 1319 3734 1413 3793; x_wconf 89' lang='lat' dir='ltr'><strong>anti-</strong></span> 
     </span>
     <span class='ocr_line' id='line_1_44' title="bbox 153 3808 1411 3894; baseline 0.007 -24"><span class='ocrx_word' id='word_1_399' title='bbox 153 3808 287 3870; x_wconf 87' lang='lat' dir='ltr'><strong>varchico</strong></span> <span class='ocrx_word' id='word_1_400' title='bbox 306 3808 464 3888; x_wconf 88' lang='lat' dir='ltr'><strong>imperium</strong></span> <span class='ocrx_word' id='word_1_401' title='bbox 484 3825 600 3868; x_wconf 85' lang='lat' dir='ltr'><strong>sacrum</strong></span> <span class='ocrx_word' id='word_1_402' title='bbox 619 3809 755 3871; x_wconf 87' lang='lat' dir='ltr'><strong>stabilia·</strong></span> <span class='ocrx_word' id='word_1_403' title='bbox 796 3810 895 3890; x_wconf 87' lang='lat' dir='ltr'><strong>quites</strong></span> <span class='ocrx_word' id='word_1_404' title='bbox 914 3811 1056 3886; x_wconf 86' lang='lat' dir='ltr'><strong>credidit,</strong></span> <span class='ocrx_word' id='word_1_405' title='bbox 1083 3820 1113 3874; x_wconf 90' lang='lat' dir='ltr'><strong>et</strong></span> <span class='ocrx_word' id='word_1_406' title='bbox 1140 3813 1299 3894; x_wconf 86' lang='lat' dir='ltr'><strong>praecipue</strong></span> <span class='ocrx_word' id='word_1_407' title='bbox 1328 3815 1411 3879; x_wconf 80' lang='lat' dir='ltr'><strong>sodes</strong></span> 
     </span>
     <span class='ocr_line' id='line_1_45' title="bbox 155 3891 1409 3971; baseline 0.006 -18"><span class='ocrx_word' id='word_1_408' title='bbox 155 3901 214 3968; x_wconf 91' lang='lat' dir='ltr'><strong>tur,</strong></span> <span class='ocrx_word' id='word_1_409' title='bbox 234 3893 281 3954; x_wconf 91' lang='lat' dir='ltr'><strong>aui</strong></span> <span class='ocrx_word' id='word_1_410' title='bbox 300 3892 331 3963; x_wconf 90' lang='lat' dir='ltr'><strong>in</strong></span> <span class='ocrx_word' id='word_1_411' title='bbox 350 3911 439 3970; x_wconf 82' lang='lat' dir='ltr'><strong>regno</strong></span> <span class='ocrx_word' id='word_1_412' title='bbox 464 3891 562 3954; x_wconf 89' lang='lat' dir='ltr'><strong>divino</strong></span> <span class='ocrx_word' id='word_1_413' title='bbox 592 3894 696 3955; x_wconf 87' lang='lat' dir='ltr'><strong>morali</strong></span> <span class='ocrx_word' id='word_1_414' title='bbox 720 3913 755 3954; x_wconf 92' lang='lat' dir='ltr'><strong>o·</strong></span> <span class='ocrx_word' id='word_1_415' title='bbox 797 3892 982 3971; x_wconf 88' lang='lat' dir='ltr'><strong>ludaeorum,</strong></span> <span class='ocrx_word' id='word_1_416' title='bbox 1001 3904 1031 3957; x_wconf 91' lang='lat' dir='ltr'><strong>et</strong></span> <span class='ocrx_word' id='word_1_417' title='bbox 1049 3895 1280 3958; x_wconf 86' lang='lat' dir='ltr'><strong>Christianorum</strong></span> <span class='ocrx_word' id='word_1_418' title='bbox 1302 3907 1409 3960; x_wconf 89' lang='lat' dir='ltr'><strong>osten·</strong></span> 
     </span>
     <span class='ocr_line' id='line_1_46' title="bbox 155 3976 1409 4062; baseline 0.006 -26"><span class='ocrx_word' id='word_1_419' title='bbox 155 3993 238 4038; x_wconf 87' lang='lat' dir='ltr'><strong>mnes</strong></span> <span class='ocrx_word' id='word_1_420' title='bbox 254 3976 376 4038; x_wconf 87' lang='lat' dir='ltr'><strong>subesse</strong></span> <span class='ocrx_word' id='word_1_421' title='bbox 393 3983 558 4038; x_wconf 90' lang='lat' dir='ltr'><strong>teneantur.</strong></span> <span class='ocrx_word' id='word_1_422' title='bbox 775 4055 777 4062; x_wconf 12' lang='grc' dir='ltr'>ἲ</span> <span class='ocrx_word' id='word_1_423' title='bbox 796 3977 849 4038; x_wconf 92' lang='lat' dir='ltr'><strong>dit.</strong></span> <span class='ocrx_word' id='word_1_424' title='bbox 871 3977 1101 4042; x_wconf 83' lang='lat' dir='ltr'><strong>Rationalismus</strong></span> <span class='ocrx_word' id='word_1_425' title='bbox 1117 3989 1215 4042; x_wconf 87' lang='lat' dir='ltr'><strong>autem</strong></span> <span class='ocrx_word' id='word_1_426' title='bbox 1232 3989 1409 4061; x_wconf 87' lang='lat' dir='ltr'><strong>temporum</strong></span> 
     </span>
     <span class='ocr_line' id='line_1_47' title="bbox 196 4059 1409 4143; baseline 0.004 -21"><span class='ocrx_word' id='word_1_427' title='bbox 196 4061 227 4122; x_wconf 89' lang='grc'><strong>3.</strong></span> <span class='ocrx_word' id='word_1_428' title='bbox 247 4061 288 4122; x_wconf 84' lang='lat' dir='ltr'><strong>Ex</strong></span> <span class='ocrx_word' id='word_1_429' title='bbox 307 4059 528 4122; x_wconf 89' lang='lat' dir='ltr'><strong>characteribus</strong></span> <span class='ocrx_word' id='word_1_430' title='bbox 550 4059 675 4121; x_wconf 89' lang='lat' dir='ltr'><strong>internis</strong></span> <span class='ocrx_word' id='word_1_431' title='bbox 694 4067 754 4120; x_wconf 84' lang='lat' dir='ltr'><strong>turn</strong></span> <span class='ocrx_word' id='word_1_432' title='bbox 797 4069 976 4136; x_wconf 86' lang='lat' dir='ltr'><strong>nostrorum,</strong></span> <span class='ocrx_word' id='word_1_433' title='bbox 996 4063 1073 4130; x_wconf 84' lang='lat' dir='ltr'><strong>sicut</strong></span> <span class='ocrx_word' id='word_1_434' title='bbox 1088 4065 1227 4126; x_wconf 87' lang='lat' dir='ltr'><strong>veritates</strong></span> <span class='ocrx_word' id='word_1_435' title='bbox 1243 4083 1409 4143; x_wconf 87' lang='lat' dir='ltr'><strong>supra-ra·</strong></span> 
     </span>
     <span class='ocr_line' id='line_1_48' title="bbox 155 4141 1408 4224; baseline 0.006 -20"><span class='ocrx_word' id='word_1_436' title='bbox 155 4144 308 4220; x_wconf 78' lang='lat' dir='ltr'><strong>negativis,</strong></span> <span class='ocrx_word' id='word_1_437' title='bbox 331 4153 392 4206; x_wconf 87' lang='lat' dir='ltr'><strong>tum</strong></span> <span class='ocrx_word' id='word_1_438' title='bbox 413 4143 544 4224; x_wconf 89' lang='lat' dir='ltr'><strong>positivis</strong></span> <span class='ocrx_word' id='word_1_439' title='bbox 559 4141 697 4220; x_wconf 86' lang='lat' dir='ltr'><strong>equidem</strong></span> <span class='ocrx_word' id='word_1_440' title='bbox 721 4161 756 4202; x_wconf 85' lang='lat' dir='ltr'><strong>a·</strong></span> <span class='ocrx_word' id='word_1_441' title='bbox 797 4144 921 4206; x_wconf 88' lang='lat' dir='ltr'><strong>tionales</strong></span> <span class='ocrx_word' id='word_1_442' title='bbox 938 4165 974 4207; x_wconf 85' lang='lat' dir='ltr'><strong>ex</strong></span> <span class='ocrx_word' id='word_1_443' title='bbox 989 4147 1124 4219; x_wconf 85' lang='lat' dir='ltr'><strong>materia,</strong></span> <span class='ocrx_word' id='word_1_444' title='bbox 1146 4148 1186 4209; x_wconf 85' lang='lat' dir='ltr'><strong>ita</strong></span> <span class='ocrx_word' id='word_1_445' title='bbox 1205 4159 1329 4208; x_wconf 85' lang='lat' dir='ltr'><strong>eventus</strong></span> <span class='ocrx_word' id='word_1_446' title='bbox 1344 4169 1408 4211; x_wconf 92' lang='lat' dir='ltr'><strong>su-</strong></span> 
     </span>
     <span class='ocr_line' id='line_1_49' title="bbox 156 4223 1413 4309; baseline 0.009 -22"><span class='ocrx_word' id='word_1_447' title='bbox 156 4227 334 4308; x_wconf 87' lang='lat' dir='ltr'><strong>podioticum</strong></span> <span class='ocrx_word' id='word_1_448' title='bbox 346 4246 399 4309; x_wconf 87' lang='lat' dir='ltr'><strong>pro</strong></span> <span class='ocrx_word' id='word_1_449' title='bbox 414 4225 569 4290; x_wconf 84' lang='lat' dir='ltr'><strong>existentia</strong></span> <span class='ocrx_word' id='word_1_450' title='bbox 580 4223 756 4286; x_wconf 84' lang='lat' dir='ltr'><strong>divinaeve·</strong></span> <span class='ocrx_word' id='word_1_451' title='bbox 796 4229 1000 4306; x_wconf 86' lang='lat' dir='ltr'><strong>pranaturales</strong></span> <span class='ocrx_word' id='word_1_452' title='bbox 1023 4247 1059 4292; x_wconf 82' lang='lat' dir='ltr'><strong>ex</strong></span> <span class='ocrx_word' id='word_1_453' title='bbox 1080 4231 1176 4292; x_wconf 87' lang='lat' dir='ltr'><strong>iorme</strong></span> <span class='ocrx_word' id='word_1_454' title='bbox 1200 4229 1413 4298; x_wconf 84' lang='lat' dir='ltr'><strong>Reveletionis</strong></span> 
     </span>
     <span class='ocr_line' id='line_1_50' title="bbox 186 4311 1409 4399; baseline 0.004 -23"><span class='ocrx_word' id='word_1_455' title='bbox 186 4329 220 4390; x_wconf 72' lang='lat' dir='ltr'><strong>tt)</strong></span> <span class='ocrx_word' id='word_1_456' title='bbox 234 4332 306 4392; x_wconf 61' lang='lat' dir='ltr'><strong>retae,</strong></span> <span class='ocrx_word' id='word_1_457' title='bbox 321 4334 337 4378; x_wconf 81' lang='grc' dir='ltr'><strong>ι.</strong></span> <span class='ocrx_word' id='word_1_458' title='bbox 351 4345 372 4380; x_wconf 72' lang='lat' dir='ltr'><strong>e.</strong></span> <span class='ocrx_word' id='word_1_459' title='bbox 384 4332 403 4394; x_wconf 70' lang='lat' dir='ltr'><strong>a.</strong></span> <span class='ocrx_word' id='word_1_460' title='bbox 419 4332 456 4380; x_wconf 80' lang='lat' dir='ltr'><strong>aa.</strong></span> <span class='ocrx_word' id='word_1_461' title='bbox 796 4311 915 4376; x_wconf 82' lang='lat' dir='ltr'><strong>exulare</strong></span> <span class='ocrx_word' id='word_1_462' title='bbox 940 4311 1112 4377; x_wconf 90' lang='lat' dir='ltr'><strong>desiderans</strong></span> <span class='ocrx_word' id='word_1_463' title='bbox 1141 4323 1203 4377; x_wconf 86' lang='lat' dir='ltr'><strong>tom</strong></span> <span class='ocrx_word' id='word_1_464' title='bbox 1234 4315 1409 4399; x_wconf 85' lang='lat' dir='ltr'><strong>miracula,</strong></span> 
     </span>
    </p>
   </div>
   <div class='ocr_carea' id='block_1_3' title="bbox 942 1583 1252 1744">
    <p class='ocr_par' dir='ltr' id='par_1_3' title="bbox 942 1583 1252 1744">
     <span class='ocr_line' id='line_1_51' title="bbox 1049 1583 1149 1652; baseline 0.02 -17"><span class='ocrx_word' id='word_1_465' title='bbox 1049 1583 1079 1652; x_wconf 73' lang='lat'><strong>§-</strong></span> <span class='ocrx_word' id='word_1_466' title='bbox 1094 1590 1149 1637; x_wconf 66' lang='lat'><strong>82.</strong></span> 
     </span>
     <span class='ocr_line' id='line_1_52' title="bbox 942 1690 1252 1744; baseline 0.016 -6"><span class='ocrx_word' id='word_1_467' title='bbox 942 1690 968 1738; x_wconf 90' lang='lat' dir='ltr'><strong>ll.</strong></span> <span class='ocrx_word' id='word_1_468' title='bbox 987 1691 1137 1738; x_wconf 85' lang='lat' dir='ltr'><strong>Charaeteres</strong></span> <span class='ocrx_word' id='word_1_469' title='bbox 1152 1695 1252 1744; x_wconf 86' lang='lat' dir='ltr'><strong>externl.</strong></span> 
     </span>
    </p>
   </div>
   <div class='ocr_carea' id='block_1_4' title="bbox 0 0 1461 4732">
    <p class='ocr_par' dir='ltr' id='par_1_4' title="bbox 0 0 1461 4732">
     <span class='ocr_line' id='line_1_53' title="bbox 0 0 1461 4732; baseline 0 0"><span class='ocrx_word' id='word_1_470' title='bbox 0 0 1461 4732; x_wconf 95' lang='lat' dir='ltr'><strong> </strong></span> 
     </span>
    </p>
   </div>
  </div>
 </body>
</html>
