2934 4736
196 175 258 240 306
595 193 781 242 raaouoauoc
801 191 963 238 emeatus

154 278 200 334 tas
219 273 314 342 oritur
331 273 408 338 circa
426 272 571 352 llarcum,
591 273 701 336 Lucam
726 282 756 336 et
796 280 868 334 mat.
898 271 971 334 llam
999 289 1164 334 consensus
1192 269 1401 337 Ecclesiamm

151 354 681 440 Paulum,quicoetuitlposlolorum
695 377 754 421 non
794 355 933 437 publicus
951 363 982 418 et
1003 355 1181 418 universalis
1203 356 1282 419 circa
1305 375 1331 418 s.
1360 359 1402 420 ti-

150 439 565 520 legontorinterluisse,dmn
579 444 754 523 magnificae
795 439 916 502 brorum
942 439 1167 521 inspirationem
1192 458 1252 500 non
1274 441 1403 506 aliunde

151 522 225 603 ipsis
243 526 456 605 promissiones
480 528 574 589 lectae
596 535 686 603 sunt,
708 529 752 589 rel
793 525 887 604 repeti
907 535 1015 605 potest,
1033 523 1089 586 uisi
1108 543 1142 586 ex
1159 525 1292 588 unanimi
1310 525 1402 588 insti*

150 606 221 668 dum
241 608 270 670 in
289 609 338 672 die
351 609 541 674 Pentecosles
556 608 698 690 Spiritum
719 609 750 674 S.
794 609 908 670 tutione
920 608 1117 690 abbpostolis
1129 608 1401 688 acceptu—Gen·

150 702 342 771 acceperunt.
367 695 534 756 bdtluctum
563 713 633 772 erga
660 713 751 773 argo·
791 711 897 755 sensus
912 701 1013 755 autem
1036 692 1188 754 Ecclesiae
1207 689 1347 774 publicus
1366 703 1398 757 et

148 784 282 836 mentam
309 777 452 840 biblicum
481 778 653 842 nullatenus
674 781 752 842 ralet
791 777 967 838 unirerselis
984 777 1063 837 circa
1085 795 1110 838 s.
1131 775 1275 837 librorum
1294 777 1395 857 inspi-

149 857 185 920 ad
213 858 337 922 istorum
366 861 592 943 inspirationem
618 862 751 944 proban·
790 860 935 924 rationem
956 860 1075 942 probari
1094 869 1190 942 petest
1206 868 1267 921 tum
1282 877 1324 922 es
1338 864 1397 925 Et*

147 941 228 1004 riam.
250 941 333 1015 Quod
361 946 386 1006 si
415 947 542 1021 dicator,
566 945 696 1008 Marcum
720 956 750 1010 et
788 945 893 1008 clesioc
902 947 1007 1025 preci,
1024 954 1086 1006 tum
1097 961 1137 1006 eu
1149 945 1323 1006 testiumuiis
1335 947 1391 1010 88.

145 1021 257 1088 Lucam
274 1030 410 1109 aequalia
426 1048 493 1091 cum
510 1030 657 1112 bpostolis
671 1031 749 1094 dona
788 1031 926 1106 Putrem,
947 1038 1009 1092 tum
1026 1047 1066 1092 es
1083 1027 1304 1109 depositionibus
1315 1043 1393 1093 uou-

147 1118 178 1170 et
195 1111 347 1190 privilegia
366 1115 535 1192 accepisse,
552 1115 597 1176 rel
616 1115 747 1196 ipsorum
787 1114 937 1176 ciliorum.

146 1191 304 1269 arassetis
323 1196 516 1269 dictantibus,
535 1207 587 1260 aut
603 1201 748 1262 assisten—
830 1199 859 1258 l.
881 1193 910 1258 S.
931 1196 1026 1258 libros
1044 1203 1076 1258 ut
1093 1193 1235 1257 divinitus
1257 1194 1393 1278 inspira·-

147 1279 238 1354 tibus,
259 1280 303 1342 rel
325 1281 428 1342 saltem
448 1282 682 1360 approbantibus
704 1282 747 1346 A·
787 1288 833 1343 tos
851 1280 968 1342 babitus
983 1281 1086 1350 luisse,
1102 1279 1209 1361 probat
1228 1281 1292 1362 ipsa
1308 1299 1393 1343 sum-

146 1363 270 1506 postolis
284 1364 452 1445 conscripta
467 1383 542 1440 esse,
558 1378 694 1430 neutrum
711 1385 745 1428 ex
787 1383 835 1426 ina
858 1365 1030 1441 ueneratio,
1056 1383 1145 1446 quiam
1174 1364 1307 1426 Ecclesia
1328 1367 1390 1427 illis

168 1445 298 1525 criptura
323 1447 442 1527 probari
471 1458 577 1529 potest.
601 1485 643 1498 -
664 1449 746 1523 Qriae
786 1450 867 1511 ouini
893 1458 1027 1530 tempore
1048 1447 1193 1510 exbibnit.
1212 1448 1288 1528 lpsis
1306 1450 1387 1510 enim

146 1545 179 1588 es
198 1528 290 1591 Paulo
305 1530 447 1607 citantur,
466 1541 568 1595 tenore
587 1533 744 1596 verborum
786 1532 844 1594 iam
870 1533 901 1594 in
929 1531 1033 1614 primis
1057 1533 1185 1593 saeculis
1210 1551 1264 1594 usa
1287 1543 1332 1594 est
1350 1535 1388 1594 ad

145 1611 182 1672 de
206 1613 425 1690 praedicatione
444 1625 473 1678 et
495 1636 553 1678 non
572 1618 608 1680 de
627 1619 747 1699 scriptis
785 1617 915 1679 bdelium
932 1616 1161 1691 iristitulioneni;
1178 1633 1270 1698 qtiare
1286 1617 1317 1677 in
1335 1637 1390 1698 pu·

145 1693 240 1775 ipsius
257 1697 336 1760 dicta
353 1709 441 1774 sunt,
456 1709 486 1762 et
504 1701 670 1763 doctrinam
694 1721 747 1765 re-·
786 1700 871 1763 blicis
885 1701 1114 1762 cliristianorom
1130 1701 1265 1762 coetibus
1279 1717 1387 1778 magna

143 1779 268 1840 relatam
297 1801 357 1844 noo
380 1785 512 1865 reliqua,
532 1804 560 1847 e.
581 1805 609 1863 g.
630 1788 744 1868 episto·
784 1803 850 1846 curu
865 1786 973 1866 pietate
987 1793 1017 1846 et
1033 1783 1322 1865 praelegebanturet
1337 1805 1390 1847 ex·

143 1861 201 1922 lam
218 1864 255 1926 orl
270 1863 488 1942 Philemonem,
502 1870 643 1948 afficiunt.
661 1871 744 1933 Clare
785 1869 983 1950 plicabantur.
1003 1867 1045 1930 bd
1061 1868 1282 1930 ‘baereticorum
1306 1889 1387 1949 qinon

143 1948 249 2009 eximie
269 1959 360 2029 patet,
380 1969 406 2012 s.
429 1952 568 2014 librorum
588 1953 623 2016 tl.
644 1954 677 2016 Τ.
700 1956 743 2016 in·
783 1973 841 2035 qtte
859 1953 1091 2016 conlutationem
1116 1951 1246 2014 Ecclesia
1265 1969 1389 2033 semper

143 2031 337 2112 spirationem
358 2035 438 2096 onirri
459 2055 493 2098 rx
520 2049 602 2116 parte
623 2057 674 2118 per
691 2059 743 2099 se-¹
783 2039 863 2100 ads.
885 2039 976 2099 libros
995 2036 1174 2118 provocarit,
1189 2045 1218 2098 et
1237 2055 1290 2117 per
1309 2039 1388 2098 isto·

143 2112 201 2174 lain
214 2112 244 2176 S.
259 2113 439 2198 Scriptorum
452 2120 570 2200 probari
585 2122 663 2182 lraoil
673 2141 744 2203 pos·
783 2141 847 2182 rum
866 2123 953 2184 effata
969 2121 1087 2182 illorum
1105 2138 1220 2183 errores
1235 2121 1383 2185 coniuilit.

141 2215 185 2258 se:
203 2199 255 2260 sed
274 2202 309 2260 ad
330 2203 356 2261 iii
377 2213 582 2280 argumentum
599 2208 743 2278 ecclesia·
783 2207 914 2268 Ecclesia
928 2208 1047 2267 ‹lernirm
1066 2223 1185 2286 semper
1202 2223 1269 2265 curri
1292 2206 1387 2276 inaxi-

143 2281 250 2358 sticum
270 2287 434 2367 requiritur
452 2297 482 2350 el
500 2290 609 2352 sufficit
625 2293 639 2373 l
658 2294 685 2373 ).
784 2309 830 2350 ma
848 2291 966 2352 solertia
986 2289 1157 2367 invigilavit,
1175 2308 1212 2351 ne
1229 2285 1386 2372 Scriptura

781 2393 864 2436 sacra
883 2375 943 2435 ullo
963 2373 1050 2434 morio
1072 2385 1293 2454 corrumpatur,
1314 2393 1384 2436 orit·

783 2473 910 2539 neroque
937 2458 1070 2520 eiusdem
1098 2459 1141 2519 rel
1172 2458 1385 2538 interpolatio·

782 2561 850 2604 nem
877 2542 919 2603 rel
945 2541 1161 2604 similationem
1188 2552 1221 2603 ut
1238 2546 1385 2618 gravissi-

782 2645 857 2688 mam
873 2625 1009 2686 iniariam
1024 2628 1053 2687 in
1067 2623 1247 2706 SpiritumS.
1258 2626 1385 2687 tlanma·

782 2711 841 2782 rit,
862 2709 903 2770 uti
924 2711 1017 2771 solide
1037 2712 1179 2790 probatur
1195 2712 1233 2774 ab
1254 2711 1308 2783 iis,
1329 2713 1383 2792 qui

375 2446 406 2517 ς.
434 2453 508 2502 iro.

232 2577 258 2625 B.
273 2580 439 2636 argumentum
456 2579 647 2632 Ecclesiastlcum.

179 2669 332 2782 Apostoli,
352 2700 513 2784 Spiritus.
535 2710 652 2790 repleti,
673 2729 740 2774 cer-

140 2789 167 2844 ie
192 2799 389 2862 ciignorerunt
406 2834 414 2863 ,
434 2792 555 2870 qtrirram
583 2795 651 2856 libri
671 2816 740 2858 vere

138 2867 280 2932 diuinitus
297 2871 432 2951 inspirati
452 2877 523 2938 siut.
545 2876 617 2939 tarn
639 2890 737 2942 autem

138 2953 226 3014 lalem
252 2957 451 3033 cognitionem
477 2970 587 3022 certam
608 2963 636 3023 iu
657 2966 736 3025 oirtui

137 3041 272 3114 teirrpore
288 3039 398 3102 borium
415 3043 568 3120 religionis
586 3059 736 3124 exposcat,

138 3137 176 3180 ne
195 3121 296 3183 bile‘es
318 3126 362 3186 vel
387 3127 497 3208 scripta
519 3129 618 3190 diviua
645 3150 737 3211 rapn-

137 3202 236 3277 dient,
257 3207 299 3267 rel
322 3210 441 3290 scriptis
462 3214 573 3291 spuriis
589 3215 736 3276 seducan-

136 3292 197 3380 lpr‚
215 3287 326 3370 absque
345 3294 436 3356 dubio
452 3295 595 3375 Apostoli,
616 3319 652 3360 ne
669 3302 736 3361 ottt-

138 3387 184 3430 cto
203 3391 257 3432 suo
277 3375 426 3452 deessent,
443 3380 579 3442 fidelibus
598 3383 626 3442 iu
644 3402 735 3460 pene-

780 2795 875 2856 lusius
892 2794 929 2855 de
945 2814 971 2855 s.
992 2793 1157 2856 Bibliornm
1175 2795 1333 2858 authentia
1350 2807 1385 2857 et

780 2878 947 2956 integritate
961 2887 1102 2942 tractant.

820 2962 851 3023 E.
872 2962 925 3026 88.
942 2964 1046 3025 Patras
1064 2961 1198 3024 iinanimi
1217 2969 1247 3023 et
1268 2979 1382 3043 perpe·

780 3054 828 3106 trio
847 3063 994 3107 consensu
1014 3047 1173 3122 allitanant,
1194 3055 1285 3107 totam
1302 3045 1384 3107 Scri·

779 3143 913 3209 ptoram,
932 3131 998 3192 sine
1016 3131 1190 3192 discrimine
1208 3131 1286 3191 inter
1303 3131 1382 3192 sub·

777 3215 925 3276 stantialia
944 3215 1209 3288 elaocirlentalia,
1229 3233 1288 3275 tion
1310 3224 1381 3276 tan·

779 3307 838 3358 tum
853 3299 1026 3375 religionem
1040 3301 1198 3360 revelatam
1209 3301 1374 3372 coutiaere,

777 3383 827 3443 sed
843 3384 898 3443 sub
914 3383 1108 3463 inspiratione
1122 3383 1222 3443 divina
1233 3385 1375 3462 scriptam

138 3472 190 3549 re,
210 3475 243 3517 oc
262 3461 422 3539 praecipue
442 3465 516 3538 tttts,
538 3485 614 3546 qiros
633 3467 735 3530 Eccle-
777 3484 852 3530 esse.
863 3465 910 3528 Sic
920 3464 1381 3545 tttmursltomtotatt:‹scri-
1450 3467 1451 3490 l

137 3555 248 3600 siarum
268 3546 418 3619 praesoles
432 3548 664 3622 constituebant,
678 3554 737 3614 cla·
777 3559 878 3629 ptiiras
891 3551 1048 3629 diligenter
1059 3552 1295 3632 inspicite,quae
1305 3559 1385 3624 siunt,

135 3639 167 3684 rc
196 3625 444 3717 iirr'inlit'estarmit,
468 3649 612 3709 tptrosrram
643 3635 736 3697 libros
776 3633 905 3714 Spiritus
922 3632 952 3697 S.
971 3637 1101 3697 oracula:
1121 3635 1227 3696 scitote
1244 3636 1315 3714 quia
1335 3635 1378 3696 nil

136 3723 189 3767 ceu
209 3707 350 3768 divinitus
370 3710 528 3790 inspiratos
546 3720 678 3779 reiterari
699 3739 735 3782 o·
777 3718 891 3794 iniusti,
907 3721 948 3780 nil
965 3721 1029 3781 luisi
1049 3728 1099 3780 aut
1117 3719 1247 3779 simulati
1267 3719 1298 3780 iu
1316 3719 1380 3780 illis

135 3798 262 3883 porteat.
280 3790 478 3886 -UQuouiam
499 3810 598 3860 autem
615 3803 643 3862 in
659 3805 735 3864 scri·
775 3804 917 3883 scriptum
935 3814 989 3864 est.
1003 3823 1067 3863 r—
1079 3804 1110 3866 S.
1124 3803 1257 3864 institua·
1269 3804 1311 3864 nl.
1326 3802 1378 3882 (3)

136 3885 195 3952 ptis
206 3875 376 3952 apostolicis
389 3879 415 3938 id
430 3881 659 3946 determinatum
674 3889 738 3948 nul·
776 3887 865 3961 dicit,
884 3889 1046 3968 scriptores
1066 3887 1167 3948 sacros
1182 3888 1219 3948 ad
1239 3887 1374 3948 conscri-

136 3955 254 4016 latemrs
282 3959 407 4037 teatini,
431 3965 553 4026 oiuuiuo
577 3969 734 4032 ilicemlum
777 3971 871 4032 tuenda
888 3991 941 4032 sua
958 3972 1109 4032 voltruiiuo
1124 3971 1197 4032 nibil
1218 3971 1298 4032 aliud
1317 3987 1375 4031 tte·

137 4045 192 4130 est,
209 4039 365 4119 Apostolos
384 4046 439 4108 boc
458 4057 597 4110 oretanus
613 4057 737 4130 praesti·
775 4073 857 4116 cesse
876 4055 1034 4132 bairaima,
1057 4056 1155 4117 nisi...
1173 4075 1188 4114 ι
1204 4071 1293 4134 pisticis
1310 4054 1374 4114 sci·

137 4128 228 4199 iisse,
247 4128 324 4205 ‹pirod
348 4138 378 4190 el
400 4132 463 4212 ipsa
484 4131 605 4194 ltisloria
624 4140 734 4196 resilir-
775 4157 843 4219 pisos
858 4139 948 4200 diuini
967 4137 1094 4220 Spiritus
1108 4139 1272 4220 operationi
1286 4155 1376 4222 piae·
1446 4141 1447 4144 ’

168 4241 198 4302 (lt
214 4253 237 4294 V·
249 4254 363 4312 llu'imapr
375 4263 390 4303 t.
402 4260 438 4315 lV,
450 4261 551 4317 append.
562 4259 580 4317 p,
589 4261 613 4306 rt
629 4287 657 4296 -
668 4261 688 4324 ἣ.
697 4265 735 4311 at.
805 4261 839 4323 (tl
852 4267 925 4326 llpist.
940 4269 946 4313 l
963 4259 992 4315 ail
1008 4271 1111 4318 tiocliilb.
1123 4285 1143 4317 r.
1159 4274 1196 4320 lb.
1215 4303 1220 4314 ι

138 4304 237 4356 l’etruue
252 4315 267 4360 l.
283 4317 305 4376 b,
320 4330 344 4376 p.
359 4318 387 4378 ll,
400 4331 451 4379 cop.
468 4321 493 4377 ll,
509 4332 574 4379 prop.
590 4322 619 4369 ll.
803 4327 840 4383 [5)
850 4329 966 4376 Admonil.
980 4330 1011 4376 ad
1026 4335 1091 4379 fierit.
1107 4345 1131 4378 u.
1146 4333 1168 4380 8.
