2928 4734
173 177 236 236 ttlo
575 191 759 238 rnnommau
779 152 941 236 eburneus

130 276 197 352 past
217 269 418 350 Porphyrium
436 276 465 332 et
493 269 646 350 leecpllttm
663 287 734 351 pro·
775 270 958 332 aedilieenda
977 268 1051 332 urbe
1065 277 1098 332 nt
1115 268 1234 334 initium
1249 288 1389 351 compu-

131 353 272 436 pugnavit
288 355 479 419 Murahumua
501 354 513 435 (
535 356 559 433 ).
775 354 896 416 tationis
910 354 1050 432 assignat.
1064 354 1183 416 Falsum
1196 356 1306 418 iterum
1322 364 1388 429 est,

92 491 95 498 .
121 441 129 454 “
174 438 259 516 Reep.
280 437 376 500 Allata
397 436 602 519 interpretatio
615 445 733 498 contra·
776 437 962 518 septuaginta
986 437 1186 500 hebdomades
1216 437 1257 500 ita
1288 437 1389 500 dividi

132 521 313 584 dictionibus
327 530 430 584 scatet.
450 521 522 584 llam
544 521 574 582 l⁰
592 520 657 582 sine
672 521 736 582 sul·
755 495 759 620 i
777 530 806 582 et
823 521 962 604 explicari
977 539 1076 602 posse,
1087 530 1121 584 ut
1138 528 1252 604 septem
1267 521 1391 602 priores

132 605 244 668 beieuti
255 606 370 670 ratione
385 606 555 668 vaticinium
570 622 624 686 per
636 622 738 684 spnee·
776 605 855 667 intra
877 605 1007 686 spatium
1019 605 1142 668 aliarum
1155 605 1388 684 contineantur;

132 689 248 752 docben
267 690 445 770 explicatur,
465 708 532 752 cum
555 707 614 751 non
642 705 737 769 poena
776 689 827 752 sed
839 690 917 752 istud
933 690 1019 767 longe
1029 688 1189 752 absurdius
1200 698 1256 766 εει,
1265 698 1389 770 septem

132 774 210 849 tolli,
223 773 275 834 sed
292 773 491 836 consummari
510 771 735 854 praevaricatio,
778 774 892 855 priores
909 773 1019 835 ducere
1040 774 1078 836 ab
1099 792 1177 837 anno
1195 773 1232 835 bl
1255 773 1390 854 captivi-

133 859 223 920 linem
246 856 381 938 accipere
400 865 571 938 peccatum,
592 863 622 918 ει
644 855 737 917 deleri
777 858 857 933 tatis,
885 858 1015 939 reliquas
1032 865 1131 920 autem
1163 867 1390 938 consequentes

132 941 276 1021 iniquitas
291 941 418 1002 tlicatur:
434 941 485 1003 isti
499 950 598 1002 autem
615 940 738 1002 effectus
777 942 815 1004 ab
833 941 953 1004 exordio
967 940 1100 1004 eiusdem
1119 942 1316 1022 captivitatis;
1343 943 1390 1004 sic

133 1025 188 1086 soli
207 1023 329 1088 llessiae
357 1024 487 1086 adscribi
513 1030 659 1104 possunt,
685 1025 736 1105 qui
778 1027 887 1088 etenim
901 1026 1079 1106 posteriores
1089 1025 1290 1088 hebdomades
1301 1026 1391 1108 prius

15 1163 16 1176 ,
133 1117 203 1254 post
222 1109 262 1170 lt]
283 1108 484 1172 hebdomades
502 1108 568 1170 ideo
586 1108 623 1170 ad
640 1126 738 1189 popu·
778 1111 955 1191 inciperent,
975 1127 1064 1190 quam
1084 1110 1209 1190 priores,
1230 1110 1309 1190 quod
1332 1129 1391 1190 per

147 1211 197 1254 una
211 1209 310 1265 snum,
333 1199 362 1253 et
379 1191 409 1252 in
425 1192 528 1254 urbem
542 1200 673 1254 sanctam
687 1191 739 1253 ad·
778 1213 843 1256 sese
870 1192 1115 1255 absurdissimum
1135 1201 1191 1256 εει.
1212 1193 1244 1254 40
1262 1192 1389 1256 Falsum

135 1277 236 1339 uenire
250 1276 370 1352 dicitur,
382 1276 452 1356 quia
468 1276 608 1356 primario
620 1275 739 1338 ludaeis
779 1285 835 1353 εει,
856 1278 985 1359 primum
1005 1276 1086 1339 Darii
1101 1296 1224 1354 annum,
1245 1296 1305 1358 quo
1320 1277 1389 1338 iln-

135 1359 299 1442 prnmissus
318 1360 423 1421 luerat.
445 1359 564 1422 Falsum
580 1377 667 1440 porro
681 1368 737 1436 est,
779 1363 862 1441 gelus
879 1360 994 1423 Danieli
1011 1361 1106 1442 primo
1131 1361 1280 1442 apparuit,
1305 1361 1390 1423 inci·

136 1445 174 1506 de
196 1443 384 1524 adimplenda
411 1445 567 1526 prophetia
595 1444 739 1506 Ieremiae
780 1447 849 1508 dere
864 1447 1016 1507 inannum
1033 1445 1069 1506 bl
1092 1445 1271 1527 captivitatis
1288 1445 1389 1526 baby-

135 1539 303 1590 serntonem
322 1545 398 1603 esse3
423 1547 491 1591 nam
510 1529 664 1610 captivitas
684 1527 739 1590 ba·
780 1530 907 1607 lonicae,
927 1528 1032 1590 incidit
1050 1529 1130 1592 enirn
1150 1529 1180 1590 in
1199 1548 1311 1591 annum
1330 1531 1388 1592 68.

136 1611 273 1691 bylouica
287 1629 355 1672 rere
370 1613 467 1674 soluta
485 1613 540 1674 luit
554 1621 618 1694 post
634 1613 673 1674 'lO
687 1631 741 1674 an·
780 1613 902 1676 Duobus
924 1613 1033 1674 etenim
1052 1612 1195 1676 duntaxat
1214 1613 1300 1676 annis
1321 1614 1392 1676 Du·

137 1713 204 1770 nos,
226 1703 255 1756 ει
273 1713 332 1756 non
345 1703 411 1775 post
423 1697 462 1758 to
474 1696 674 1759 hebdomades
688 1715 741 1758 an·
780 1700 845 1761 ritca
862 1698 966 1763 Mcdtts
984 1698 1014 1758 in
1031 1695 1149 1777 Assyria
1167 1696 1312 1776 regnavit,
1337 1697 1390 1759 cui

136 1797 256 1840 norum.
272 1778 390 1841 Falsurn
404 1798 523 1861 quoque
537 1789 593 1856 est,
612 1779 742 1861 Prophe·
781 1782 923 1844 successit
943 1781 1051 1860 Cpros,
1064 1781 1117 1862 qui
1128 1801 1207 1843 anno
1220 1782 1316 1862 primo
1332 1781 1391 1842 im·

137 1871 198 1924 tam
218 1862 254 1924 de
273 1863 385 1924 iustitia
400 1865 487 1944 legali
501 1865 595 1944 loqui,
615 1881 691 1944 quae
709 1883 742 1925 a·
782 1866 857 1949 perii
876 1865 1076 1944 captivitatem
1098 1866 1185 1927 solvit
1203 1865 1262 1946 (2).
1277 1866 1309 1926 50
1321 1864 1391 1926 Fal-

138 1946 282 2027 liquando
300 1948 389 2008 finem
412 1948 521 2011 habere
539 1948 653 2026 debuit,
673 1967 741 2010 cum
782 1949 986 2030 sumdeuique
998 1957 1054 2023 est,
1070 1948 1201 2011 Danielis
1212 1947 1390 2011 vaticinium

136 2031 254 2094 iustitio
267 2033 445 2110 sempiterno
463 2032 638 2095 adducenda
658 2033 742 2094 dica·
782 2034 838 2096 sub
858 2033 1003 2098 Atetiocho
1024 2034 1180 2112 Epiphania
1206 2033 1293 2095 anuis
1316 2043 1391 2094 ante

137 2122 195 2176 tur.
219 2114 337 2176 Falsum
357 2115 486 2197 denique
509 2125 564 2191 est,
585 2135 603 2178 a
620 2116 742 2178 Daniele
782 2117 930 2182 Christum
951 2118 1011 2179 175
1029 2117 1183 2197 impletum
1199 2117 1303 2192 luisse;
1317 2135 1389 2177 narn

137 2198 396 2275 inaugurationem
416 2208 446 2262 et
467 2201 636 2263 unctionem
664 2207 742 2262 tem·
783 2203 837 2263 etsi
850 2200 911 2264 ller
921 2202 977 2264 iste
995 2201 1105 2282 impius
1115 2200 1239 2262 ludaeos
1257 2201 1321 2262 dire
1334 2217 1390 2261 ve·

140 2282 181 2364 pli
201 2283 395 2364 praesignari,
415 2284 486 2365 quia
508 2294 620 2346 certum
646 2294 690 2346 est
708 2303 744 2346 er
782 2285 911 2362 raverit,
938 2294 968 2348 et
996 2286 1139 2366 templum
1166 2284 1389 2366 profanaverit,

140 2367 287 2428 constanti
295 2366 472 2430 ludaeorum
483 2369 653 2445 traditione,
668 2387 744 2429 nun·
784 2388 843 2430 non
858 2378 956 2430 tannen
969 2368 1072 2431 urbem
1084 2378 1113 2430 ει
1122 2368 1324 2430 sanctuarium
1338 2387 1392 2448 pe·

140 2468 231 2530 quam
250 2453 392 2533 ternplum
413 2453 576 2514 secundnm
588 2453 742 2514 inunctum
785 2455 864 2516 nitus
880 2453 1035 2528 destruxit3
1049 2461 1137 2533 atque
1149 2452 1216 2514 ideo
1228 2451 1389 2528 desolatio,

141 2533 246 2609 luisse,
259 2554 355 2614 neque
370 2536 426 2597 sub
441 2536 633 2612 zorobabele,
647 2554 744 2616 neque
784 2538 820 2599 de
831 2557 890 2618 que
905 2537 1037 2618 loquitur
1049 2536 1165 2610 Daniel,
1179 2555 1237 2597 nou
1257 2535 1313 2597 suh
1327 2535 1392 2597 Aa·

143 2617 200 2680 sub
212 2617 284 2680 luda
298 2617 531 2697 llucbabeeo,ut
544 2621 644 2696 Dolor,
657 2622 743 2685 Mur·
785 2623 883 2684 tiocho
901 2621 1069 2701 Epiphane,
1090 2620 1141 2682 scd
1163 2620 1249 2697 longe
1266 2627 1388 2700 postea,

142 2703 210 2776 tini,
227 2703 557 2768 Calatinusetlluetiue
572 2704 742 2766 ostendunt.
785 2723 892 2786 nempe
905 2715 970 2786 post
988 2704 1117 2767 occisum
1134 2703 1296 2780 Christum,
1312 2711 1342 2765 ει
1356 2703 1390 2765 in

142 2785 174 2848 2⁰
192 2785 309 2849 Falsum
330 2797 387 2864 est,
399 2788 475 2849 duos
490 2808 507 2848 a
521 2787 643 2850 Deuiele
661 2788 747 2852 Chri-
786 2807 911 2871 poenam
932 2788 1022 2851 occisi
1039 2787 1146 2851 Christi
1164 2787 1220 2850 sub
1239 2787 1317 2862 lito,
1333 2785 1391 2848 lle-

142 2879 203 2934 stos
218 2870 372 2950 distingui;
387 2890 453 2932 nam
467 2871 532 2932 sine
544 2873 645 2934 omnia
660 2891 746 2953 pror·
785 2873 916 2955 spasiani
937 2873 1011 2950 sulio,
1029 2872 1201 2950 contingere
1213 2871 1327 2933 debuit.
1355 2872 1391 2932 6·

143 2973 194 3015 sus
212 2955 329 3016 ratione
348 2955 484 3019 Christos
502 2956 566 3018 duc
589 2975 617 3017 r.
638 2957 680 3018 25
697 2957 745 3018 tli-
785 2959 920 3041 Denique
934 2957 963 3018 in
978 2965 1173 3037 tempusque
1186 2954 1390 3034 regnauittln-

117 3105 124 3126 ⁴,
142 3057 245 3100 versus
256 3039 393 3102 dicituro
407 3039 522 3103 Christo
541 3040 701 3102 occidendo
716 3060 743 3102 v.
787 3043 902 3105 tiochns
914 3041 945 3103 in
960 3039 1167 3120 Syria,caderc
1180 3058 1238 3100 nou
1264 3047 1391 3120 possunt

118 3155 125 3188 ε
144 3122 196 3184 Db.
217 3122 346 3203 Tempus
363 3123 443 3185 enim
464 3125 503 3186 etl
527 3123 746 3186 hebdomadum
787 3145 863 3208 quae
875 3125 980 3187 Daniel
991 3132 1057 3204 post
1069 3125 1108 3186 70
1121 3122 1320 3184 hebdomades
1335 3141 1392 3183 an·

119 3243 123 3248 -
145 3206 175 3266 in
189 3206 746 3288 duaspartesdispeseitur,nonntduo
787 3228 893 3272 norum
912 3217 1034 3270 ventura
1057 3207 1214 3288 praedixit,
1236 3225 1304 3268 nam
1325 3223 1393 3286 pec·

143 3288 252 3352 Christi
268 3290 472 3368 designantium
492 3293 541 3353 sed
561 3301 594 3354 ut
606 3293 747 3355 ostenda-
787 3303 852 3356 cato
871 3293 938 3354 bnis
952 3291 1110 3373 impositus
1122 3309 1180 3352 non
1193 3299 1250 3366 εει,
1268 3307 1322 3350 nec
1337 3289 1392 3350 ad·-

122 3395 124 3400 ·
145 3381 204 3446 tur,
218 3373 288 3452 quid
307 3383 418 3455 septem
434 3376 565 3454 priorum
581 3376 747 3442 hebdoma·
787 3376 993 3440 ductaiustitia
1004 3375 1196 3454 sempiternum
1210 3383 1318 3436 unctus
1331 3392 1392 3435 non

112 3523 114 3528 ,
145 3457 215 3516 dum
241 3457 336 3536 spatio
356 3460 566 3538 perficiendum
590 3462 639 3538 sit,
669 3461 746 3544 quod
788 3469 832 3524 est
842 3459 967 3524 Sanctus
977 3457 1165 3535 Sanctorum,
1179 3459 1281 3520 civitas
1295 3475 1391 3536 etpu-

146 3540 193 3602 his
205 3541 301 3602 verbis
314 3542 498 3622 exprimitur:
511 3546 550 3611 Ει
561 3563 748 3610 rursomue-
787 3554 876 3624 gnata
893 3545 1034 3626 quidem,
1051 3543 1103 3604 sed
1125 3559 1184 3604 non
1204 3559 1305 3604 eversa
1322 3540 1389 3616 luit,

146 3625 315 3704 edificabitur
334 3627 432 3706 platea
450 3636 477 3692 et
495 3631 577 3693 matri
594 3631 629 3693 in
647 3647 748 3710 anpu·
789 3629 890 3692 etsolo
902 3637 1039 3710 aequata;
1054 3627 1168 3688 occisus
1179 3645 1237 3688 non
1248 3635 1292 3687 est
1303 3623 1390 3687 Chri-

145 3710 203 3772 stia
230 3717 402 3789 tencporum.
437 3713 468 3774 30
493 3711 600 3776 Errant
629 3731 749 3794 quoque
787 3723 863 3791 stus,
883 3723 912 3775 et
931 3721 1054 3791 negatus
1071 3730 1088 3772 a
1106 3712 1179 3773 suis.
1200 3708 1349 3773 Desolatio
1362 3708 1390 3769 i-

147 3791 318 3872 aduersarii,
338 3796 408 3858 dum
427 3796 542 3872 dicunt,
559 3799 667 3860 exitum
682 3816 748 3858 ser·
790 3807 878 3878 taque
900 3809 1043 3878 perpetua
1060 3814 1118 3856 non
1139 3794 1205 3872 tuh,
1231 3793 1284 3856 sed
1303 3793 1390 3874 paulo

147 3878 258 3955 monis,
284 3897 302 3940 a
324 3899 382 3960 quo
410 3880 611 3944 hebdomades
629 3881 747 3942 initium
790 3889 855 3963 post
877 3881 965 3942 ludos
987 3879 1181 3942 llachahaeus
1205 3878 1311 3940 deletis
1327 3877 1390 3938 iln-

144 3962 270 4036 tlucunt,
290 3981 355 4026 esse
369 3973 485 4044 tempus
495 3965 634 4046 colloquii
647 3965 750 4042 hugeli
790 3965 880 4028 tiochi
896 3965 990 4046 copiis
1001 3963 1159 4026 Ierusalem
1172 3962 1321 4041 ingressus
1333 3969 1389 4034 est,

149 4063 215 4108 eutn
236 4046 369 4123 Daniele,
384 4049 454 4130 quia
467 4049 597 4124 Angelus
615 4048 750 4129 ipsenou
791 4067 825 4112 ac
844 4049 984 4110 mundato
1002 4056 1032 4109 et
1046 4055 1208 4127 expurgato
1222 4045 1344 4124 templo,
1360 4053 1389 4108 et

149 4147 235 4190 suurn
254 4132 456 4212 colloquium,
475 4133 526 4192 sed
553 4133 666 4196 mitum
685 4152 751 4198 ser·
772 4171 775 4178 0
791 4134 851 4196 1)εο
870 4135 995 4208 cultum,
1018 4138 1047 4193 et
1066 4131 1179 4192 nationi
1198 4147 1271 4192 snae
1290 4146 1388 4208 pacem

149 4215 257 4288 monis,
270 4233 322 4276 sen
342 4215 492 4296 publicum
509 4216 694 4282 edictumde
705 4237 753 4282 ree
792 4218 932 4282 restituit.
948 4215 988 4278 Ex
1005 4215 1050 4276 his
1065 4215 1231 4277 luculenter
1241 4223 1335 4296 patet,
1348 4214 1390 4274 iu·

174 4313 352 4371 ‹tlllqurou
367 4316 578 4376 aegyptorum.
593 4317 631 4370 lt.
822 4317 1085 4380 (tlh-larem.2b,ll
1102 4321 1151 4370 etc.
