2918 4734
175 161 256 233 im
541 189 545 196 ·
587 175 775 226 muamus
793 173 957 222 mars
1452 235 1453 238 Ἴ

137 242 746 334 'tiaedirinaeesbibetumltationeuquas
783 269 854 314 suas
863 247 1161 332 quaepuerorlegrs
1177 245 1396 332 symphoniam

141 341 231 404 nobis
259 341 419 404 adversaii
442 345 616 421 opponunt,
635 337 747 399 nullius
784 344 992 417 prosequatur.
1006 332 1395 412 Perturbatiotuncoritur,

141 431 213 488 suut
230 425 385 488 momenti.
410 423 541 486 Tametsi
567 421 648 484 'enim
661 431 746 482 terra
783 421 810 482 si
829 420 998 499 discrepem
1014 418 1082 478 soni
1101 427 1133 479 et
1151 416 1394 494 confundantur,

140 527 249 592 reapse
265 510 345 570 circa
362 508 455 570 solem
474 507 586 569 moveri
604 515 744 586 ponatur,
764 504 944 565 'velralculi
955 510 1166 565 concurrentes
1176 519 1295 582 semper
1305 521 1396 566 nunc

141 601 177 655 nt
193 591 388 673 Goperoimoi
406 594 519 666 volunt,
539 600 640 658 umen
660 588 746 650 losue
783 587 826 649 ita
842 595 965 667 repente
982 586 1109 659 varient,
1120 596 1154 648 ut
1164 585 1242 647 uniri
1256 593 1288 648 et
1299 605 1397 649 com-

143 693 244 739 coram
262 677 330 738 rudr
344 676 475 738 exercitu
491 676 593 754 inepte
609 673 744 734 dixisset:
763 672 857 788 'poni
879 674 940 734 iam
965 670 1090 732 minime
1107 670 1232 750 possint.
1258 669 1395 750 Paucis,

141 758 205 836 Sta,
217 769 308 838 terra;
317 761 369 822 sed
383 771 463 821 recte
476 757 562 822 dixit:
572 757 746 834 Sol,coutro
784 757 846 818 sole
857 765 888 818 et
900 757 973 818 luna
982 755 1021 816 ad
1032 755 1191 836 imperium
1206 753 1292 817 losue
1302 759 1398 838 quie·

144 844 609 916 dmmommooeomaetrecte
622 841 746 903 inferius
783 839 1397 920 scentibus,quiescebantsimuletcetera

142 928 264 990 dicitur:
296 928 381 992 Stetit
402 928 501 1006 itopue
523 926 568 988 col
592 927 627 987 is
649 927 746 988 medio
785 935 878 1001 astra;
900 924 1063 1005 progressis
1080 923 1200 1000 iterum,
1219 932 1250 985 et
1265 924 1319 986 illa
1336 943 1396 989 re-

141 1013 225 1075 coeli.
246 1012 306 1092 ipsi
323 1013 405 1073 euim
417 1009 580 1072 astronomi
593 1009 744 1087 hodierni,
784 1017 979 1090 sumpserunt
994 1007 1196 1069 intermissum
1219 1025 1394 1074 cursum.)
1452 1047 1453 1050 =

142 1104 210 1158 utut
228 1105 356 1177 systema
373 1104 470 1158 terrae
483 1101 581 1155 molae
595 1113 631 1156 er
645 1095 746 1156 auimo
783 1090 996 1154 -Sileutium
1011 1092 1396 1175 prolauommscriptorum

143 1180 379 1261 emplectantur,
398 1188 499 1240 tamen
521 1195 581 1239 non
605 1177 693 1240 modo
714 1179 746 1239 iu
784 1186 831 1239 est
855 1183 1064 1256 argumentum
1089 1177 1276 1254 negativum,
1306 1181 1398 1260 quod
1452 1183 1453 1210 ³

142 1281 282 1326 sermone
297 1263 423 1341 vulgari,
439 1263 593 1324 sedetiam
610 1261 641 1324 iu
661 1262 747 1324 tabu·
785 1280 845 1323 non
869 1270 990 1322 enervat
1007 1260 1142 1341 positiva,
1163 1280 1238 1342 quae
1255 1280 1317 1324 nou
1336 1283 1397 1326 so·
1452 1271 1453 1346 f

143 1346 180 1409 lis
203 1356 234 1410 et
264 1346 506 1427 ephemeridibus
528 1347 591 1408 suis
622 1354 748 1408 utuntur
784 1347 848 1407 lum
865 1365 901 1408 ex
914 1344 993 1406 libro
1010 1343 1109 1419 losue,
1119 1345 1172 1407 sed
1184 1346 1273 1406 etiam
1286 1347 1399 1410 exHa·
1452 1375 1453 1379 ¹

142 1429 191 1494 his
213 1439 244 1493 et
259 1429 408 1492 similibus
434 1430 575 1512 loquendi
596 1430 744 1493 formulis:
785 1427 1008 1510 bacuccapffl,
1019 1437 1094 1490 etex
1104 1429 1195 1491 Eccli.
1214 1449 1281 1511 cap.
1300 1429 1399 1496 utvt

143 1515 645 1591 sumitoaocctoitnoerictmom
655 1515 748 1577 ottin-
785 1523 939 1595 petuntur.
960 1512 1128 1574 Notandum
1143 1514 1233 1575 etiam
1251 1523 1308 1592 est,
1327 1536 1398 1580 uon
1452 1521 1453 1546 ³

143 1599 344 1680 ostreatum
359 1601 398 1662 od
415 1599 747 1674 boreum,oelo1utrum
785 1596 913 1660 inveniri
937 1598 1097 1678 scriptores
1124 1598 1265 1679 profanos
1291 1601 1400 1681 Mopsi
1452 1681 1453 1684 Ἴ

144 1691 259 1758 etc.,ut
276 1683 417 1744 nimirum
429 1683 746 1744 communibominum
786 1693 817 1744 et
832 1683 918 1746 lusae
940 1699 1075 1744 coaevos.
1100 1680 1160 1744 Nec
1189 1683 1269 1744 enim
1288 1687 1398 1762 genti·
1452 1685 1453 1717 ;

144 1767 289 1828 osuisesc
304 1767 541 1843 accommodent,
554 1776 748 1848 receptasque
786 1767 863 1828 lium
881 1767 963 1842 libri,
990 1783 1118 1847 quorum
1136 1766 1272 1828 notitiam
1292 1769 1398 1831 habe·

145 1851 286 1932 loquendi
321 1851 464 1914 formulas
500 1869 560 1911 nou
597 1850 746 1912 deserant.
787 1869 866 1926 mus,
890 1849 1054 1932 quidquam
1074 1869 1197 1934 eorum,
1225 1870 1303 1932 quae
1322 1861 1400 1938 ante
1452 1849 1453 1886 ³

149 1932 299 2007 «Quanto
318 1935 410 2012 igilur
433 1933 552 2006 miuus,
575 1935 618 1996 ait
644 1936 748 2014 Krplc-
788 1935 900 1997 bellurn
917 1936 1066 1997 troianum
1087 1935 1285 2014 contigerunt,
1305 1956 1399 1999 com·
1452 1961 1453 1970 ³

145 2037 209 2097 rats,
233 2016 748 2099 celeberrimusllathematicus(l)‚
788 2027 957 2081 memorant
974 2027 1093 2099 praeter
1108 2036 1224 2099 pauca,
1243 2038 1321 2102 quae
1348 2024 1399 2084 vel
1452 2017 1453 2052 ³

146 2103 324 2182 exigendum
346 2103 404 2164 erit
422 2122 440 2163 a
459 2101 616 2183 scripturis
638 2102 749 2164 divini·
788 2101 1159 2166 extraditioquentilium
1167 2105 1400 2184 corruptahau-
1452 2115 1453 2138 ³

146 2197 194 2250 tus
223 2187 395 2268 inspiratis,
414 2196 448 2247 ut
463 2185 620 2265 repudiata
636 2187 750 2266 uulgari
788 2188 982 2264 statuerunt,
1000 2188 1043 2249 vel
1055 2206 1090 2249 ex
1101 2187 1166 2266 ipsa
1177 2185 1207 2250 S.
1222 2186 1398 2269 Scriptura,

145 2271 290 2353 loquendi
305 2269 631 2347 consuetudine,verba
645 2289 699 2332 sua
711 2272 748 2334 ad
789 2290 856 2333 cum
875 2271 1078 2352 percepissent
1090 2271 1181 2333 alieni
1199 2293 1217 2334 a
1232 2291 1301 2334 vera
1318 2275 1401 2337 reli·
1452 2269 1453 2308 ³

144 2356 289 2418 scientiae
308 2354 451 2416 naturalis
468 2355 610 2416 amussim
634 2356 750 2436 adpen-
788 2357 877 2434 gione
894 2356 1053 2432 homiues,
1078 2375 1132 2416 sua
1158 2369 1402 2438 conspurcarunt
1452 2385 1453 2390 ¹

146 2440 229 2516 daut,
248 2438 453 2519 abstrusisque
475 2446 505 2500 et
518 2438 698 2519 importunis
708 2440 751 2501 lo·
789 2439 930 2502 vanitate.
959 2439 997 2501 lit
1020 2439 1099 2501 bello
1118 2440 1232 2502 troiano
1247 2443 1402 2505 vetustio-

148 2523 369 2586 cutiouibusde
384 2522 564 2583 rebusultra
581 2533 700 2603 captum
716 2545 751 2586 e·
789 2541 837 2585 res
860 2533 929 2584 suut
957 2541 1006 2586 res
1031 2543 1049 2585 a
1070 2523 1157 2585 losue
1178 2534 1277 2602 gestae
1306 2528 1402 2589 annis
1452 2525 1453 2596 ξ

146 2607 380 2681 rudiendorum,
400 2605 542 2690 populum
561 2605 616 2668 Dei
633 2608 751 2688 simpli·
790 2609 895 2669 saltem
907 2607 1058 2670 trecentis.
1080 2605 1164 2679 Quod
1178 2617 1276 2670 autem
1289 2620 1402 2690 poste·

149 2709 215 2753 cem
231 2689 418 2772 perturbent,
427 2708 523 2770 eaque
537 2709 570 2752 re
581 2690 660 2752 viam
678 2693 752 2772 ipsis
791 2693 885 2753 riores
910 2693 1070 2773 scriptores
1093 2692 1205 2754 ethnici
1233 2693 1401 2756 iosuauum

146 2776 184 2838 ad
201 2793 323 2856 scopum
340 2793 427 2836 suum
443 2775 531 2852 longe
548 2773 751 2837 sublimiorem
792 2776 968 2838 miraculum
988 2795 1024 2838 er
1043 2776 1120 2838 libro
1145 2775 1231 2838 losue
1259 2796 1319 2838 non
1337 2778 1404 2840 de-

147 2859 355 2939 intersepiant.
373 2878 389 2920 )
404 2857 483 2920 Nihil
498 2876 568 2936 ergo
586 2859 691 2921 salsiin
707 2861 752 2921 ci·
792 2861 974 2940 scripserint,
995 2868 1024 2922 et
1039 2859 1072 2920 in
1082 2861 1192 2941 scripta
1208 2879 1262 2922 sua
1279 2862 1403 2923 retule-

148 2945 218 3006 tatis
233 2941 264 3006 S.
284 2941 455 3024 Scripturas
472 2941 572 3003 verbis
588 2942 750 3005 invenitur.
792 2945 866 3022 rint,
883 2945 1037 3025 multiplex
1054 2963 1145 3007 causa
1162 2944 1306 3023 assignari
1325 2955 1404 3026 pot-

146 3027 310 3090 -rlirraut
322 3045 409 3106 porro
428 3025 682 3102 adversarii,dum
696 3047 753 3108 pu·
793 3037 848 3090 est.
877 3027 908 3089 ld
931 3032 1011 3090 euim
1029 3027 1094 3090 deri
1111 3029 1220 3109 potuit,
1249 3029 1294 3089 vel
1324 3030 1404 3110 quia

149 3119 225 3186 tant,
250 3120 372 3192 propter
388 3111 459 3173 solis
477 3110 636 3172 stationem
657 3119 751 3173 totum
793 3122 853 3173 tam
873 3113 1067 3193 stupendum,
1088 3119 1203 3175 etanta
1222 3112 1404 3192 plurasae-

148 3194 319 3256 unirersum
334 3193 501 3275 perturbari
521 3195 669 3258 debuisse.
684 3195 754 3275 rigi·
793 3197 861 3258 cula
877 3205 1025 3276 patratum
1046 3196 1224 3258 miraculum
1242 3197 1336 3276 (quod
1363 3218 1403 3259 a·

149 3284 199 3339 tur
217 3278 297 3339 enim
316 3276 365 3338 hic
380 3278 417 3341 de
436 3280 592 3356 miraculo,
604 3279 690 3342 cuius
703 3299 755 3341 an·
793 3281 853 3360 pud
872 3281 1140 3361 plerasquegentes
1153 3299 1208 3342 nec
1223 3299 1401 3362 prosperoS,

152 3367 217 3422 etor
232 3361 313 3422 solus
324 3360 403 3422 Deus
414 3381 479 3424 esse
493 3371 601 3443 potest,
621 3364 672 3444 qui
684 3383 754 3425 cur·
794 3382 850 3426 nec
868 3363 1001 3426 funestos
1016 3365 1137 3426 effectus
1151 3363 1315 3445 produxit),
1326 3369 1403 3427 ‘non

151 3461 217 3506 sum
236 3445 326 3505 unius
351 3445 488 3524 planetae
505 3447 670 3509 inhibendo
692 3449 754 3509 uti·
794 3447 993 3524 crediderunt,
1023 3447 1069 3509 vel
1093 3449 1164 3530 quia
1180 3448 1288 3510 librum
1309 3446 1404 3512 losue

152 3545 210 3607 que
223 3529 338 3591 edicere
355 3529 463 3609 potuit,
475 3540 508 3590 ut
522 3531 655 3612 reliquae
669 3549 756 3592 mun·
794 3533 831 3592 ad
848 3550 953 3594 manus
971 3551 1030 3593 nou
1050 3531 1232 3609 habuerunt,
1246 3533 1292 3594 vel
1308 3534 1403 3595 deni-

151 3610 183 3672 di
202 3620 299 3693 partes
316 3611 392 3673 nihil
407 3611 477 3674 iude
491 3622 675 3694 paterentur.
693 3613 753 3676 Re·
794 3623 864 3695 que,
883 3616 954 3697 quia
966 3617 1126 3677 noluerunt
1137 3634 1200 3677 rem
1213 3625 1356 3678 enarrare
1368 3618 1403 3679 iu

152 3701 198 3757 cle
218 3695 327 3757 idcirco
345 3695 534 3759 doctissimus
559 3698 692 3762 Ueserim
706 3697 754 3779 (Ξ)
794 3699 911 3762 laudem
925 3698 1126 3762 Hebraeorum
1140 3708 1170 3761 et
1180 3700 1333 3782 religionis
1352 3701 1404 3763 iu·

152 3777 236 3842 dicits
255 3799 270 3841 a
288 3778 410 3843 Cumsol
426 3781 532 3842 etluna
543 3782 633 3844 simul
647 3793 676 3845 et
688 3800 756 3845 coe·
795 3783 909 3860 dnicae,
926 3802 1003 3863 quae
1015 3783 1213 3845 idololatriam
1229 3783 1403 3847 etidolola-

152 3863 251 3944 periut
268 3871 298 3925 et
315 3863 458 3925 desierint
476 3873 566 3943 stare,
588 3866 756 3929 haecmora
795 3875 855 3928 tras
879 3875 1032 3948 tantopere
1059 3867 1233 3929 detestatur.
1259 3867 1401 3930 Ceterum

153 3946 226 4010 nibil
245 3947 343 4009 turbat
358 3947 487 4009 calculos
502 3959 752 4013 astronomorum.
795 3950 915 4030 aliquod
933 3951 1088 4030 vestigium
1108 3953 1265 4014 memorati
1278 3955 1403 4030 grandis

153 4027 187 4091 lu
207 4039 353 4093 concentu
380 4032 492 4093 musico
517 4033 675 4096 harmonia
698 4034 756 4096 sal·
796 4033 932 4112 miraculi
950 4035 1200 4116 deprehendimus
1211 4036 1243 4096 in
1257 4046 1403 4116 pervetu-

155 4130 190 4174 ra
208 4123 319 4192 manet,
339 4116 426 4177 modo
449 4134 535 4178 voces
553 4117 583 4178 io
603 4117 755 4196 siguuali·
796 4119 849 4180 stis
865 4118 1030 4180 sinensium
1048 4119 1218 4194 annalibus,
1237 4119 1268 4181 in
1290 4121 1404 4202 quibus

156 4195 389 4260 ouo'conoursus
403 4199 570 4278 quiescant,
590 4210 620 4263 et
638 4208 705 4284 post
719 4200 756 4262 ad
824 4251 856 4308 (2)
872 4201 899 4296 ω’
910 4251 987 4296 annot
1000 4252 1019 4298 v
1031 4251 1059 4298 T·
1071 4263 1094 4312 p.
1109 4252 1132 4310 t,
1147 4249 1217 4298 ma,
1232 4250 1255 4311 t,
1267 4250 1297 4297 au
1312 4263 1405 4298 anuum

210 4301 215 4312 “
232 4301 257 4346 lu
272 4303 327 4362 opu.
343 4305 430 4349 astron.
442 4303 471 4348 ud
486 4303 526 4348 liu.
543 4305 557 4350 Ι.
574 4303 584 4349 l
797 4310 879 4356 mundi
894 4309 962 4356 529l.
