2934 4736
469 201 543 252 rans
561 207 594 251 n.
615 205 716 252 sceno
734 207 756 252 r.
775 205 869 252 eaeor
886 207 920 253 11.
1220 189 1281 252 339

78 295 208 362 mmque
237 283 284 346 sui
314 285 416 348 coelus
444 286 622 360 sententiam
647 287 684 349 de
724 295 840 368 pturam
850 287 940 349 etiarn
954 283 1154 349 'Proditionem
1168 286 1325 348 utlontev'av

78 366 1323 450 mememmmmmbffmmmrcmmmmebdmmmlmffimm

78 457 121 509 tes
136 451 355 516 moderatiores
374 455 546 532 adtoittunt,
567 475 626 520 uon
638 475 685 516 so·
723 462 756 517 ut
773 454 962 518 revelationis
979 457 1061 516 lonte
1073 453 1224 516 erroribus
1234 453 1324 516 ianne

77 532 136 593 lum
159 531 345 616 Scripturam
365 556 479 600 sacram
506 540 601 620 ipsam
628 559 684 602 nos
725 539 908 620 aperiretur,
929 540 953 601 si
975 539 1071 601 media
1089 546 1159 618 apta
1181 538 1218 598 ad
1240 539 1323 600 illam

78 617 232 680 traditioni
250 621 372 698 debere,
394 624 548 704 sedatio
568 623 683 686 articu-
723 641 826 704 puram
856 624 1087 684 conservandam
1112 630 1141 684 et
1159 639 1324 702 propagan-

75 699 110 761 lis
120 703 399 768 fundamentalibus
409 707 572 784 genuinum
588 716 617 769 et
631 727 682 770 or·
722 709 789 768 dam
803 725 862 768 non
877 707 1030 784 darentur,
1044 715 1074 768 et
1085 705 1110 766 si
1123 706 1243 782 regulae
1258 723 1323 766 cer-

75 784 239 852 tbodoxum
250 787 683 870 Scripturaescnsummtmul-
722 799 769 852 lae
786 810 845 858 non
860 792 1008 868 adessent,
1024 789 1133 872 quibus
1146 789 1330 851 traditiones.

75 878 103 930 ta
128 871 192 934 alia
213 871 347 951 Calixto,
367 874 497 952 Hornio,
515 875 682 938 Cbemnitio
721 894 788 936 vere
806 875 922 938 divinae
941 896 959 937 a
977 875 1086 955 spuriis
1110 882 1140 935 el
1169 873 1251 934 lalsis
1270 891 1321 934 se-

75 953 190 1017 doduvn
205 967 380 1034 memorata,
394 960 596 1022 extraditione
606 961 681 1021 dun·
721 969 927 1021 cernerentur:
945 959 1014 1020 talia
1029 968 1128 1020 autem
1143 957 1240 1018 media
1252 965 1322 1036 apta

75 1044 155 1100 taxat
174 1043 389 1120 cognoscibilia
401 1054 526 1104 taceam.
540 1043 681 1105 v—Plu-
721 1045 832 1107 ettales
841 1044 958 1121 regulas
972 1052 1066 1104 certas
1076 1042 1138 1104 dari
1151 1042 1180 1101 in
1194 1059 1322 1121 sequen·

56 1139 107 1182 ra
124 1125 275 1187 eiusmodi
298 1127 530 1188 acatholicorum
548 1129 682 1191 testimo·
721 1127 799 1189 tibus
813 1127 944 1192 articulis
954 1127 1135 1188 ostendetur.
1154 1123 1187 1204 3)
1199 1123 1319 1188 blotaab

73 1205 123 1266 nia
135 1207 274 1272 colerunt
291 1205 385 1273 Wiest
400 1213 459 1292 (l),
481 1212 599 1294 llliipsel
618 1212 678 1293 (b),
719 1210 897 1272 adversariis
908 1209 1063 1273 difficultas
1080 1209 1153 1272 lelso
1166 1209 1319 1289 supposito

72 1287 207 1354 Pomone
218 1295 279 1374 (3).
412 1301 415 1306 ’
719 1295 868 1370 innititur,
878 1294 944 1356 acsi
959 1295 1075 1356 traditio
1088 1293 1183 1354 solum
1196 1309 1249 1372 per
1260 1292 1320 1372 pri-

112 1377 209 1440 Noto.
230 1375 338 1440 Contra
356 1378 557 1456 traditionem,
577 1387 610 1441 ut
628 1399 678 1442 re·
718 1388 850 1442 vatorum
869 1379 1042 1456 bominum,
1062 1397 1114 1440 seu
1137 1377 1236 1458 plebis
1252 1395 1318 1437 ser·

72 1460 235 1522 velationis
256 1463 366 1524 lnntem
384 1464 600 1526 consideratam
617 1483 679 1526 ma·
719 1463 934 1524 mocinationes
949 1462 1139 1543 propaganda
1158 1461 1206 1521 sit.
1226 1459 1322 1522 Aliter

71 1541 151 1607 rima
178 1545 337 1608 difficultas
362 1567 396 1608 ex
420 1548 552 1610 eiusdem
572 1560 678 1610 natura
717 1547 838 1608 omnino
864 1565 912 1608 res
940 1546 1137 1628 oovrcipienda
1159 1553 1227 1620 est,
1250 1563 1319 1604 cum

71 1638 98 1687 et
116 1628 321 1691 incommodis
342 1633 399 1711 peti
426 1633 512 1694 solet.
533 1631 625 1694 Aiunt
646 1653 678 1695 e·
718 1631 836 1693 traditio
851 1629 888 1692 ab
902 1630 960 1692 illis
973 1631 1131 1712 praecipue
1150 1647 1319 1710 propagan-

70 1709 152 1774 nim:
176 1732 245 1774 cum
270 1716 413 1776 memmio
432 1715 561 1778 bumana
579 1717 678 1780 labilis
717 1716 754 1777 da
772 1715 898 1792 dicatur,
923 1715 974 1794 qui
1001 1723 1103 1795 utpote
1133 1713 1269 1774 doctrina
1290 1719 1320 1774 et

70 1803 97 1855 cl
114 1797 209 1858 fallar
229 1799 278 1873 sit,
295 1808 324 1859 et
336 1818 401 1860 cum
416 1819 463 1875 ea,
485 1817 561 1881 qnae
576 1802 613 1862 de
626 1820 677 1864 ore
717 1801 826 1879 pietate
844 1797 1010 1878 conspicui,
1027 1817 1082 1860 ceu
1099 1796 1240 1858 Rectores
1259 1796 1318 1858 llo·

69 1879 104 1939 ad
124 1901 161 1942 os
183 1891 357 1958 transcunt,
384 1881 469 1945 lacile
498 1894 675 1963 metentur,
717 1885 873 1944 elesiarom
893 1891 1075 1959 statuuntur,
1091 1882 1184 1961 etqui
1199 1881 1318 1961 publice

69 1965 307 2044 amplificentur,
324 1978 563 2048 corrumpantur,
577 1970 621 2030 vel
633 1979 678 2031 et·
716 1968 879 2028 doctrinam
896 1968 1054 2028 revelatam
1070 1965 1240 2028 christianis
1251 1983 1318 2026 coe-

67 2047 126 2108 iam
150 2049 334 2128 pedetentim
353 2052 384 2112 in
404 2054 606 2114 omnimodam
625 2053 678 2115 ob·
717 2052 795 2113 tibus
813 2069 980 2134 proponere
999 2059 1150 2112 tenentur.
1169 2048 1268 2129 Neque
1287 2049 1319 2110 id

67 2129 213 2194 livionem
235 2135 365 2211 veniant,
387 2137 507 2198 traditio
533 2137 622 2200 oralis
641 2155 676 2199 a·
716 2137 869 2211 asseritur,
878 2134 1318 2214 doctrinamrevelatavn,quam

69 2224 153 2295 ptum
177 2218 308 2280 medium
324 2237 384 2280 non
403 2231 446 2282 est
469 2221 506 2282 ad
524 2223 688 2285 revelatio·¹
718 2221 855 2281 traditam
874 2237 1025 2296 vocamus,
1042 2218 1229 2280 nullomodo
1248 2236 1319 2278 con·

68 2317 135 2360 nem
159 2301 292 2364 divinam
303 2305 543 2367 ‘conservandam
558 2315 586 2368 et
604 2325 676 2387 pro·
715 2304 855 2383 scriptam
868 2322 944 2366 esse.
957 2303 1221 2380 Negaturtantum‚
1235 2300 1315 2363 illam
1371 2293 1374 2314 ’

68 2385 254 2462 pagandam,
270 2395 299 2449 el
313 2388 337 2449 si
357 2407 416 2468 qua
434 2391 501 2451 talis
516 2398 674 2468 statuatur,
715 2387 747 2448 in
762 2388 1008 2450 libriscaoonicis
1021 2386 1181 2463 contineri,
1193 2386 1244 2448 sed
1258 2405 1317 2447 non

67 2467 162 2530 ianua
182 2471 323 2534 omnibus
350 2473 501 2534 erroribus
521 2483 623 2555 aperta
641 2494 675 2536 e·
715 2481 851 2550 negatur,
872 2472 953 2533 illam
974 2471 1173 2552 conscriptam
1190 2470 1282 2532 fuisse
1299 2489 1318 2531 a

67 2551 116 2613 rit.
135 2587 183 2598 --
201 2587 244 2600 -
267 2554 310 2616 Ad
330 2556 406 2618 bano
428 2566 526 2619 autem
546 2558 675 2620 dillloul-
715 2555 809 2618 doctis
831 2555 947 2637 piisque
967 2556 1056 2630 viris,
1078 2556 1129 2637 qui
1148 2563 1227 2616 certe
1257 2573 1318 2615 nun

68 2642 160 2697 tatem
183 2639 378 2717 solvendam,
398 2643 484 2722 plura
501 2642 674 2723 responderi
717 2639 860 2701 minorem
880 2659 969 2720 quam
987 2640 1037 2701 alii
1053 2640 1213 2720 scriptores
1225 2638 1318 2698 histo-

67 2729 209 2798 possunt.
229 2722 352 2784 -Nam
375 2725 521 2804 ileadem
538 2726 675 2788 secedis·
715 2723 770 2784 rici
789 2723 876 2784 iidem
897 2733 1061 2786 merentur.
1082 2723 1115 2802 l)
1135 2721 1238 2784 Omnis
1260 2721 1316 2782 de-

67 2805 187 2866 ficultas
206 2805 352 2870 contraS.
370 2808 465 2871 Biblia
485 2810 595 2872 moveri
609 2829 676 2891 pos·
716 2825 796 2868 mutu
817 2807 974 2874 difficultas
999 2806 1141 2883 solvitur,
1168 2823 1317 2884 omneque

69 2898 132 2950 set:
164 2889 275 2970 scripta
295 2894 373 2953 enim
405 2903 599 2955 monumenta
627 2904 675 2956 et-
716 2888 1316 2971 pericnlum,erroribus,proptertradi-

66 2971 124 3032 iam
146 2975 323 3053 saepissime
341 2986 587 3058 corrumpuntur.
605 2975 673 3040 Sola
716 2975 811 3036 tiones
830 2976 987 3037 uldivinas
999 2975 1127 3050 habitas,
1142 2975 1261 3034 ianuam
1279 2990 1315 3032 a·

67 3054 174 3134 igitur,
189 3067 221 3118 ut
236 3077 339 3121 omncs
359 3059 443 3122 lateri
464 3070 614 3135 tenentur,
625 3063 674 3123 di·
716 3059 849 3140 periendi
870 3059 988 3140 penitus
1003 3067 1182 3128 removetur,
1196 3057 1220 3117 si
1235 3065 1316 3118 certo

67 3141 156 3203 vinae
175 3142 379 3222 providentiae
397 3146 543 3224 protectio
559 3147 676 3214 allicere
715 3151 850 3220 constet,-
867 3143 1030 3205 Ecclesiam
1060 3142 1147 3202 talem
1175 3159 1241 3202 esse
1259 3140 1316 3201 do-

67 3226 178 3304 potuit,
205 3236 238 3288 ut
256 3228 323 3289 libri
342 3228 435 3290 divini
464 3237 531 3309 post
560 3239 603 3291 tot
621 3250 675 3292 co·
714 3227 827 3288 ctrinae
845 3229 989 3289 revelatae
1008 3227 1160 3288 custodem
1177 3233 1208 3288 el
1222 3226 1315 3286 inter-

67 3318 160 3370 natus
179 3318 243 3372 tum
263 3311 455 3374 Etbnicorum
475 3314 513 3375 ad
535 3313 602 3379 illos
620 3315 674 3376 de·
716 3320 843 3392 pretam,
857 3311 906 3392 qni
923 3310 983 3371 lolli
1004 3319 1033 3371 ct
1049 3311 1152 3371 lallare
1171 3328 1231 3371 non
1250 3329 1317 3390 pos·

68 3391 194 3469 leodos,
216 3402 278 3456 tum
309 3396 523 3458 baereticorum
544 3399 580 3459 ad
609 3398 676 3460 illos
715 3396 764 3457 sit.
779 3393 1314 3476 Idauleminleriusprobabitur(l).

68 3479 318 3558 corrumpendos,
332 3481 420 3543 uobis
440 3483 506 3561 puri
524 3490 553 3543 et
569 3482 674 3560 integri
1102 3521 1103 3524 =

68 3564 675 3647 mmmmfflmmmwwm
900 3577 1131 3626 mmmm

67 3645 161 3738 tfffflis
172 3647 430 3727 et'fflpiemiSSiffli
447 3649 498 3714 Dei
518 3650 677 3730 PsOVidefl·
769 3679 803 3726 De
819 3677 960 3725 Tradittonts
975 3677 1071 3725 divinoe
1086 3655 1264 3726 conservatione

68 3737 109 3788 tva
124 3730 244 3792 allicere
257 3741 365 3812 potest,
375 3741 407 3793 ut
416 3732 590 3796 traditiones
603 3753 677 3814 quo·
907 3741 930 3784 at
944 3742 1125 3798 mormulam·
1245 3755 1249 3760 ·

69 3817 677 3898 vmpmemmwmmmmm
951 3857 1073 3930 §.m

67 3897 202 3959 veniant.
224 3897 326 3980 Neque
341 3901 379 3962 de
397 3901 453 3962 bac
467 3901 584 3963 divinae
604 3921 676 3982 pro·
972 3895 980 3911 ’
1074 3894 1083 3910 ’

67 3979 676 4066 vfflmmmmmmfflmmmbd
771 3982 1315 4066 Dwmwmmmmmmmu

67 4061 127 4125 iam
149 4085 185 4128 ex
206 4067 295 4130 certis
324 4069 506 4146 argumentis
534 4076 674 4146 constat,
717 4079 746 4132 et
764 4070 896 4132 locorum
918 4067 1088 4131 bominibus
1106 4062 1243 4134 revelata,
1263 4061 1316 4122 sed

67 4145 162 4211 Deum
182 4151 331 4226 voluisse,
349 4171 402 4232 pro
421 4153 601 4214 revelatione
620 4149 676 4214 be·
717 4156 746 4217 in
765 4155 917 4217 caaovvicis
934 4153 1019 4215 libris
1037 4167 1096 4210 non
1116 4154 1268 4224 contenta,
1286 4164 1316 4208 e·

67 4232 246 4310 nignissime
275 4255 436 4314 concessa,
456 4246 573 4318 praeter
594 4234 677 4300 Scri·
747 4285 776 4348 (3,
793 4287 816 4332 L·
834 4300 854 4334 a.
871 4299 893 4332 n.
908 4287 959 4332 554·

75 4410 80 4415 ,
100 4339 132 4402 (Ι)
146 4341 172 4388 Τ·
190 4342 214 4400 ὅ,
229 4339 249 4400 l·
261 4343 297 4391 lt·
426 4343 456 4406 tat
473 4347 496 4394 t.
510 4359 530 4394 e.
546 4343 566 4408 t.
580 4347 617 4396 st.
748 4349 778 4402 tn
795 4347 827 4395 ct.
844 4349 942 4393 retrone
958 4345 973 4388 v.
989 4353 1010 4388 c.
1026 4353 1049 4386 n.
1062 4339 1170 4388 vostat.
