2910 4732
431 249 505 296 eins
536 251 556 295 1.
578 249 731 298 semron.
752 221 846 296 cinur
863 251 907 297 111.
1210 227 1252 292 63

57 319 280 406 moriemimi,
294 347 454 392 ceuunmn
468 349 576 412 corpus
589 347 655 412 spe·
694 329 772 392 senti
794 339 871 396 stato
891 347 959 393 vere
978 336 1175 399 necessariam
1199 350 1293 413 agno·

57 418 132 494 etati,
145 419 228 500 quod
243 419 274 482 in
293 422 412 500 negotio
428 419 591 501 Religionis
606 421 654 484 di·
693 413 760 476 scil·

57 503 147 564 tinam
167 506 380 567 revelationem
399 505 488 584 exigit
506 507 541 568 io
555 523 610 569 ooo
624 525 655 569 o·

55 587 159 666 riqirrr,
172 588 245 668 quia
257 590 348 669 primi
365 589 514 667 homines,
527 591 653 653 aliorum

56 669 238 732 institutione
257 672 404 749 destituti,
425 673 654 736 necessitatibus
1312 717 1315 724 ,

56 753 178 834 physicis
197 759 349 838 occupati,
369 766 399 820 et
416 759 585 821 ressenionis
603 759 653 820 in·
734 753 806 818 Cum
827 755 981 817 facultates
1001 755 1138 838 viresque
1164 758 1293 822 bominis

55 856 183 918 capaces,
202 841 308 903 saltem
327 843 423 922 quoad
442 842 585 922 plurimas
601 862 653 904 re·
693 857 753 900 non
779 859 814 900 ex
839 847 915 901 statu
940 839 1034 920 ipsius
1057 841 1166 920 ideali,
1186 842 1239 904 sed
1258 862 1293 905 ex

56 921 168 998 ritates,
188 923 383 990 sinedirina
407 924 591 988 institutione
615 927 652 988 ad
693 932 770 984 statu
794 923 858 986 eius
882 924 1025 1006 empirice
1050 925 1293 988 determinandae

57 1006 182 1067 notitiam
191 1005 358 1084 Religionis
369 1029 427 1070 non
437 1011 649 1090 peruenissent:
693 1009 770 1084 sint,
791 1008 902 1086 optime
924 1009 991 1070 ideo
1008 1009 1142 1072 Historia
1159 1010 1292 1072 oonsuli-

58 1088 125 1150 llant
141 1089 173 1152 in
190 1111 248 1152 sua
265 1091 489 1174 Antropologia,
508 1100 537 1156 et
548 1093 651 1156 Ficbte
694 1101 752 1167 tur,
773 1103 803 1152 ut
823 1101 1030 1170 cognoscatur,
1051 1093 1121 1174 quid
1141 1095 1216 1156 ratio
1234 1093 1292 1156 sibi

57 1175 84 1232 in
98 1173 156 1235 iure
172 1183 302 1238 naturae
316 1178 362 1257 (l)
382 1178 524 1254 latentur,
542 1179 653 1258 primos
691 1176 794 1237 relicta
814 1173 843 1236 in
862 1176 1036 1253 gravissimo
1060 1177 1213 1256 religionis
1235 1196 1291 1240 ne-

943 529 973 602 g
993 537 1045 587 se.

810 641 836 691 n.
852 643 1019 700 Argumentum
1031 643 1177 692 htstorteum.

57 1256 183 1320 homines
197 1279 215 1320 a
229 1261 335 1340 spiritu
354 1261 521 1322 sublimiori
539 1262 651 1322 erudiri

56 1341 198 1404 debuisse.
217 1341 389 1406 Necessaria
404 1353 448 1405 est
463 1365 551 1426 porro
566 1365 651 1408 reve-

55 1423 116 1485 latio
136 1425 273 1488 homano
290 1429 390 1506 generi
409 1430 442 1491 in
464 1448 520 1492 sato
539 1447 651 1510 propo·

54 1510 179 1586 potione:
200 1510 339 1574 homines
358 1513 451 1588 enim,
470 1514 500 1574 ni
519 1513 651 1575 auotori-

56 1601 106 1654 tate
124 1592 229 1656 divina
245 1595 447 1671 stimulentur,
465 1615 517 1678 pro
534 1617 588 1659 sna
604 1597 651 1678 pi·

53 1676 132 1749 gritia
150 1679 182 1738 in
203 1690 348 1760 perpetua
364 1681 531 1759 ignorantia
549 1700 651 1742 versa-

54 1769 161 1837 rentur,
184 1764 230 1824 vel
254 1782 306 1843 pro
325 1783 379 1825 sua
398 1765 511 1826 malitia
529 1765 650 1846 praeiu-

54 1843 124 1905 dicia
142 1854 173 1906 et
191 1865 310 1911 errores
328 1867 380 1928 pro
399 1849 571 1910 veritatibus
589 1869 652 1911 am·

55 1927 261 2005 plecterentur,
271 1933 316 1992 vel
328 1934 431 1994 saltem
448 1951 498 2014 pro
512 1933 651 2010 ingenio·

54 2029 115 2071 rum
134 2012 306 2076 diversitate
324 2016 474 2078 continuis
492 2016 651 2079 dissensio·

691 1259 771 1336 gotio
791 1260 896 1340 possit,
918 1260 1024 1340 quidve
1042 1280 1102 1322 non
1121 1263 1224 1344 possit.
1245 1261 1291 1323 ln·

692 1344 859 1420 degendum
875 1344 998 1424 proinde
1013 1353 1069 1421 est,
1085 1346 1116 1426 l)
1127 1347 1199 1426 quid
1214 1347 1291 1410 Geo-

692 1437 733 1490 iea
752 1461 768 1473 -
787 1427 886 1488 divina
910 1426 1100 1490 Revelatione
1117 1431 1288 1505 destitutae,

692 1521 721 1574 et
739 1511 772 1590 R)
789 1511 860 1592 quid
877 1512 1046 1592 Philosophi
1062 1532 1115 1594 per
1131 1515 1227 1589 solum
1245 1533 1288 1576 ra·

693 1595 781 1657 tionis
795 1596 898 1656 lumen
919 1597 1132 1676 praestiterint.
1301 1615 1302 1618 ’

735 1679 763 1741 l.
785 1677 866 1740 Inter
882 1687 980 1759 genter
998 1681 1131 1742 eminent
1143 1680 1246 1745 Graeci
1262 1689 1288 1744 et

690 1761 829 1835 Romani,
844 1763 908 1843 qui,
924 1763 993 1824 licet
1011 1764 1040 1825 in
1060 1765 1125 1826 aliis
1143 1765 1289 1841 scientiis,

691 1845 857 1928 disciplinis
875 1856 904 1909 et
926 1847 1041 1909 artibus
1060 1848 1241 1925 floruissent,
1262 1859 1290 1910 et

691 1951 751 1993 non
776 1931 813 1992 ad
833 1929 1012 1992 mediocrem
1038 1933 1170 1994 culturae
1195 1933 1290 2017 ¹civilis

689 2015 812 2093 gradum
840 2013 1068 2096 pervenissent,¹
1088 2024 1187 2078 tamen
1212 2016 1289 2078 eirca

56 2093 137 2156 nibus
154 2097 352 2176 agitarentur,
372 2110 401 2161 et
419 2101 650 2181 ideonunquam
690 2099 872 2176 Religionem
898 2098 928 2158 in
955 2099 1090 2166 maximis
1114 2099 1243 2161 tenebris
1261 2109 1289 2162 et

56 2178 146 2240 unitas
163 2183 267 2262 aliqua
282 2183 312 2242 in
325 2183 476 2260 Religione
489 2187 650 2264 progrede-
690 2184 840 2245 erroribus
862 2183 1040 2245 cubuerunt.
1060 2219 1102 2228 -
1121 2185 1289 2263 Symbolum

55 2269 137 2339 retur,
153 2284 232 2344 qnae
248 2275 347 2327 tamen
366 2269 536 2329 necessaria
549 2278 604 2344 est,
620 2277 651 2330 ut
690 2269 821 2349 ipsorum
842 2266 918 2328 Deos
936 2267 1119 2348 proponebat
1141 2267 1287 2348 Deosque,

57 2343 185 2408 homines
204 2350 240 2409 ad
261 2351 349 2412 intem
367 2371 454 2412 snum
472 2351 563 2414 unitis
576 2354 649 2415 viri·
690 2351 798 2432 quibus
817 2370 875 2411 non
894 2351 988 2412 solum
1007 2351 1101 2430 origo,
1116 2351 1289 2432 dependen-

56 2427 104 2490 hos
121 2433 260 2494 tendant.
420 2503 423 2510 .
689 2437 748 2512 tia,
768 2435 886 2514 aliaque
908 2434 1050 2496 attributa
1070 2435 1217 2513 hornana,
1237 2437 1288 2499 sed

90 2513 118 2576 l.
132 2533 170 2578 aa
180 2517 416 2580 consideratione
426 2519 582 2596 Ecclesiae,
596 2539 648 2582 seu
690 2519 861 2600 turpissima
885 2537 1003 2598 quoque
1026 2519 1152 2581 erimina
1174 2520 1288 2582 adscri-

55 2599 129 2675 regni
148 2599 242 2661 divini
262 2603 394 2679 moralis,
414 2605 504 2683 qnod,
524 2612 557 2665 ut
579 2605 649 2666 uni-
689 2603 851 2678 bebantur;
871 2601 1000 2682 Elysium
1024 2613 1054 2666 et
1075 2601 1182 2666 Oreum
1202 2605 1288 2666 exhi·

57 2684 159 2744 versele
178 2684 245 2745 sreri
266 2683 376 2765 possit,
397 2687 524 2748 divinam
544 2699 648 2750 aucto·
690 2687 790 2763 bebat,
810 2685 939 2746 sednon
963 2705 1017 2748 eeu
1037 2688 1177 2748 moralem
1197 2689 1287 2750 retri-

56 2763 163 2827 ritatem
184 2769 286 2846 exigit:
308 2789 405 2849 neque
424 2772 502 2831 enim
521 2771 595 2833 alias
613 2792 648 2833 o·
689 2770 841 2832 notionem
863 2769 1080 2846 considerabat;
1100 2771 1201 2832 omnia
1220 2773 1287 2832 ine-

56 2866 131 2910 moes
160 2871 256 2912 unum
283 2853 470 2932 symbolum,
496 2875 648 2936 unamque
689 2854 821 2916 laetabili
840 2853 899 2915 tato
916 2854 1104 2916 subiiciebat.
1120 2854 1220 2918 Come
1232 2874 1286 2916 eo-

55 2932 176 2996 eodicem
198 2939 427 3016 amplectentur,
443 2948 472 2999 et
487 2939 566 3000 eirca
581 2941 648 3000 col·
688 2957 753 2999 rnm
779 2957 840 2999 non
865 2937 900 2998 ad
925 2937 1096 3016 religiosum
1116 2937 1168 2999 Rei
1186 2937 1286 2999 homi·

56 3021 107 3077 tum
126 3027 282 3081 externum
299 3040 351 3100 pro
364 3031 434 3083 nola
450 3022 646 3084 humanorum
688 3040 819 3103 numque
838 3039 986 3097 amorem,
1006 3021 1055 3083 sed
1075 3021 1112 3082 ad
1131 3039 1285 3083 caeremo-

54 3098 235 3176 ingeniornm
262 3106 404 3167 varietate
427 3115 515 3186 atque
540 3107 648 3168 incon·
688 3106 752 3166 nias
762 3104 979 3186 partimvanas,
992 3105 1097 3184 partim
1108 3105 1283 3182 obscoenas,

53 3187 165 3262 stantia,
187 3188 288 3248 unitas
306 3199 335 3250 et
353 3189 477 3250 firmitas
495 3191 578 3252 nulla
597 3191 649 3252 ha-
688 3189 794 3270 partim
819 3189 953 3251 crudeles
971 3189 1124 3250 ordinatus
1142 3198 1222 3250 erat:
1243 3191 1286 3252 dii

53 3265 175 3331 bebitur.
197 3269 443 3352 Denique-licet
466 3292 500 3335 ex
522 3274 647 3356 imperio
688 3273 827 3334 nimirum
851 3273 984 3352 deaeque
1006 3273 1124 3353 templis
1146 3273 1285 3336 include-

52 3353 192 3430 rationis,
217 3363 248 3415 et
272 3358 465 3418 conventione
493 3358 645 3419 bominum
688 3355 807 3432 bantur,
827 3355 967 3423 curmiriis
985 3355 1151 3432 alebantur,
1165 3357 1286 3420 ludiset

50 3432 258 3499 Hierarchioon
282 3441 413 3521 construi
438 3443 547 3520 possit,
567 3443 646 3504 diln-
687 3441 802 3502 choreis
812 3439 1171 3520 recreabantur,peccatis
1181 3449 1214 3503 et
1224 3461 1286 3504 see-

51 3519 154 3584 cillime
175 3531 275 3584 tamen
294 3542 346 3604 pro
361 3524 647 3588 innatahominibus
687 3525 799 3592 lenibus
817 3532 878 3584 tum
899 3523 1084 3599 colebantur,
1104 3533 1166 3586 torn
1185 3527 1285 3606 placa·
1314 3540 1317 3548 ·

51 3601 191 3667 libertatis
209 3616 240 3666 et
258 3607 507 3688 independentiae
524 3610 646 3672 libidine
686 3608 804 3670 bantur.
822 3607 963 3668 inimicos
982 3615 1017 3669 et.
1029 3617 1184 3670 extraneos
1201 3610 1284 3671 odis-

51 3684 76 3745 in
93 3707 185 3765 regno
202 3691 321 3769 morali,
334 3692 386 3752 obi
402 3693 444 3754 vis
460 3693 577 3774 physica
590 3695 646 3755 ab·
686 3711 730 3766 se,
747 3693 831 3754 nelos
852 3710 909 3752 non
931 3699 1006 3752 erat.
1020 3727 1061 3738 --
1072 3694 1285 3756 Hierorolricoo

52 3773 222 3848 essedebet,
238 3793 316 3851 vera,
330 3786 468 3837 constans
485 3786 513 3838 et
527 3779 646 3840 moralis
687 3797 744 3836 non
771 3774 943 3836 continebat
967 3775 1135 3836 institutum
1162 3776 1284 3855 aliquod

53 3852 243 3933 dependentia
264 3857 434 3936 habebitur,
449 3861 505 3921 nisi
522 3861 646 3940 positiva
686 3860 722 3922 ad
740 3859 906 3936 religiosam
924 3869 953 3920 et
968 3861 1109 3922 moralem
1129 3859 1283 3920 educatio-

53 3942 207 4002 auctoritas
227 3941 327 4003 divina
344 3943 508 4006 intercedat
524 3945 583 4024 (⁶2).
598 3943 646 4007 Sic
686 3962 772 4019 nem,
791 3963 825 4004 ao
844 3943 946 4024 populi
970 3943 1208 4004 emendationem
1227 3941 1288 4008 de-¹

54 4017 107 4096 ipsa
129 4025 218 4101 ratio,
245 4026 451 4109 philosophice
476 4030 642 4106 reflectens,
685 4029 846 4104 stinatum,
866 4027 917 4088 sed
936 4025 972 4086 ad
992 4027 1066 4088 fines
1084 4025 1231 4107 politicos,
1253 4032 1283 4086 et

54 4099 265 4170 Revelationem
295 4111 422 4180 divinam
455 4131 513 4173 non
549 4113 643 4173 solum
685 4112 801 4172 lucrum
824 4107 1287 4172 sacerdotumiereunioeten-'

55 4201 224 4270 exoptatam,
244 4195 295 4256 sed
316 4194 488 4258 hominibus
506 4196 536 4257 in
556 4215 644 4276 prae·
686 4195 836 4256 debeh-
848 4193 950 4256 Graeci
964 4209 1033 4266 ergo
1046 4199 1075 4262 et
1087 4189 1210 4248 Romani
1224 4192 1284 4270 pri-

79 4319 108 4378 (l)
121 4326 146 4372 Ρ.
158 4326 180 4371 l.
192 4338 244 4386 pag.
256 4327 293 4374 52.

78 4379 106 4442 Β)
119 4384 152 4432 ct.
166 4387 291 4447 helimam,
307 4388 323 4434 t
339 4385 364 4434 ll.
380 4382 400 4447 ζ.
419 4388 511 4436 99405.

685 4297 732 4340 ma
749 4277 867 4359 quidem
888 4276 1033 4336 elementa
1050 4270 1212 4345 Religionis
1232 4274 1284 4334 ha·

685 4364 807 4428 bebant.
819 4364 864 4422 ast
881 4375 940 4419 non
956 4355 1050 4416 solum
1064 4353 1147 4414 valde
1164 4352 1286 4432 imper-1
