2930 4736
213 167 275 234 392
612 185 798 232 amoenans
813 183 977 230 emmaus

168 265 234 344 ilci,
250 265 330 348 qnod
349 275 394 330 est
414 274 517 329 conba
533 265 622 328 tidem
643 267 688 328 rel
711 267 768 327 bo-
809 265 888 350 inter
899 264 1006 326 fideles
1019 273 1210 346 spargantur,
1223 264 1337 328 rasae
1354 266 1413 328 l'a·

168 369 237 412 narn
256 351 345 412 ιιιιιιι
360 351 517 434 approbat,
533 369 588 413 nec
602 359 696 428 tacet,
711 369 768 412 nec
806 359 947 424 ennam,
971 347 1125 410 Ecclesiae
1147 348 1287 426 Primati,
1311 351 1340 411 id
1367 359 1413 414 est

167 433 248 496 iacit.
276 454 292 494 n
805 431 941 494 Romano
963 431 1100 494 Pontifici
1126 433 1268 513 ρήιιιιιίι
1291 435 1411 512 obliga·

209 517 239 580 3.
255 515 390 582 Ebrietas
403 517 554 582 Ecclesiae
567 537 639 581 snae
653 517 768 580 indcle·
806 517 848 577 tio
877 516 1040 589 incumbit,
1053 527 1087 578 nt
1108 519 1341 579 controversiam
1356 537 1411 580 er-

166 599 352 664 ctibilitatenr
379 603 515 666 absolate
539 601 686 685 promisit.
717 603 766 663 lit
805 609 900 661 ortam
914 599 1048 674 dirimat,
1074 607 1105 661 et
1131 601 1287 663 manebas
1309 603 1410 664 disse·

165 685 264 748 eninr:
288 687 330 750 Tu
348 703 378 750 ea
398 688 517 764 Petras,
537 697 564 749 et
579 703 669 766 asper
689 686 767 749 laec
806 684 970 745 minatisse
982 694 1125 765 opponat:
1138 685 1217 764 quod
1232 687 1344 766 passim
1358 688 1411 748 be·

164 777 277 850 perram
295 772 453 852 oedificabo
475 772 636 835 Ecclesiam
656 787 764 840 meam,
804 768 843 844 ri,
856 765 1409 848 bistoriatestatar.Sieninrdogmata

164 855 412 936 etporlocinseri
423 855 767 935 oonprmateaanrau·
804 852 872 913 lrdei
891 852 922 913 in
949 852 1075 914 dubium
1102 852 1280 929 trabuntur,
1300 864 1333 914 et
1351 856 1409 917 do·

164 955 265 1000 versas
282 955 346 1000 eom
365 941 425 1020 (l).
446 939 569 1001 Errmcs
592 957 661 1017 ergo
683 957 764 999 nan·
803 937 916 998 atinae
944 937 1004 998 illis
1028 937 1217 998 adversantes
1232 956 1408 1018 proponun-

164 1039 253 1104 quam
277 1031 381 1084 contra
411 1023 571 1086 Ecclesiam
594 1023 764 1104 praevalere
804 1029 863 1098 tar,
882 1019 1406 1087 romanil'ontisrcesconslitalionca

164 1113 299 1186 possunt,
317 1107 490 1169 sireillasit
507 1107 537 1169 ie
557 1108 684 1168 concilio
698 1107 763 1168 col-
803 1105 892 1185 (quas
917 1116 947 1166 et
970 1105 1075 1166 Balteo
1098 1105 1214 1184 dicunt)
1240 1107 1333 1168 edere
1354 1127 1405 1169 so-

164 1189 253 1265 lecta,
276 1189 336 1251 sire
355 1209 408 1272 per
429 1192 531 1253 orbem
553 1191 698 1273 dispersa.
721 1225 764 1236 —-
804 1189 876 1264 lent,
895 1188 926 1249 in
945 1188 1057 1268 quibus
1077 1189 1237 1266 genuinam
1256 1191 1327 1251 lidei
1347 1193 1405 1252 do-

163 1271 200 1334 Et
216 1291 289 1334 sane
309 1273 439 1337 Ecclesia
452 1275 611 1354 deiiceret,
637 1276 662 1337 si
676 1295 694 1336 a
707 1293 762 1354 ge·
802 1272 1093 1348 ctrinarndellniant,
1103 1281 1261 1334 acriores
1275 1275 1333 1369 ipsi
1350 1295 1406 1358 op-

163 1357 368 1422 nainaCbristi
381 1359 762 1438 ldenecederet.bstsaepe
802 1357 915 1436 positos
931 1357 1085 1417 damnant.
1112 1355 1188 1417 latae
1205 1355 1402 1420 Constitutio-

163 1439 226 1502 tleri
246 1451 359 1522 potest,
380 1451 414 1504 at
438 1444 597 1505 concilium
623 1445 762 1521 generale
803 1459 856 1501 nes
866 1440 903 1501 ad
922 1441 1086 1521 Episcopus
1100 1457 1153 1520 per
1164 1441 1267 1502 orbem
1281 1443 1401 1523 disper·

164 1523 309 1586 celebrari
326 1539 465 1606 aequaeat,
481 1528 560 1609 qaod
578 1528 637 1590 iam
657 1528 687 1590 in
705 1529 761 1588 tri-
801 1543 851 1585 sns
869 1525 1039 1600 mittuntur,
1055 1533 1086 1585 et
1102 1524 1128 1585 si
1147 1543 1264 1600 omues,
1284 1529 1401 1590 velsal·

162 1607 219 1668 bus
235 1609 340 1689 primis
362 1609 511 1674 Ecclesiae
536 1611 664 1674 saeculis
686 1630 760 1673 con·
802 1617 860 1670 tem
882 1609 1015 1688 plurimi,
1035 1619 1067 1669 ιιι
1094 1609 1216 1670 moralis
1236 1627 1401 1674 consensus

163 1691 241 1768 tigit.
262 1688 293 1754 Si
312 1711 381 1774 crgo
400 1695 532 1758 Ecclesia
556 1707 638 1758 extra
656 1695 760 1758 conci·
801 1693 936 1772 prodeat,
959 1694 1020 1754 illis
1036 1691 1242 1768 subscribam,
1272 1695 1398 1775 illasque

162 1775 233 1836 lium
254 1775 420 1841 infallibilis
445 1798 506 1841 non
530 1788 627 1857 esset,
646 1798 762 1841 errores
800 1795 923 1837 assensa
940 1795 995 1838 sao
1008 1777 1138 1852 tirmant,
1154 1778 1289 1838 omnium
1300 1782 1401 1841 calbo-

161 1858 193 1920 in
215 1859 265 1921 illa
294 1864 463 1942 praevalere
486 1873 516 1926 et
544 1873 605 1926 tota
634 1863 761 1925 delicere
802 1861 925 1922 litorum
941 1859 1158 1939 Tbeologorum
1174 1863 1327 1924 sententie
1343 1875 1397 1942 est,

161 1952 272 2024 posset.
289 1943 465 2030 (lamminas
476 1958 575 2010 autem
586 1947 615 2009 id
629 1951 690 2023 liat,
704 1949 760 2010 ob·
801 1943 880 2025 ipsas
897 1946 1089 2023 dogmaticas,
1113 1954 1142 2006 et
1160 1945 1333 2008 infallibiles
1350 1967 1400 2010 es·

162 2036 221 2089 stat
239 2027 345 2107 degere
363 2031 540 2094 catholicum
560 2033 597 2094 de
612 2032 762 2094 Ecclesiae
801 2047 845 2102 se,
866 2030 937 2110 qaia
956 2040 1027 2092 tanc
1044 2028 1104 2090 iam
1119 2039 1235 2120 constal
1252 2031 1290 2091 de
1310 2035 1401 2094 totius

160 2109 432 2195 indefectibilitate,
455 2117 536 2200 qaod
550 2116 676 2179 inferias
693 2135 762 2198 pro·
802 2112 954 2175 Ecclesiae
971 2113 1106 2175 docentis
1132 2129 1294 2187 consenso,
1323 2135 1400 2196 qaae

160 2193 292 2260 babitur.
800 2197 879 2258 circa
894 2197 1115 2294 Revelptionem
1137 2213 1238 2258 errare
1256 2210 1399 2294 neapot-
1456 2219 1457 2307 p

394 2334 526 2407 arr·
800 2283 1398 2444 tilmt'slltt,litt„{⁰¹:13

189 2437 274 2488 Νι·
286 2443 446 2500 ιοιιωκωᾶι
461 2453 602 2512 cmm
613 2442 732 2492 &dum
802 2450 970 2528 praedictae
987 2449 1220 2513 Constitutioaes
1230 2450 1290 2511 iarn
1304 2463 1337 2513 ιιι
1355 2453 1398 2515 in·

347 2504 573 2550 “mmmmm
800 2533 940 2595 lallibiles
961 2535 1022 2595 sint
1037 2533 1204 2609 habendae,
1223 2535 1396 2618 priusquam

199 2605 326 2672 blasima
351 2609 509 2674 difficultas
532 2611 563 2674 in
588 2631 624 2675 eo
648 2613 759 2675 versari
800 2617 951 2680 Ecclesiae
976 2617 1112 2680 docentis
1128 2633 1293 2680 cousensus
1309 2639 1398 2683 acce·

158 2691 286 2768 ridetur,
303 2711 362 2774 qao
376 2695 463 2758 modo
477 2715 641 2759 cousensus
652 2698 759 2760 Eccle-
794 2703 861 2779 aloa
873 2721 926 2763 sea
936 2704 1102 2783 quaeritur,
1111 2721 1149 2762 an
1159 2701 1312 2765 llorueaas
1324 2705 1398 2767 Pon-

160 2778 222 2840 siae
241 2780 493 2843 extraconcilioris
515 2782 652 2844 tidelibus
669 2783 759 2843 inno·
800 2785 880 2861 tifex,
901 2787 1039 2864 dogmata
1053 2785 1211 2862 definiens,
1227 2805 1280 2867 per
1294 2807 1327 2850 se
1339 2790 1396 2851 iam

159 2869 263 2924 tescat.
284 2859 340 2924 Sed
360 2862 395 2924 ad
416 2864 445 2925 id
465 2865 651 2928 elllcienduar
679 2868 758 2928 vario
799 2871 837 2930 sit
850 2871 1015 2933 infallibilis
1034 2889 1088 2932 nec
1107 2889 1156 2932 ne.
1173 2869 1204 2932 ln
1221 2871 1279 2933 lrac
1297 2884 1396 2936 atatem

110 3005 113 3014 ,
159 2945 759 3030 mediedantur.Praecipuasantl.Corr-
799 2956 973 3034 qaaestione
994 2954 1146 3018 Romanus
1174 2953 1313 3018 Pontifex
1341 2959 1396 3020 sub

158 3029 518 3114 stitutt'oerol’orttitlrioe,
531 3033 641 3115 quibus
653 3053 759 3096 omnes
786 3037 909 3119 'duplici
926 3049 1062 3120 respectu
1087 3039 1323 3104 considerandus
1339 3053 1396 3120 est,

158 3112 297 3196 Episcopi
317 3115 529 3192 subscribanl3
554 3119 585 3179 E.
608 3117 758 3182 Corciltb·
799 3132 950 3202 neanpeut
963 3123 1072 3187 ilector
1089 3124 1233 3205 privatus,
1253 3135 1282 3185 et
1295 3127 1398 3188 utilo-

158 3213 228 3260 rum
242 3199 473 3278 particularium
490 3203 617 3275 decreto,
632 3220 708 3283 queo
720 3201 757 3264 ab
798 3215 864 3266 otor
886 3207 1034 3288 publicas.
1065 3205 1176 3270 Omnes
1192 3209 1272 3269 eninr
1292 3211 1398 3272 admit·

158 3281 225 3345 aliis
240 3281 380 3344 Ecclesiis
398 3286 602 3366 approbentur
621 3295 651 3348 et
674 3304 760 3348 acce·
800 3297 876 3366 tuot,
890 3291 1055 3354 llomeaum
1070 3291 1241 3354 Pontificem
1255 3293 1396 3356 infallibi-

158 3371 294 3445 plantare
315 3365 345 3426 3.
365 3381 519 3431 consensor
540 3371 594 3434 SS.
617 3371 756 3446 Petram,
799 3375 855 3435 lem
877 3393 936 3436 non
956 3393 1034 3453 esse,
1051 3377 1075 3438 si
1092 3386 1124 3437 ut
1141 3373 1250 3438 Doctor
1263 3379 1394 3459 privatus

158 3455 187 3510 et
202 3448 411 3528 Tleoloporum
424 3453 674 3531 ocloloatr'coram,
688 3455 757 3535 qui·
799 3459 948 3539 loquatur,
967 3462 1011 3521 vel
1024 3461 1135 3542 scripta
1145 3461 1225 3522 edat.
1246 3459 1277 3523 Si
1293 3471 1392 3524 autern

158 3530 214 3594 bue
227 3531 258 3594 l.
272 3533 334 3596 olio
345 3551 458 3616 quoque
467 3538 563 3602 medio
574 3539 757 3601 accensenda
799 3552 830 3604 at
842 3543 956 3606 Primus
967 3543 1131 3606 doctrinam
1144 3545 1224 3620 fidei,
1237 3554 1391 3609 elmerum
1455 3549 1456 3606 ἶ

157 3621 238 3678 sunt.
483 3659 487 3666 -
798 3630 953 3690 universae
982 3627 1132 3704 Ecclesiae
1154 3631 1306 3710 proponit,
1326 3649 1391 3708 sea,
1455 3667 1456 3706 ι

197 3700 286 3764 Nolo.
307 3700 348 3765 De
377 3701 442 3767 istis
464 3704 522 3768 iem
547 3705 653 3768 mediis
673 3706 758 3786 piare
799 3719 831 3772 et
844 3712 954 3774 dicitur
969 3713 999 3774 in
1019 3711 1141 3790 scholis,
1165 3715 1192 3775 ri
1208 3715 1342 3793 laetatur
1358 3733 1395 3779 ec

157 3779 285 3848 dicenda
304 3795 385 3864 suat,
409 3795 442 3850 ut
469 3792 632 3854 eorundem
651 3801 758 3854 aucto·
798 3797 948 3874 cotlmro,
967 3796 1164 3860 inlellibilitas
1183 3798 1276 3877 ipsius
1291 3815 1310 3860 a
1326 3802 1395 3880 ptu-

156 3867 230 3934 ritas
248 3879 278 3934 et
294 3889 367 3935 usus
386 3881 547 3939 statuatur.
798 3880 881 3941 rimis
898 3889 929 3942 et
955 3879 1138 3960 gravissimis
1164 3880 1323 3960 Tlreologis
1339 3885 1394 3946 dc-

547 3971 556 3988 ·
799 3964 941 4040 tenditur,
970 3965 1079 4046 quibus
1103 3966 1302 4030 libentissime
1320 3970 1395 4030 sub-

392 4017 423 4087 3'
446 4021 523 4070 ¹⁸⁰·
797 4047 968 4114 scribimus·
990 4049 1071 4111 llanc
1096 4050 1176 4112 enim
1194 4050 1395 4113 infallibilite-

235 4113 254 4162 ¹·
269 4116 302 4162 ⁰⁸
316 4115 531 4164 ⁶⁰¹¹'¹¹¹¹¹¹¹⁰⁰¹¹³⁰⁸
545 4118 683 4169 P⁰⁰¹¹“⁰¹'¹·
799 4141 856 4192 tem
870 4132 1049 4196 solidissima
1065 4143 1238 4212 argenteola
1254 4137 1393 4216 probeat.

202 4203 233 4269 st
247 4209 467 4273 controversiae
481 4209 548 4272 fidei
562 4212 714 4290 oriuntur,
728 4221 758 4276 et
797 4235 874 4296 qaae
885 4234 924 4279 ea
934 4217 967 4281 S.
980 4217 1147 4300 Scrr'ptaro,
1159 4235 1198 4282 cc
1209 4220 1394 4300 Traditioae,

162 4305 276 4352 errores
303 4293 483 4356 orthodoxae
516 4295 585 4357 fidei
618 4298 759 4360 contrarii
828 4323 1007 4374 literatura
1454 4309 1455 4336 ;
