2934 4736
195 157 258 224 Μ

330 369 332 377 ψ
423 171 782 401 natatoriae
827 269 1144 395 cruentus

547 467 549 478 '
625 483 793 572 rans
839 481 933 564 tlt.

153 644 464 724 arnousrnarao
495 661 759 740 narraturus,
797 660 872 720 san
903 656 1121 720 nccnnsnn
1150 653 1397 716 carnoarcm

392 851 519 923 &¹⁸⁸-
585 889 590 898 ·
728 855 730 864 ’
797 853 1397 940 giones,quaeserevelatasdicunt,u·

167 975 172 980 ·
194 943 224 1005 l.
245 940 423 1024 Quicunque
439 962 475 1004 ex
489 941 587 1004 allatis
599 961 757 1022 argumen·
798 963 867 1006 nam
888 963 952 1006 esse
970 939 1399 1008 christianumhocclrarace·

153 1025 189 1089 tis
210 1027 248 1088 dc
264 1027 420 1090 divinitate
437 1025 600 1104 Religionis
619 1027 757 1089 christia·
797 1048 828 1092 re
851 1027 1036 1107 insignitam:
1056 1026 1097 1088 ita
1112 1044 1192 1090 nunc
1209 1023 1400 1104 probandam

153 1127 209 1172 nae
222 1121 251 1173 et
264 1111 301 1172 de
313 1111 451 1178 eiusdem
468 1113 645 1173 necessitate
660 1111 696 1172 ad
711 1131 757 1174 sa·
797 1120 859 1190 εει,
879 1113 957 1175 inter
979 1111 1110 1177 diversas
1135 1108 1296 1186 religiones
1317 1110 1400 1172 clri-

153 1195 245 1256 lntom
270 1203 421 1257 aeternam
437 1195 677 1274 consequendam
691 1215 757 1276 per·
798 1197 910 1258 stianas
929 1195 1023 1258 solam
1041 1193 1214 1258 catholicum
1230 1211 1309 1279 esse,
1322 1213 1400 1274 queo

152 1297 260 1340 suasus
274 1290 329 1355 est,
342 1283 459 1340 summo
477 1279 575 1340 studio
595 1280 688 1341 adniti
702 1281 756 1341 dc·
798 1300 814 1342 a
833 1280 948 1346 Christo
978 1279 1122 1360 originem
1146 1275 1235 1340 ducat
1251 1285 1282 1339 et
1299 1295 1399 1340 reram

153 1361 215 1439 iret,
235 1373 268 1424 ut
283 1371 393 1424 rectam
413 1370 502 1443 alque
521 1363 680 1446 perlectam
697 1363 756 1426 sihi
797 1365 891 1447 ipsius
904 1383 938 1428 ac
951 1363 1096 1441 integram
1106 1361 1273 1424 doctrinam
1287 1370 1396 1438 teneat,

153 1445 315 1524 Religionis
334 1445 515 1508 christianae
527 1447 663 1508 notitiem
676 1459 757 1509 com·
796 1455 914 1511 ceteras
926 1466 1030 1513 oannes
1048 1446 1123 1510 laiso
1136 1444 1194 1508 sibi
1210 1445 1397 1509 [antinomi-

153 1538 247 1610 peret.
265 1529 310 1590 Ad
330 1529 406 1590 harro
424 1540 522 1592 autem
543 1531 754 1611 acquirendam
797 1532 844 1596 nis
861 1531 984 1610 gloriam
998 1529 1174 1598 attribuere.
1189 1528 1268 1590 Haec
1286 1537 1399 1592 triola·

153 1631 276 1674 necesso
300 1623 357 1690 εει,
384 1622 416 1674 ut
442 1614 622 1692 indagentur
647 1617 754 1696 sontes,
796 1617 836 1678 tio
856 1617 892 1678 ad
907 1618 1015 1677 'omnes
1030 1613 1150 1695 quidem
1170 1613 1399 1694 pertineichri·

153 1696 184 1758 in
203 1695 314 1777 quihus
329 1692 459 1774 genuina
478 1699 634 1776 etintcgra
648 1699 756 1762 Christi
796 1701 961 1762 stianorum
982 1709 1101 1774 sectas,
1121 1715 1199 1778 quae
1220 1695 1258 1758 ah
1276 1697 1400 1774 exordio

152 1781 288 1842 doctrina
303 1781 482 1858 continetur,
504 1789 533 1844 ει
551 1793 706 1862 praeterea
721 1805 755 1846 o·
796 1795 975 1868 propagatae
989 1779 1152 1858 Religionis
1169 1800 1186 1844 a
1205 1799 1271 1841 vera
1289 1779 1400 1844 Christi

153 1883 211 1944 pus
230 1873 286 1940 est,
306 1875 339 1925 ut
357 1865 505 1945 logitimus
521 1868 625 1930 naudus
642 1887 756 1946 cogno·
796 1867 929 1930 Ecclesia
943 1867 1156 1940 discesserunt3
1168 1872 1299 1926 attamen
1309 1865 1347 1926 ad
1358 1865 1400 1926 il-

153 1958 265 2024 scatur,
289 1949 341 2029 qui
361 1950 563 2012 observandus
582 1961 645 2023 est,
666 1961 698 2012 at
722 1971 757 2016 cx
796 1954 839 2014 las
857 1951 1004 2032 imprimis
1020 1948 1174 2014 attendere
1192 1967 1314 2010 necesse
1332 1957 1399 2025 est,

153 2031 286 2094 lontibus
304 2033 441 2096 veritates
471 2034 614 2096 divinitas
640 2036 755 2116 patula·
796 2055 872 2117 qnae
886 2036 941 2098 hac
959 2033 1057 2096 adhuc
1072 2039 1169 2100 aetate
1187 2031 1296 2109 rigent,
1309 2040 1401 2096 etso-

153 2126 218 2177 ctae
229 2116 293 2180 sine
305 2115 413 2178 erroris
422 2119 553 2200 periculo
567 2118 753 2182 hauriamus.
795 2120 916 2184 cietates
929 2119 1113 2184 constituunt
1123 2115 1194 2180 satis
1209 2134 1399 2192 auricomas,

155 2198 305 2268 -rtccae
333 2201 445 2265 idcirco
475 2201 617 2279 Theologi
648 2203 756 2284 duplex
817 2205 899 2266 ualcs
924 2211 993 2274 sunt
1019 2201 1127 2266 Gracci
1153 2200 1347 2276 scoternam,
1371 2211 1402 2262 et

153 2282 755 2367 Religionisohristianaeprincipinmdi-
794 2223 1402 2366 Eroteslnalcs,subguonomineveniunt

152 2367 318 2446 stinguunt,
335 2389 442 2450 nempe
450 2371 638 2450 prinicipium
650 2373 757 2434 coristi·
794 2372 961 2436 Lastheroni
976 2389 1028 2434 sou
1042 2369 1226 2449 Euuttgelt'ci,
1246 2367 1404 2432 uolutatu-

153 2453 298 2529 tatioum,
314 2455 393 2534 quod
411 2454 547 2515 consistit
572 2454 603 2514 in
622 2455 755 2517 lontihns
794 2458 830 2518 ni
846 2477 899 2518 seu
913 2453 1090 2534 Resountati,
1109 2446 1401 2536 Artgliconi,Soci·

153 2535 318 2598 doctrinam
339 2558 355 2599 a
374 2537 489 2601 Christo
502 2539 659 2599 revelatam
675 2549 704 2601 et
717 2540 758 2602 alo
795 2540 897 2616 ainai,
918 2537 1070 2602 emistus
1094 2535 1325 2598 christianorum
1347 2556 1406 2599 so-*

151 2619 301 2700 Apostolis
309 2623 510 2703 praedicatam
519 2622 753 2700 continentibus,
795 2625 916 2688 cie'tatcs
935 2641 1033 2686 veram
1057 2629 1086 2688 et
1108 2619 1267 2700 genuinam
1286 2619 1402 2684 Christi

152 2706 674 2788 etprincipiumrcgulotioum,quod
687 2727 756 2788 pro·
795 2707 961 2772 doctrinam
980 2726 1039 2768 non
1059 2705 1165 2786 sequi,
1183 2705 1213 2766 in
1235 2703 1404 2784 Theologia

151 2787 383 2870 ponitnormam
403 2791 542 2852 ueritates
554 2793 698 2853 revelatas
710 2792 754 2852 si·
795 2789 1131 2872 dogmatico-polemico
1158 2787 1348 2864 ostenditur,
1369 2790 1402 2852 in

153 2873 316 2934 neerroris
334 2872 468 2953 periculo
487 2877 697 2952 cognoscendi.
712 2875 753 2937 lle
794 2896 853 2957 qua
872 2876 1009 2954 dogmata
1023 2871 1174 2936 Ecclesiae
1187 2871 1353 2934 catholicae
1369 2882 1404 2934 ut

151 2966 279 3036 utroque
297 2957 353 3020 hoc
369 2957 517 3038 principio
530 2959 562 3018 in
578 2960 633 3020 hac
647 2960 754 3022 ultima
794 2979 862 3022 vera
875 2959 1050 3042 probantur,
1061 2965 1091 3020 ει
1102 2975 1218 3018 errores
1230 2955 1403 3026 haeretico-

151 3040 331 3118 'lheologiao
342 3044 488 3119 generalis
507 3052 590 3124 parte
605 3044 754 3105 dissercn-
794 3055 860 3105 rum
880 3043 1066 3106 refelluntur.
1080 3039 1252 3104 Ast-etiam
1266 3038 1401 3102 Theolo-

151 3124 289 3187 damest.
615 3124 617 3129 ’
793 3128 859 3206 giae
885 3127 1054 3206 generalis,
1083 3143 1137 3188 seu
1165 3123 1404 3188 inindumentalis

193 3208 224 3268 E.
246 3205 361 3270 Summi
391 3211 523 3290 prolecto
547 3209 691 3272 momenti
709 3219 754 3272 est
795 3211 987 3292 praecipuum
1007 3207 1136 3272 officium
1156 3217 1218 3283 est,
1238 3215 1271 3272 ut
1288 3206 1401 3272 inuicta

151 3291 299 3368 tractatio,
321 3311 410 3372 quam
436 3295 625 3376 suscipimus.
645 3293 752 3360 Natum
794 3296 911 3376 probet,
923 3294 957 3355 in
980 3295 1042 3358 sola
1056 3292 1189 3354 Ecclesia
1202 3309 1400 3354 romano-ca-

151 3375 232 3437 enim
248 3383 305 3452 cst,
319 3378 418 3457 plures
433 3381 557 3441 existere
572 3379 753 3441 christiano·
796 3379 905 3441 tholioa
926 3375 1089 3456 Religionis
1104 3375 1285 3439 christianae
1300 3374 1399 3436 sontes

150 3477 217 3520 rum
237 3460 406 3539 societates,
418 3482 494 3544 quae
510 3481 613 3524 omnes
631 3472 754 3526 conten·
795 3472 875 3526 recte
902 3461 1065 3542 assignari,
1089 3460 1228 3522 ueritates
1252 3459 1400 3521 revelatas

150 3543 237 3618 dunt,
257 3561 289 3606 se
307 3547 406 3608 colere
423 3547 645 3625 Religionema
665 3546 751 3609 Chri·
795 3566 900 3610 omnes
919 3545 1051 3626 legitimo
1071 3563 1105 3606 ac
1127 3541 1278 3606 infallibili
1308 3542 1396 3604 inodo

151 3636 197 3689 sto
214 3625 514 3692 revelatamttarum
534 3649 602 3691 cum
621 3630 698 3692 inter
716 3651 752 3693 o-
794 3633 829 3692 ad
843 3630 1023 3694 credendum
1037 3627 1176 3711 proponi,
1189 3637 1218 3688 ει
1228 3644 1336 3692 omnes
1346 3645 1398 3706 pa·

151 3729 236 3774 mnes
250 3712 308 3776 has
326 3715 484 3776 societates
507 3731 614 3792 magna
639 3717 677 3777 sit
697 3716 753 3776 do·
793 3715 867 3779 riter
883 3733 969 3792 uerae
988 3711 1097 3778 Christi
1114 3707 1266 3776 Ecclesiae
1288 3719 1397 3794 notas,

152 3795 265 3860 otrinee
276 3807 306 3860 ει
318 3798 489 3875 'dogmatum
499 3801 659 3880 oppositio,
672 3799 755 3862 Chri·
794 3816 846 3861 seu
860 3798 1045 3860 characteres
1062 3795 1202 3860 inveniri.
1218 3789 1255 3856 Ut
1268 3791 1340 3858 ituio'
1355 3793 1398 3856 oi·

151 3888 215 3946 slus
244 3892 343 3943 autom
362 3881 473 3943 diuisas
492 3902 552 3944 non
576 3885 636 3962 sit,
656 3903 754 3966 neque
795 3883 861 3944 licio
880 3881 1058 3958 Tlrcologiae
1082 3877 1232 3960 generalis
1259 3875 1395 3953 satisfiat,

152 3965 254 4044 plnres
268 3973 298 4026 ει
316 3961 447 4027 diuersas
463 3965 633 4048 Religiones
648 3968 684 4029 ad
700 3987 755 4028 nos
796 3966 827 4027 l⁰
837 3967 872 4029 de
879 3965 1030 4046 principio
1041 3962 1203 4043 Religionis
1215 3961 1397 4026 christianae

153 4049 304 4126 attulerim
325 4047 355 4109 in
376 4059 477 4131 aperto
495 4059 551 4127 est,
578 4069 639 4112 non
667 4067 754 4130 posse
783 4044 1398 4125 commotivo,seudeciusdemfoutihus;

154 4147 259 4193 omncs
273 4150 372 4194 reram
384 4144 411 4196 ει
424 4136 569 4213 integram
582 4133 688 4200 Christi
700 4133 756 4196 Rc·
795 4143 825 4200 et
839 4135 871 4196 ιι
883 4136 917 4198 de
926 4133 1077 4214 miatcipio
1087 4130 1251 4212 Religionis
1261 4129 1398 4193 christio-

154 4209 293 4288 ligionem
319 4216 443 4286 habere.
471 4215 553 4280 Sicut
580 4235 648 4293 ergo
671 4217 755 4296 prius
781 4236 853 4294 ,nuo
862 4217 1037 4297 copulativa,
1050 4235 1102 4278 seu
1115 4217 1149 4279 dc
1161 4214 1293 4278 ualeam
1303 4221 1331 4275 et
1343 4230 1398 4276 ru·

155 4294 432 4366 demonstravimus.
450 4303 528 4361 inter
546 4318 648 4360 omncs
671 4300 754 4363 Reli·
796 4303 876 4365 tioae
889 4302 1095 4364 disserendum
1113 4307 1168 4362 est.
