2930 4736
227 173 291 238 mc
622 187 806 240 ammaus
825 181 989 232 ammaus

186 271 226 334 aa
248 271 383 334 morem,
407 269 540 336 cbristus
569 271 662 336 evim
686 272 782 352 napta·-
866 266 895 328 l.
920 265 1011 328 lsaias
1028 259 1353 327 Ecclesiamallessia
1373 261 1423 326 in·

184 371 281 418 manv
295 355 439 436 pmaavpit
455 357 515 436 (l),
536 355 601 420 sice
622 376 684 438 quo
698 372 783 418 unm
821 349 1003 412 stitueudan
1023 349 1196 429 praedceua
1222 348 1277 409 uit:
1295 349 1373 410 Erit
1389 351 1424 414 ie

181 439 420 520 mamistrare
442 439 477 503 in
497 455 625 522 reanum
648 441 704 504 Dei
718 439 779 520 (ἱ),
820 434 986 496 novissimis
1002 433 1103 529 dicim
1122 441 1319 529 prmnorotus
1335 450 1422 528 φοηε

183 521 247 586 imo
264 531 295 586 et
309 523 457 586 risibilem
485 541 622 601 caenam,
642 541 695 586 seu
718 523 780 586 Eu·
820 519 924 580 domus
944 517 1063 580 domei
1082 535 1117 579 va
1136 525 1246 580 amica
1258 525 1420 596 mantiam,

184 605 353 668 charistiam
372 605 514 684 instituit,
544 626 621 689 quae
638 608 780 672 continuo
808 611 846 664 'ct
863 603 1129 681 moabitarum
1148 601 1249 675 colica,
1278 609 1306 662 et
1322 599 1422 680 linem

183 689 327 752 celebrari
343 691 390 770 (3)
410 698 439 752 et
456 691 493 754 de
511 710 570 772 qua
584 711 688 754 omnes
708 709 777 772 par·
819 687 859 750 cd
875 703 944 748 cnm
962 699 1062 750 oannes
1077 693 1179 766 aarum
1194 685 1253 764 (b).
1283 683 1421 748 mutan

183 772 514 856 ticiparedehent(l).
539 773 777 838 Christusdeni-
819 788 889 848 ergo
917 767 1040 832 ldessiae
1071 776 1259 850 comparatur
1293 769 1417 847 vuoati,

182 875 241 937 qua
259 855 388 919 instituit
405 858 606 936 magisterium
625 857 778 920 authenti·
818 871 909 935 super
926 855 1017 916 colles
1031 853 1159 930 elevato,
1177 861 1267 933 atque
1284 851 1357 914 ideo
1378 853 1419 916 ita

181 959 249 1002 cum
269 939 353 1021 (Cap.
366 940 420 1022 ΙΙ.)
439 951 469 1004 et
485 943 643 1024 imperium
659 960 776 1005 merum
818 937 992 1019 conspicuo,
1005 946 1039 998 ut
1050 953 1154 1000 omres
1173 937 1253 998 illurn
1268 955 1419 1014 agnosce·

181 1022 266 1104 (Cap.
283 1023 350 1104 ΙΙΙ.)
377 1024 427 1087 cui
458 1045 562 1088 omnes
585 1027 628 1088 ita
649 1045 681 1088 se
709 1026 779 1088 sub·
819 1039 866 1096 re,
881 1030 912 1082 ct
935 1021 1064 1082 inillam
1083 1020 1198 1099 ingredi
1217 1020 1346 1100 possint.
1368 1020 1417 1086 m.

179 1106 272 1170 iicere
291 1115 439 1188 tenentur,
457 1119 491 1171 ut
507 1109 532 1172 si
554 1110 626 1172 illud
645 1129 705 1172 uon
720 1129 776 1172 ao-
818 1101 919 1180 XVlll,
944 1105 963 1166 5
981 1104 1018 1166 dc
1034 1103 1138 1166 llessia
1155 1103 1275 1166 dicitur.
1296 1105 1337 1166 ln
1360 1106 1420 1168 scta

180 1189 300 1268 dierict,
325 1193 403 1254 iuter
423 1193 567 1256 Ethnicos
586 1203 615 1256 et
635 1191 777 1256 Publica·
814 1191 914 1270 poenit
931 1189 1152 1252 tabernaculum
1173 1206 1275 1264 aarum,
1295 1188 1317 1250 i.
1340 1207 1372 1251 e.
1389 1189 1420 1252 iu

179 1293 236 1337 nos
249 1276 309 1338 sint
326 1277 564 1340 recensendi.-·-
578 1277 777 1356 Traditaergo
820 1273 988 1348 tuccitano,
1004 1274 1046 1334 ait
1063 1273 1094 1338 S.
1107 1272 1371 1353 denuntiantem.
1388 1273 1418 1336 Ι·

178 1358 330 1422 Ecclesiae
354 1360 490 1422 delinitio
507 1363 649 1440 genuina,
665 1369 777 1424 vernet
818 1357 884 1418 dem
911 1355 942 1420 S.
963 1355 1072 1418 Ductor
1093 1357 1141 1438 (8)
1169 1357 1285 1418 scribit:
1308 1377 1325 1418 a
1348 1356 1419 1439 Ipsa

178 1451 272 1519 reem,
285 1444 306 1506 i.
326 1461 353 1506 e.
374 1443 553 1508 institutioni
571 1445 678 1510 Christi
690 1447 776 1527 plauc
818 1451 863 1502 ast
877 1439 1009 1504 Ecclesia
1023 1441 1053 1502 iu
1073 1444 1134 1502 sola
1152 1441 1260 1521 posita,
1282 1439 1341 1504 boc
1358 1450 1417 1519 est,

179 1527 339 1589 coulormis
357 1535 412 1604 est,
439 1538 468 1590 et
497 1527 564 1592 ideo
590 1529 777 1592 Ecclesiaea
818 1525 848 1586 iu
868 1525 1107 1588 manifestatione
1125 1525 1416 1588 erunibusuotaus·

177 1609 293 1672 Christo
328 1609 481 1676 institutae
507 1613 663 1676 visibilitas
694 1613 775 1676 omui
817 1627 875 1690 que
892 1609 929 1670 ad
948 1608 1091 1671 terminos
1107 1617 1242 1670 tettae.»

177 1693 245 1756 iure
267 1693 439 1757 adstruitur.
858 1692 889 1754 E.
909 1693 1041 1756 Christus
1063 1693 1127 1774 ipse
1149 1692 1317 1754 Ecclesiam
1328 1710 1414 1754 suam

219 1779 307 1841 Noto.
322 1775 454 1842 Societas
469 1799 505 1842 ex
518 1778 775 1842 huminibnscun-
816 1775 907 1838 rebus
931 1776 1060 1838 externis
1087 1785 1115 1838 et
1134 1773 1304 1838 visibilibus
1328 1795 1414 1838 eorm

180 1859 289 1924 sistens
307 1863 474 1926 necessario
492 1863 618 1926 visibilis
636 1873 692 1926 est.
705 1863 776 1926 Pos-
814 1860 941 1940 paravit.
960 1857 1008 1922 Sic
1025 1861 1192 1941 Apostolos,
1212 1861 1337 1941 quosad
1357 1861 1413 1922 dc-

177 1954 247 2008 sunt
261 1946 397 2028 equidem
417 1948 481 2009 dari
500 1947 657 2010 societates
672 1949 775 2010 occul·
815 1945 940 2006 cendum
962 1944 1053 2020 misit,
1069 1945 1127 2006 luci
1143 1945 1258 2020 muudi,
1273 1964 1328 2006 scu
1343 1947 1411 2023 soli,

176 2038 238 2107 tae,
257 2031 327 2092 dum
346 2032 506 2094 earundem
526 2032 659 2094 inevubra
678 2051 709 2094 se
723 2049 778 2112 per
815 2028 977 2090 Ecclesiam
994 2037 1108 2106 autem,
1120 2047 1173 2109 per
1186 2029 1267 2110 ipsos
1285 2048 1411 2108 congue-

177 2119 299 2176 cntcrua
315 2115 401 2192 signa
427 2115 509 2176 nullo
536 2115 623 2177 modo
646 2116 774 2178 manile·
814 2112 1412 2195 gandam,civitatisupraruentempcsi·
1459 2151 1460 2176 r

173 2205 269 2273 stant,
286 2199 364 2278 quod
376 2200 551 2280 plerumque
568 2199 612 2276 fit,
632 2198 656 2260 si
672 2208 775 2262 contra
815 2205 876 2271 tae,
894 2206 924 2258 et
945 2197 1001 2258 hac
1023 2197 1066 2258 de.
1078 2216 1168 2260 causa
1185 2197 1327 2259 erunibus
1340 2217 1411 2259 cco·

178 2280 351 2342 societatem
386 2282 535 2362 publicam
562 2291 592 2344 et
622 2283 773 2364 potentio·
814 2280 1330 2362 spicuaeaequiparavit3aiteuim
1349 2283 1407 2362 (dh

175 2380 239 2424 rem
270 2366 348 2426 mala
376 2366 530 2428 molimina
558 2367 772 2446 suscipiuntur.
818 2365 872 2426 Vos
888 2365 956 2427 eatis
970 2365 1026 2428 lac
1042 2366 1159 2428 nsandi.
1178 2367 1247 2430 Non
1261 2374 1354 2444 potest
1370 2367 1410 2428 ei-

176 2443 233 2508 Sed
246 2456 275 2510 ct
287 2447 411 2512 huiusce
428 2449 547 2526 generis
561 2450 693 2512 mambra
712 2452 773 2512 sal·
813 2449 887 2512 udus
905 2449 1042 2512 abscondi
1054 2463 1142 2529 suaper
1158 2458 1289 2512 montcue
1299 2450 1407 2530 poena.

175 2538 235 2592 tem
259 2531 338 2594 iuter
355 2551 387 2596 sc
405 2533 534 2597 eruentis
553 2543 583 2595 at
607 2534 774 2598 visibilibus
813 2534 913 2612 Neque
927 2535 1087 2598 asceudant
1111 2534 1280 2610 laceratum,
1306 2543 1333 2597 et
1354 2553 1410 2614 no·

175 2613 269 2694 siguis
287 2616 367 2678 uniri
385 2616 506 2695 debent,
526 2625 559 2680 ut
571 2619 631 2680 veri
645 2618 774 2680 nominis
813 2625 961 2680 atlanteum
974 2618 1147 2700 archarmim,
1164 2619 1217 2680 aed
1232 2635 1323 2698 snper
1336 2636 1411 2680 cnm
1459 2687 1460 2690 Ἴ

179 2700 353 2762 societatem
374 2700 566 2764 constituant.
586 2700 658 2774 Quis
675 2711 772 2764 autem
814 2701 1022 2778 damnumst
1041 2702 1293 2777 lanceatomvaibar,
1311 2703 1362 2780 qni
1377 2703 1412 2764 in

181 2782 272 2860 dicet,
288 2783 376 2847 huius
396 2785 515 2864 generis
535 2787 706 2849 societatem
725 2787 773 2847 in·
814 2785 897 2848 domo
914 2793 1003 2860 aaran
1028 2786 1136 2866 quibus
1160 2786 1257 2848 verbis
1277 2785 1410 2848 Christus

179 2866 312 2929 stituisse
324 2867 485 2944 Christum,
503 2868 555 2950 qui
574 2870 720 2950 apostolis
732 2870 775 2932 di·
814 2869 968 2950 perspicue
986 2870 1144 2932 declaravit
1164 2884 1196 2931 se
1214 2870 1285 2932 idco
1305 2870 1410 2932 Ecclc·
1459 2889 1460 2944 j

174 2949 228 3012 xit:
246 2951 329 3026 (laod
345 2953 410 3016 dico
427 2953 506 3016 nobis
520 2954 553 3014 in
572 2955 709 3029 tenebris,
725 2955 773 3016 di·
813 2953 886 3014 siam
907 2972 960 3034 par
989 2955 1146 3035 Apostolos
1170 2953 1411 3032 congregandam

74 3079 77 3090 .
176 3035 232 3097 cita
246 3036 279 3098 in
301 3036 425 3112 lomina,
443 3046 469 3100 et
487 3037 564 3116 qood
576 3039 610 3100 in
624 3055 698 3100 aare
714 3055 772 3100 cvr·
813 3036 961 3100 visibilem
976 3038 1071 3113 velle,
1098 3047 1132 3100 ut
1154 3057 1259 3100 ouvnes
1277 3039 1362 3099 illam
1375 3057 1412 3099 a·-

175 3119 259 3194 ditia,
275 3121 443 3199 praedicate
459 3137 546 3200 snper
568 3129 651 3198 tecto,
671 3129 698 3184 ct
716 3139 773 3184 no·
813 3139 973 3198 gnoscere,
1000 3131 1029 3184 ct
1050 3121 1164 3198 ingredi
1193 3122 1319 3202 possim.
1341 3121 1408 3184 ideo

177 3201 227 3264 lite
245 3203 347 3266 timere
361 3221 420 3280 eoa,
436 3205 488 3283 qni
504 3205 639 3268 occidnut
656 3222 772 3284 amorre,
813 3205 845 3268 S.
864 3205 1054 3286 dannatione
1068 3203 1136 3286 (10)
1152 3205 1205 3268 nita
1219 3226 1235 3268 a
1247 3206 1336 3267 Eatat
1352 3206 1409 3268 Ec-

176 3287 308 3348 oaimcm
323 3297 421 3351 autem
435 3303 495 3350 aon
509 3297 633 3368 pussant
647 3290 774 3354 occidero
813 3289 903 3350 alesia
925 3289 1040 3351 cunctis
1065 3290 1156 3366 clara,
1180 3299 1272 3370 atquc
1292 3290 1406 3371 perspi·

175 3378 233 3432 otc.
253 3370 325 3450 (5)‘t
814 3391 881 3448 cua,
899 3373 1009 3454 quiippe
1028 3373 1142 3450 civitas,
1165 3393 1242 3454 quae
1268 3373 1408 3469 abscondi

412 3495 539 3565 oa·
814 3466 1405 3619 u‚enarratiunculam

164 3662 167 3688 2
371 3597 397 3646 ¹¹·
412 3597 444 3647 Β*
459 3604 481 3648 ⁵·
496 3601 585 3648 mmm·
814 3623 999 3688 coelornmi.
1010 3645 1038 3688 e.
1055 3625 1216 3688 Ecclesiam
1231 3645 1317 3688 suain
1331 3643 1407 3687 com⁴

214 3701 377 3770 Ecclesiam
391 3701 500 3768 Christi
510 3704 670 3782 visibilem,
690 3713 719 3768 et
737 3725 772 3768 o·
814 3709 927 3789 paravit
941 3727 1013 3789 coro
1028 3709 1054 3790 (l
1064 3709 1108 3790 l),
1122 3711 1254 3772 coaaoioio
1269 3710 1405 3790 oaaptioli,

174 3791 296 3854 mnibus
313 3787 504 3868 conspicuam
517 3808 595 3867 esse,
611 3790 774 3853 clarissima
814 3792 849 3852 ad
863 3793 940 3872 quod
954 3793 1072 3874 publica
1083 3793 1114 3854 ht
1126 3791 1260 3854 invitatio
1274 3795 1407 3874 (li),de·

1433 1475 1444 1612 )

172 3883 237 3936 turo
255 3892 290 3936 en
303 3871 453 3935 vaticiniis
472 3874 505 3936 V.
530 3875 576 3948 h,
594 3882 655 3936 tum
674 3894 709 3937 ax
726 3881 772 3956 et·
812 3892 873 3938 cem
888 3877 1065 3958 virntnidna,
1081 3877 1227 3958 tampades
1242 3878 1407 3958 accipienti·
1459 3873 1460 3936 ἶ

173 3959 244 4040 fulta
257 3955 381 4033 Christi,
398 3963 461 4016 tum
480 3975 516 4019 ox
529 3957 614 4021 dictis
632 3959 665 4024 S.
679 3960 774 4024 ¹Ponti
813 3959 866 4023 has
876 3961 956 4040 (13),
969 3980 1038 4040 argo
1053 3961 1143 4024 rebus
1159 3961 1299 4038 externis,
1318 3971 1347 4024 et
1364 3961 1407 4022 vi·
1459 3967 1460 4040 ,

174 4043 282 4104 clucet.
813 4043 963 4123 amitibus,
992 4055 1059 4108 cura
1083 4043 1192 4127 quibus
1210 4046 1340 4109 societas
1357 4065 1407 4109 oc-

203 4138 235 4198 (Ι)
247 4137 328 4187 ltlatth.
340 4137 377 4194 28,
395 4136 434 4186 tu.
560 4135 582 4196 2)
597 4138 630 4185 lc.
643 4139 666 4200 ὅ,
681 4141 703 4188 a.
843 4141 872 4200 (a)
889 4143 968 4190 unta.
983 4146 1006 4204 tt,
1025 4145 1050 4191 tt
1065 4149 1110 4192 etc.

203 4197 237 4252 (5)
251 4199 303 4243 ¹1⁰⁰·
318 4196 355 4247 22·
369 4195 403 4241 {il-
555 4197 652 4255 iliad
677 4201 714 4246 bt.
775 4218 776 4221 ¹
843 4202 889 4255 lttll
904 4203 987 4255 L.2c.
1003 4208 1119 4262 crescon,
1135 4216 1155 4250 c.
1171 4204 1208 4250 56.

205 4255 236 4311 (at
252 4255 330 4300 navia.
345 4255 381 4310 vo,
391 4255 425 4301 ar.
545 4255 574 4314 (a,
592 4257 637 4327 aa.⁴
648 4232 671 4317 i,
687 4259 710 4301 a.
842 4259 887 4316 nn
899 4263 975 4308 navia.
987 4263 1023 4324 aa,
1033 4263 1061 4308 at
1071 4267 1115 4310 eva
1145 4263 1191 4319 <vn
1203 4261 1407 4323 alamannus.

207 4313 238 4369 u,
250 4313 287 4357 rr.
303 4313 317 4357 a
333 4314 357 4358 u
371 4313 412 4371 sp.
424 4315 458 4360 10.
547 4315 578 4373 aa)
596 4315 665 4376 nursi
681 4319 731 4365 voc.
789 4340 793 4367 .
839 4325 1101 4390 rvavvvmaaaven.
1147 4322 1407 4384 ttttttsttl·²⁵‚¹·¹s·
