2962 4736
190 191 251 254 506
593 205 778 256 rneonoane
794 205 955 252 aeramen

146 295 227 363 aaut,
247 287 391 350 inretorto
411 289 646 369 eanmtcttlntnr:
668 305 745 350 sem·
785 283 939 362 Religione
957 281 1124 346 Chrislrana
1139 292 1247 345 rationi
1267 283 1381 352 nudum
1464 343 1465 364 ,

145 371 265 449 piternn
285 387 397 451 peraque
415 375 478 435 eiua
495 373 589 436 airltts
615 379 642 435 et
666 371 745 435 diei·
786 369 865 431 aliud
884 368 931 431 ius
943 376 972 430 et
987 367 1116 431 ollieium
1131 377 1312 450 competere,
1325 370 1381 432 nisi
1463 389 1465 460 l

146 454 250 517 niter:
280 457 323 519 ita
356 463 389 518 ut
419 457 480 520 sint
505 455 744 534 inexcusabiles,
786 462 818 514 ut
834 471 867 514 se
881 451 1037 516 submittat
1051 452 1082 514 in
1095 451 1271 534 obsequium
1294 453 1381 533 fidei3
1464 467 1465 510 t

146 539 218 616 prtia
238 543 313 602 ‘eam
338 542 539 622 cognovissent
557 541 663 617 Deum,
683 557 745 602 nen
785 539 909 600 omnem'
923 549 1022 598 autem
1035 535 1256 618 Philosophiam
1272 537 1382 602 utiuu·
1464 543 1465 620 j

144 621 219 686 sicut
237 623 332 686 Deum
352 625 594 707 glorificaverunt
612 634 669 687 ete.
688 623 745 686 Ne·
785 623 879 697 tilem,
893 631 944 682 aut
958 622 1076 682 noxiam
1091 621 1284 682 reiiciendam
1298 639 1381 685 esse:
1464 637 1465 658 ι

144 705 206 782 gari
230 725 300 786 ergo
320 709 436 790 nequit,
458 709 522 772 dari
543 708 687 772 veritates
708 708 744 771 ad
784 706 821 768 ad
850 705 925 767 itanc
953 705 1129 768 seutentiam
1165 705 1289 767 adducti
1315 713 1380 767 sunl

143 787 328 868 Religionem
360 794 524 856 naturalem
557 799 741 876 spectantes,
785 790 921 853 nonnulli
950 807 986 852 aa
1010 789 1181 868 fanetismo,
1203 791 1380 852 seueado·
1464 795 1465 852 l

145 889 271 954 quarum
293 876 492 953 cognitionem
507 877 703 940 sullicieutem
716 883 745 939 et
783 875 924 937 minandi
942 873 1074 949 libidine,
1095 891 1154 954 qua
1177 893 1237 934 non
1257 881 1316 934 tam
1331 892 1381 955 pro

145 968 253 1020 certam
273 960 349 1020 ratio
368 960 425 1022 sibi
445 967 741 1043 compararepotest.
784 959 978 1036 revelatione,
1007 977 1095 1040 quam
1127 977 1179 1040 pro
1203 957 1265 1019 suis
1286 958 1383 1019 allatis
1464 969 1465 1036 j

144 1039 289 1112 Quoniam
320 1045 576 1108 autemhomines
598 1045 745 1108 etiamad
784 1061 902 1104 caecam
932 1043 1019 1106 sidem
1047 1041 1222 1120 exigebant:
1258 1041 1310 1103 alii
1349 1061 1383 1104 cr

144 1125 298 1204 religionis
320 1129 464 1190 naturalis
493 1129 671 1212 completam
691 1148 744 1190 co·
780 1129 919 1210 pigritia,
953 1145 1012 1207 qua
1045 1127 1170 1187 rationis
1200 1144 1271 1186 suae
1305 1126 1382 1188 vires
1464 1171 1465 1174 ,

144 1211 307 1288 gnitionem
339 1213 460 1274 nonnisi
493 1213 666 1276 difficillime
691 1229 746 1296 per
783 1215 840 1276 rite
858 1211 1019 1292 applicare,
1049 1229 1083 1272 aa
1105 1209 1201 1270 studio
1227 1210 1383 1273 intendere
1464 1239 1465 1280 3

143 1295 236 1356 solam
255 1295 648 1378 rationempertingunt,ac
667 1295 744 1360 inea
785 1297 956 1373 noluerunt,
988 1306 1016 1356 et
1049 1296 1104 1356 hoc
1131 1294 1211 1355 idem
1241 1294 1331 1355 etiam
1350 1293 1381 1354 in

142 1377 323 1459 inquirenda
340 1379 428 1443 laeile
456 1382 606 1458 aberrant,
627 1394 656 1444 et
674 1382 745 1463 quia
783 1381 850 1444 aliis
872 1381 1097 1460 vituperarent:
1127 1378 1176 1439 alii
1202 1396 1240 1441 ee
1267 1394 1380 1456 errore,

143 1462 252 1524 dantur
270 1464 409 1526 veritates
421 1465 459 1526 ad
473 1465 658 1544 Religionem
679 1484 745 1546 per·
784 1485 844 1547 qua
872 1465 1032 1548 putabant,
1056 1463 1214 1541 genuinam
1242 1461 1382 1524 Philoso-

144 1546 285 1624 tinentes,
316 1548 392 1610 scitu
418 1551 616 1625 necessariae,
641 1558 670 1612 et
692 1568 743 1611 ra·
785 1547 1308 1632 phiamesseillam,quaevelcum
1323 1545 1383 1608 Hu·
1464 1583 1465 1600 ι

145 1630 221 1691 tioni
240 1631 402 1711 imperviae
429 1634 496 1715 (l);
524 1635 592 1697 ideo
609 1634 688 1696 Deus
707 1631 742 1696 0.
786 1636 845 1696 mio
872 1634 909 1695 de
934 1633 1074 1696 omnibus
1096 1631 1223 1708 dubitat,
1248 1633 1291 1693 vel
1314 1649 1382 1691 cum

142 1711 181 1774 ll.
224 1715 397 1778 hominibus
432 1735 487 1800 per
522 1717 743 1780 Revelationem
784 1717 925 1781 Voltairio
949 1717 1088 1779 omnibus
1104 1715 1218 1793 irridet,
1247 1716 1293 1777 vel
1315 1733 1383 1776 cnm
1464 1725 1465 1730 ’

143 1797 291 1860 subvenit.
311 1799 472 1871 Quaeritur
488 1821 558 1881 ergo
580 1803 653 1880 iam,
674 1801 744 1883 quid
784 1803 851 1866 aliis
881 1803 993 1879 omnia,
1024 1819 1099 1883 quae
1125 1799 1271 1861 rationem
1289 1817 1382 1880 supe·

143 1883 219 1944 ratio
261 1884 340 1945 cirea
366 1883 551 1964 Religionem
583 1887 744 1948 revelatam
784 1896 862 1964 rant,
882 1895 980 1964 negat.
997 1885 1071 1947 Huic
1085 1885 1250 1946 sententiae
1269 1883 1383 1945 aditae·

145 1973 296 2047 praestare
315 1969 453 2050 possitae
472 1971 589 2032 debeat.
605 1969 744 2042 Quaestio
785 1981 883 2033 rentes
906 1969 1202 2052 Sapranelnralistae
1228 1967 1286 2028 dici
1308 1987 1384 2029 con-

130 2051 218 2114 ¹linea
238 2071 273 2112 eo
297 2054 419 2115 maioris
441 2055 584 2117 momenti
609 2065 665 2132 est,
686 2073 744 2136 quo
785 2066 956 2120 sueverunt.
974 2055 1108 2118 Seruanda
1128 2053 1385 2115 sententiaecon·

144 2134 245 2216 plures
263 2136 318 2198 hac
341 2137 379 2198 de
403 2157 436 2200 re
457 2139 621 2202 sententiae
637 2139 746 2201 nostris
786 2156 830 2203 tra
858 2141 899 2201 ita
921 2141 1067 2202 rationem
1087 2156 1141 2199 eeu
1160 2138 1306 2198 revelatae
1324 2135 1384 2197 Re·

144 2219 305 2298 praeaipue
326 2221 510 2303 temporibus
525 2223 745 2285 circumierim·
785 2225 904 2304 ligionis
936 2223 1064 2286 iudicem
1087 2222 1201 2299 statuit,
1222 2228 1255 2283 ut
1283 2223 1384 2282 omnia

144 2312 205 2363 tur.
227 2300 264 2362 Ut
282 2313 381 2366 autern
404 2307 539 2386 quaestio
556 2307 629 2368 ltaee
647 2307 745 2368 solva·
785 2328 838 2391 per
856 2310 1001 2370 rationem
1017 2305 1195 2384 indaganda,
1210 2306 1384 2386 exponenda

144 2396 193 2446 tur
216 2387 245 2448 l.
274 2389 388 2452 tltearia
415 2391 450 2452 de
478 2408 536 2454 etan
559 2392 687 2456 ratt'bnt'a
708 2394 745 2454 in
785 2402 814 2456 ct
834 2393 985 2475 probanda
1005 2392 1154 2466 dieantur,
1175 2399 1203 2451 et
1225 2390 1304 2452 nihil
1323 2408 1384 2451 cre-

144 2470 310 2550 Relipionis
338 2473 493 2548 revelatae,
520 2492 554 2538 ac
579 2476 746 2556 Tbealopiae
786 2479 914 2540 dandum
928 2475 1113 2551 admittatur,
1134 2474 1191 2535 nisi
1210 2474 1291 2555 quoti
1309 2473 1383 2535 ratio

144 2556 261 2635 negotia
274 2557 443 2633 statuenda,
456 2558 487 2620 R.
500 2559 567 2620 dein
583 2562 654 2622 baec
667 2562 746 2624 ibeo·
784 2562 933 2644 intelligit,
964 2569 992 2622 et
1020 2569 1054 2620 ut
1078 2559 1193 2620 veritati
1219 2576 1384 2620 consonum

143 2640 193 2700 ria
209 2641 249 2702 ad
265 2642 492 2706 verberationis
505 2661 632 2706 manem
648 2646 744 2724 appli—
785 2646 892 2728 probat
906 2643 1113 2720 rationalibus,
1134 2662 1185 2704 seu
1201 2643 1386 2724 philosophi-

145 2725 304 2802 candaeel,
319 2727 349 2787 3.
366 2734 466 2806 postea
485 2728 653 2805 relationes,
673 2746 746 2808 quae
785 2733 828 2793 cis
845 2729 1000 2812 principiis
1015 2729 1094 2790 nixa.
1111 2727 1206 2789 Huius
1218 2726 1384 2789 sententiae

144 2807 223 2868 inter
249 2810 399 2872 rationem
417 2819 445 2873 el
471 2813 676 2875 revelationem
694 2813 744 2875 in·
785 2831 892 2877 causae
903 2824 986 2876 sunt:
1001 2813 1139 2893 snperbia
1153 2812 1295 2887 rationis,
1309 2829 1384 2892 quae

144 2892 306 2968 lercedanl,
327 2897 515 2974 exponendae
534 2906 626 2971 snnt;
652 2917 686 2958 ac
710 2897 741 2958 l.
785 2899 975 2980 semetipsam
1014 2899 1143 2959 libenter
1170 2895 1201 2956 in
1242 2897 1384 2956 thronum

145 2975 265 3037 demum
289 2979 385 3040 breat's
416 2981 542 3043 biatarln
564 2982 745 3045 adnectenda
785 2983 903 3059 exaltat,
921 2992 950 3046 et
969 3001 1023 3064 per
1041 2978 1177 3062 mysteria
1200 2981 1383 3056 offenditur3

144 3068 196 3136 est,
216 3079 274 3140 qna
290 3062 476 3139 ostendatur,
492 3063 563 3144 quid
578 3066 653 3126 ratio
666 3066 745 3126 eirca
784 3067 935 3148 corruptio
965 3067 1135 3141 valvtnlatis,
1167 3083 1243 3146 quac
1269 3066 1386 3126 revela-

143 3145 368 3222 revelationem,
388 3166 440 3208 seu
461 3148 650 3230 philosophia
665 3150 745 3211 eirca
785 3150 875 3214 tionis
902 3152 1041 3214 veritates
1069 3151 1166 3224 timet,
1198 3158 1227 3210 et
1251 3149 1385 3210 ciusdem

148 3226 328 3307 theologiam
345 3240 411 3292 actu
426 3233 618 3313 praestiterit.
785 3245 940 3317 praecepta
952 3237 1038 3313 genio
1057 3245 1195 3314 corrupto
1214 3251 1385 3296 accommo-

416 3346 418 3352 ’
523 3335 525 3340 ·
785 3321 989 3399 tlnrestudet3
1010 3319 1314 3394 aclandemabttaas,
1335 3316 1385 3398 qui

342 3429 513 3479 Apamam
525 3431 545 3479 1.
786 3407 864 3466 eirca
882 3403 1043 3484 Religionis
1062 3402 1235 3465 exercitium
1258 3403 1387 3482 irrepse-

285 3529 385 3578 Thm
401 3533 429 3580 ae
446 3548 489 3582 uso
507 3486 604 3582 radonis
786 3499 868 3566 runt,
889 3500 919 3550 et
935 3507 1001 3551 cum
1021 3489 1085 3569 ipsa
1103 3487 1267 3564 Religionis
1286 3505 1387 3548 esseu-

145 3586 170 3631 ln
185 3580 310 3644 n‘ettgtonts
325 3593 441 3639 revelatae
453 3597 476 3640 et
488 3593 630 3654 'i'lteologirte
642 3597 745 3654 negotio.
787 3573 839 3648 lia,
873 3593 925 3635 seu
954 3591 1020 3634 cum
1049 3571 1239 3634 RevelaliOsse
1269 3571 1384 3632 COUfUSl
1464 3609 1465 3614 ¹

163 3681 167 3689 ·
379 3704 409 3774 ς.
433 3712 518 3760 my
786 3667 865 3719 sunt.
882 3655 977 3719 Huius
995 3657 1159 3718 sententiae
1177 3657 1312 3717 asseclae
1327 3657 1383 3717 Ila-

188 3815 264 3879 Ilum
285 3819 439 3898 quaeritur
457 3821 493 3885 de
508 3843 563 3886 usu
578 3825 701 3890 rationis
716 3829 744 3890 in
788 3826 897 3889 tentiae
924 3821 1066 3888 erroneae
1094 3825 1152 3887 iam
1186 3823 1384 3886 confutandae
1464 3821 1465 3856 ³

147 3899 309 3980 Religionis
330 3905 489 3982 revelatae,
510 3927 544 3968 ac
568 3909 747 3990 Theologiae
787 3919 867 3987 sunt,
888 3921 920 3972 ut
939 3911 1038 3973 media
1059 3909 1104 3971 via
1123 3907 1276 3987 incedere,
1295 3917 1326 3970 et
1340 3925 1387 3968 re·
1464 3919 1465 3946 ³

147 3986 279 4081 negotio,
293 3989 369 4050 duae
385 3989 442 4050 sihi
457 3992 609 4070 oppositae
623 4006 747 4058 senten·
787 4003 863 4056 ctam
881 3995 1059 4057 sententiam
1074 4001 1205 4056 statuere
1215 3993 1317 4056 liceat.
1331 3991 1387 4051 Ra·
1464 4007 1465 4020 ¹

150 4079 207 4130 trae
225 4071 335 4148 vigent,
355 4091 482 4152 quarum
503 4084 629 4156 utraque
652 4099 668 4139 a
694 4099 747 4141 ve·
789 4076 861 4140 tioni
881 4080 1021 4142 nimirum
1040 4083 1112 4142 atera
1125 4079 1271 4160 quaedam
1291 4073 1323 4137 in
1341 4093 1410 4141 re·¹

149 4153 237 4216 ritate
268 4155 572 4223 aberrat.-·Prt'nm
601 4159 684 4240 dieii,
717 4163 746 4226 in
788 4162 901 4225 velatae
918 4163 1081 4242 Religionis
1100 4171 1129 4224 et
1141 4160 1321 4240 Titeologioe
1337 4177 1387 4240 ne·

194 4325 198 4332 ‚
240 4271 243 4293 =
487 4295 490 4305 Δ
680 4255 684 4269 ’
787 4245 866 4325 gotio
882 4249 1084 4326 concedenda,
1100 4247 1151 4311 sed
1169 4248 1260 4312 etiam
1278 4245 1386 4310 lltnt'let

182 4341 212 4394 ap
227 4337 250 4383 P·
266 4339 283 4398 ¹,
295 4343 318 4386 S·
330 4344 355 4403 ¹1,
369 4349 423 4407 sap.
437 4347 464 4398 tu
763 4351 765 4356 ·
788 4334 1008 4412 praescribendi
1028 4343 1107 4398 sunt.

786 3742 1112 3805 tianalistaedicuntur.
1133 3738 1210 3802 Istae
1223 3740 1302 3802 duae
1319 3757 1384 3800 sen·
1464 3745 1465 3806 ζ
