<?xml version="1.0" encoding="UTF-8"?>
<!DOCTYPE html PUBLIC "-//W3C//DTD XHTML 1.0 Transitional//EN"
    "http://www.w3.org/TR/xhtml1/DTD/xhtml1-transitional.dtd">
<html xmlns="http://www.w3.org/1999/xhtml" xml:lang="en" lang="en">
 <head>
  <title>
</title>
<meta http-equiv="Content-Type" content="text/html;charset=utf-8" />
  <meta name='ocr-system' content='tesseract 3.04.00' />
  <meta name='ocr-capabilities' content='ocr_page ocr_carea ocr_par ocr_line ocrx_word'/>
</head>
<body>
  <div class='ocr_page' id='page_1' title='image "./institutionesth00knolgoog_0225.png"; bbox 0 0 2928 4734; ppageno 0'>
   <div class='ocr_carea' id='block_1_1' title="bbox 447 181 689 232">
    <p class='ocr_par' dir='ltr' id='par_1_1' title="bbox 447 181 689 232">
     <span class='ocr_line' id='line_1_1' title="bbox 447 181 689 232; baseline -0.029 0"><span class='ocrx_word' id='word_1_1' title='bbox 447 186 520 232; x_wconf 77' lang='lat' dir='ltr'><strong>PARS</strong></span> <span class='ocrx_word' id='word_1_2' title='bbox 538 185 570 230; x_wconf 85' lang='lat' dir='ltr'><strong>tt.</strong></span> <span class='ocrx_word' id='word_1_3' title='bbox 587 181 689 230; x_wconf 79' lang='lat' dir='ltr'><strong>SEG‘l&#39;lO</strong></span> 
     </span>
    </p>
   </div>
   <div class='ocr_carea' id='block_1_2' title="bbox 203 291 523 462">
    <p class='ocr_par' dir='ltr' id='par_1_2' title="bbox 203 291 523 462">
     <span class='ocr_line' id='line_1_2' title="bbox 297 291 432 369; baseline -0.03 -16"><span class='ocrx_word' id='word_1_4' title='bbox 297 291 328 369; x_wconf 53' lang='grc' dir='ltr'><strong><em>ς</em></strong></span> <span class='ocrx_word' id='word_1_5' title='bbox 357 303 432 352; x_wconf 78' lang='lat' dir='ltr'><strong>aas.</strong></span> 
     </span>
     <span class='ocr_line' id='line_1_3' title="bbox 203 368 523 462; baseline -0.016 -9"><span class='ocrx_word' id='word_1_6' title='bbox 203 368 333 453; x_wconf 54' lang='lat' dir='ltr'><strong>Conclusio</strong></span> <span class='ocrx_word' id='word_1_7' title='bbox 347 405 419 451; x_wconf 84' lang='lat' dir='ltr'><strong>butus</strong></span> <span class='ocrx_word' id='word_1_8' title='bbox 434 404 523 462; x_wconf 85' lang='lat' dir='ltr'><strong>eapttle.</strong></span> 
     </span>
    </p>
   </div>
   <div class='ocr_carea' id='block_1_3' title="bbox 32 512 692 2272">
    <p class='ocr_par' dir='ltr' id='par_1_3' title="bbox 32 512 692 2272">
     <span class='ocr_line' id='line_1_4' title="bbox 102 512 667 596; baseline -0.007 -18"><span class='ocrx_word' id='word_1_9' title='bbox 102 513 126 578; x_wconf 91' lang='lat' dir='ltr'><strong>l.</strong></span> <span class='ocrx_word' id='word_1_10' title='bbox 146 513 242 578; x_wconf 87' lang='lat' dir='ltr'><strong>Multa</strong></span> <span class='ocrx_word' id='word_1_11' title='bbox 260 533 353 594; x_wconf 83' lang='lat' dir='ltr'><strong>ergo,</strong></span> <span class='ocrx_word' id='word_1_12' title='bbox 375 523 404 577; x_wconf 90' lang='lat' dir='ltr'><strong>et</strong></span> <span class='ocrx_word' id='word_1_13' title='bbox 421 514 573 596; x_wconf 87' lang='lat' dir='ltr'><strong>praeclara</strong></span> <span class='ocrx_word' id='word_1_14' title='bbox 590 512 667 576; x_wconf 85' lang='lat' dir='ltr'><strong>rati-</strong></span> 
     </span>
     <span class='ocr_line' id='line_1_5' title="bbox 63 597 665 676; baseline -0.002 -16"><span class='ocrx_word' id='word_1_15' title='bbox 63 599 139 660; x_wconf 85' lang='lat' dir='ltr'><strong>cinia</strong></span> <span class='ocrx_word' id='word_1_16' title='bbox 163 599 197 662; x_wconf 93' lang='lat' dir='ltr'><strong>in</strong></span> <span class='ocrx_word' id='word_1_17' title='bbox 217 597 248 662; x_wconf 88' lang='lat' dir='ltr'><strong>S.</strong></span> <span class='ocrx_word' id='word_1_18' title='bbox 270 599 374 662; x_wconf 90' lang='lat' dir='ltr'><strong>Bibliis</strong></span> <span class='ocrx_word' id='word_1_19' title='bbox 392 597 427 661; x_wconf 86' lang='lat' dir='ltr'><strong>v.</strong></span> <span class='ocrx_word' id='word_1_20' title='bbox 448 598 483 660; x_wconf 83' lang='lat' dir='ltr'><strong>T.</strong></span> <span class='ocrx_word' id='word_1_21' title='bbox 508 599 665 676; x_wconf 81' lang='lat' dir='ltr'><strong>leguntur,</strong></span> 
     </span>
     <span class='ocr_line' id='line_1_6' title="bbox 62 681 670 766; baseline -0.003 -22"><span class='ocrx_word' id='word_1_22' title='bbox 62 684 151 745; x_wconf 82' lang='lat' dir='ltr'><strong>variis</strong></span> <span class='ocrx_word' id='word_1_23' title='bbox 164 685 353 766; x_wconf 76' lang='lat' dir='ltr'><strong>temporibus</strong></span> <span class='ocrx_word' id='word_1_24' title='bbox 367 683 482 764; x_wconf 89' lang='lat' dir='ltr'><strong>prolata</strong></span> <span class='ocrx_word' id='word_1_25' title='bbox 493 701 528 744; x_wconf 87' lang='lat' dir='ltr'><strong>ac</strong></span> <span class='ocrx_word' id='word_1_26' title='bbox 539 681 670 744; x_wconf 89' lang='lat' dir='ltr'><strong>conscri-</strong></span> 
     </span>
     <span class='ocr_line' id='line_1_7' title="bbox 61 765 668 848; baseline -0.005 -20"><span class='ocrx_word' id='word_1_27' title='bbox 61 777 108 848; x_wconf 87' lang='lat' dir='ltr'><strong>pta</strong></span> <span class='ocrx_word' id='word_1_28' title='bbox 127 775 159 829; x_wconf 89' lang='lat' dir='ltr'><strong>et</strong></span> <span class='ocrx_word' id='word_1_29' title='bbox 182 769 224 829; x_wconf 89' lang='lat' dir='ltr'><strong>ad</strong></span> <span class='ocrx_word' id='word_1_30' title='bbox 243 787 335 830; x_wconf 89' lang='lat' dir='ltr'><strong>unum</strong></span> <span class='ocrx_word' id='word_1_31' title='bbox 362 766 581 828; x_wconf 90' lang='lat' dir='ltr'><strong>nobilissimum</strong></span> <span class='ocrx_word' id='word_1_32' title='bbox 600 765 668 826; x_wconf 91' lang='lat' dir='ltr'><strong>tbe-</strong></span> 
     </span>
     <span class='ocr_line' id='line_1_8' title="bbox 61 849 669 914; baseline -0.003 -2"><span class='ocrx_word' id='word_1_33' title='bbox 61 871 108 914; x_wconf 90' lang='lat' dir='ltr'><strong>ma</strong></span> <span class='ocrx_word' id='word_1_34' title='bbox 126 852 325 914; x_wconf 86' lang='lat' dir='ltr'><strong>collineantia</strong></span> <span class='ocrx_word' id='word_1_35' title='bbox 343 881 360 897; x_wconf 83' lang='lat'>-</span> <span class='ocrx_word' id='word_1_36' title='bbox 378 849 519 912; x_wconf 90' lang='lat' dir='ltr'><strong>nimirum</strong></span> <span class='ocrx_word' id='word_1_37' title='bbox 539 849 576 912; x_wconf 89' lang='lat' dir='ltr'><strong>ad</strong></span> <span class='ocrx_word' id='word_1_38' title='bbox 593 868 669 910; x_wconf 85' lang='lat' dir='ltr'><strong>ven·</strong></span> 
     </span>
     <span class='ocr_line' id='line_1_9' title="bbox 61 932 667 1011; baseline -0.003 -15"><span class='ocrx_word' id='word_1_39' title='bbox 61 943 162 996; x_wconf 87' lang='lat' dir='ltr'><strong>turum</strong></span> <span class='ocrx_word' id='word_1_40' title='bbox 178 934 332 1011; x_wconf 89' lang='lat' dir='ltr'><strong>Messiam,</strong></span> <span class='ocrx_word' id='word_1_41' title='bbox 347 942 377 995; x_wconf 91' lang='lat' dir='ltr'><strong>et</strong></span> <span class='ocrx_word' id='word_1_42' title='bbox 395 934 433 997; x_wconf 92' lang='lat' dir='ltr'><strong>ad</strong></span> <span class='ocrx_word' id='word_1_43' title='bbox 452 932 667 996; x_wconf 89' lang='lat' dir='ltr'><strong>instituendum</strong></span> 
     </span>
     <span class='ocr_line' id='line_1_10' title="bbox 62 1017 692 1100; baseline -0.003 -20"><span class='ocrx_word' id='word_1_44' title='bbox 62 1020 100 1080; x_wconf 91' lang='lat' dir='ltr'><strong>ab</strong></span> <span class='ocrx_word' id='word_1_45' title='bbox 114 1019 178 1099; x_wconf 90' lang='lat' dir='ltr'><strong>ipso</strong></span> <span class='ocrx_word' id='word_1_46' title='bbox 192 1038 330 1098; x_wconf 85' lang='lat' dir='ltr'><strong>regnum.</strong></span> <span class='ocrx_word' id='word_1_47' title='bbox 340 1017 443 1080; x_wconf 86' lang='lat' dir='ltr'>Mirum</span> <span class='ocrx_word' id='word_1_48' title='bbox 455 1037 527 1080; x_wconf 89' lang='lat' dir='ltr'><strong>saue</strong></span> <span class='ocrx_word' id='word_1_49' title='bbox 540 1026 596 1093; x_wconf 90' lang='lat' dir='ltr'><strong>est,</strong></span> <span class='ocrx_word' id='word_1_50' title='bbox 608 1036 668 1078; x_wconf 92' lang='lat' dir='ltr'><strong>non</strong></span> <span class='ocrx_word' id='word_1_51' title='bbox 691 1095 692 1100; x_wconf 8' lang='grc' dir='ltr'>ἵ</span> 
     </span>
     <span class='ocr_line' id='line_1_11' title="bbox 64 1101 669 1183; baseline -0.002 -21"><span class='ocrx_word' id='word_1_52' title='bbox 64 1122 174 1183; x_wconf 89' lang='lat' dir='ltr'><strong>paucos</strong></span> <span class='ocrx_word' id='word_1_53' title='bbox 194 1111 366 1164; x_wconf 90' lang='lat' dir='ltr'><strong>nostrorum</strong></span> <span class='ocrx_word' id='word_1_54' title='bbox 384 1111 549 1182; x_wconf 92' lang='lat' dir='ltr'><strong>temporum</strong></span> <span class='ocrx_word' id='word_1_55' title='bbox 573 1101 669 1162; x_wconf 91' lang='lat' dir='ltr'><strong>inter·</strong></span> 
     </span>
     <span class='ocr_line' id='line_1_12' title="bbox 32 1185 668 1267; baseline 0 -21"><span class='ocrx_word' id='word_1_56' title='bbox 32 1217 34 1225; x_wconf 43' lang='lat' dir='ltr'>v</span> <span class='ocrx_word' id='word_1_57' title='bbox 63 1196 161 1267; x_wconf 81' lang='lat' dir='ltr'><strong>protes</strong></span> <span class='ocrx_word' id='word_1_58' title='bbox 179 1187 362 1262; x_wconf 86' lang='lat' dir='ltr'><strong>arbitrariis‚</strong></span> <span class='ocrx_word' id='word_1_59' title='bbox 384 1196 414 1248; x_wconf 88' lang='lat' dir='ltr'><strong>et</strong></span> <span class='ocrx_word' id='word_1_60' title='bbox 433 1185 585 1247; x_wconf 89' lang='lat' dir='ltr'><strong>hincinde</strong></span> <span class='ocrx_word' id='word_1_61' title='bbox 600 1185 668 1246; x_wconf 91' lang='lat' dir='ltr'><strong>inc-</strong></span> 
     </span>
     <span class='ocr_line' id='line_1_13' title="bbox 63 1269 668 1351; baseline 0 -21"><span class='ocrx_word' id='word_1_62' title='bbox 63 1272 118 1350; x_wconf 92' lang='lat' dir='ltr'><strong>ptis</strong></span> <span class='ocrx_word' id='word_1_63' title='bbox 136 1271 377 1351; x_wconf 76' lang='lat' dir='ltr'><strong>expositionibus</strong></span> <span class='ocrx_word' id='word_1_64' title='bbox 392 1269 529 1332; x_wconf 85' lang='lat' dir='ltr'><strong>vaticinia</strong></span> <span class='ocrx_word' id='word_1_65' title='bbox 543 1269 668 1330; x_wconf 90' lang='lat' dir='ltr'><strong>messia-</strong></span> 
     </span>
     <span class='ocr_line' id='line_1_14' title="bbox 62 1353 668 1434; baseline -0.002 -20"><span class='ocrx_word' id='word_1_66' title='bbox 62 1374 98 1414; x_wconf 91' lang='lat' dir='ltr'><strong>na</strong></span> <span class='ocrx_word' id='word_1_67' title='bbox 111 1374 148 1416; x_wconf 84' lang='lat' dir='ltr'><strong>ex</strong></span> <span class='ocrx_word' id='word_1_68' title='bbox 167 1353 201 1416; x_wconf 94' lang='lat' dir='ltr'><strong>S.</strong></span> <span class='ocrx_word' id='word_1_69' title='bbox 222 1353 328 1416; x_wconf 92' lang='lat' dir='ltr'><strong>Bibliis</strong></span> <span class='ocrx_word' id='word_1_70' title='bbox 346 1354 472 1416; x_wconf 86' lang='lat' dir='ltr'><strong>maxima</strong></span> <span class='ocrx_word' id='word_1_71' title='bbox 490 1372 524 1414; x_wconf 86' lang='lat' dir='ltr'><strong>ex</strong></span> <span class='ocrx_word' id='word_1_72' title='bbox 540 1361 622 1434; x_wconf 88' lang='lat' dir='ltr'><strong>parte</strong></span> <span class='ocrx_word' id='word_1_73' title='bbox 634 1371 668 1413; x_wconf 88' lang='lat' dir='ltr'><strong>e·</strong></span> 
     </span>
     <span class='ocr_line' id='line_1_15' title="bbox 62 1435 667 1508; baseline 0 -10"><span class='ocrx_word' id='word_1_74' title='bbox 62 1438 201 1500; x_wconf 87' lang='lat' dir='ltr'><strong>liminare</strong></span> <span class='ocrx_word' id='word_1_75' title='bbox 218 1446 358 1500; x_wconf 89' lang='lat' dir='ltr'><strong>tentasse.</strong></span> <span class='ocrx_word' id='word_1_76' title='bbox 379 1435 443 1508; x_wconf 86' lang='lat' dir='ltr'><strong>Quo</strong></span> <span class='ocrx_word' id='word_1_77' title='bbox 461 1437 491 1500; x_wconf 93' lang='lat' dir='ltr'><strong>in</strong></span> <span class='ocrx_word' id='word_1_78' title='bbox 512 1435 667 1498; x_wconf 88' lang='lat' dir='ltr'><strong>temerario</strong></span> 
     </span>
     <span class='ocr_line' id='line_1_16' title="bbox 62 1519 668 1602; baseline 0 -20"><span class='ocrx_word' id='word_1_79' title='bbox 62 1531 170 1582; x_wconf 88' lang='lat' dir='ltr'><strong>conatu</strong></span> <span class='ocrx_word' id='word_1_80' title='bbox 183 1522 325 1583; x_wconf 88' lang='lat' dir='ltr'><strong>novitatis</strong></span> <span class='ocrx_word' id='word_1_81' title='bbox 336 1522 434 1584; x_wconf 91' lang='lat' dir='ltr'><strong>studio</strong></span> <span class='ocrx_word' id='word_1_82' title='bbox 444 1521 560 1602; x_wconf 90' lang='lat' dir='ltr'><strong>decepti</strong></span> <span class='ocrx_word' id='word_1_83' title='bbox 577 1519 668 1582; x_wconf 91' lang='lat' dir='ltr'><strong>totius</strong></span> 
     </span>
     <span class='ocr_line' id='line_1_17' title="bbox 61 1604 667 1687; baseline 0 -21"><span class='ocrx_word' id='word_1_84' title='bbox 61 1606 252 1687; x_wconf 69' lang='lat' dir='ltr'><strong>antiquitatis</strong></span> <span class='ocrx_word' id='word_1_85' title='bbox 283 1604 442 1666; x_wconf 89' lang='lat' dir='ltr'><strong>consensui</strong></span> <span class='ocrx_word' id='word_1_86' title='bbox 478 1605 667 1667; x_wconf 81' lang='lat' dir='ltr'><strong>contradixe-</strong></span> 
     </span>
     <span class='ocr_line' id='line_1_18' title="bbox 62 1690 668 1770; baseline 0 -21"><span class='ocrx_word' id='word_1_87' title='bbox 62 1699 141 1764; x_wconf 89' lang='lat' dir='ltr'><strong>runt,</strong></span> <span class='ocrx_word' id='word_1_88' title='bbox 157 1690 368 1756; x_wconf 89' lang='lat' dir='ltr'><strong>auctoritatem</strong></span> <span class='ocrx_word' id='word_1_89' title='bbox 388 1697 450 1752; x_wconf 92' lang='lat' dir='ltr'><strong>tum</strong></span> <span class='ocrx_word' id='word_1_90' title='bbox 465 1690 605 1770; x_wconf 84' lang='lat' dir='ltr'><strong>antiquae</strong></span> <span class='ocrx_word' id='word_1_91' title='bbox 618 1707 668 1770; x_wconf 75' lang='lat' dir='ltr'><strong>sy-</strong></span> 
     </span>
     <span class='ocr_line' id='line_1_19' title="bbox 61 1773 665 1852; baseline 0.002 -20"><span class='ocrx_word' id='word_1_92' title='bbox 61 1773 665 1852; x_wconf 75' lang='lat' dir='ltr'><strong>nagogae‚tumChristietdpostolorum,</strong></span> 
     </span>
     <span class='ocr_line' id='line_1_20' title="bbox 62 1854 664 1936; baseline 0.003 -20"><span class='ocrx_word' id='word_1_93' title='bbox 62 1865 120 1917; x_wconf 92' lang='lat' dir='ltr'><strong>tum</strong></span> <span class='ocrx_word' id='word_1_94' title='bbox 135 1855 191 1919; x_wconf 85' lang='lat' dir='ltr'><strong>SS.</strong></span> <span class='ocrx_word' id='word_1_95' title='bbox 206 1856 327 1919; x_wconf 87' lang='lat' dir='ltr'><strong>Patrurn</strong></span> <span class='ocrx_word' id='word_1_96' title='bbox 344 1859 505 1932; x_wconf 88' lang='lat' dir='ltr'><strong>laeserunt,</strong></span> <span class='ocrx_word' id='word_1_97' title='bbox 522 1857 616 1936; x_wconf 83' lang='lat' dir='ltr'><strong>ipsam</strong></span> <span class='ocrx_word' id='word_1_98' title='bbox 635 1854 664 1918; x_wconf 89' lang='lat' dir='ltr'><strong>S.</strong></span> 
     </span>
     <span class='ocr_line' id='line_1_21' title="bbox 61 1939 668 2021; baseline 0 -19"><span class='ocrx_word' id='word_1_99' title='bbox 61 1939 251 2021; x_wconf 86' lang='lat' dir='ltr'><strong>Scripturam</strong></span> <span class='ocrx_word' id='word_1_100' title='bbox 274 1945 342 2002; x_wconf 78' lang='lat' dir='ltr'><strong>&#39;uera</strong></span> <span class='ocrx_word' id='word_1_101' title='bbox 376 1941 494 2005; x_wconf 90' lang='lat' dir='ltr'><strong>interna</strong></span> <span class='ocrx_word' id='word_1_102' title='bbox 525 1941 668 2018; x_wconf 86' lang='lat' dir='ltr'><strong>dignitate</strong></span> 
     </span>
     <span class='ocr_line' id='line_1_22' title="bbox 60 2023 669 2106; baseline -0.003 -20"><span class='ocrx_word' id='word_1_103' title='bbox 60 2043 244 2105; x_wconf 87' lang='lat' dir='ltr'><strong>summoque</strong></span> <span class='ocrx_word' id='word_1_104' title='bbox 264 2025 358 2106; x_wconf 93' lang='lat' dir='ltr'><strong>pretio</strong></span> <span class='ocrx_word' id='word_1_105' title='bbox 378 2025 549 2106; x_wconf 87' lang='lat' dir='ltr'><strong>privarunt,</strong></span> <span class='ocrx_word' id='word_1_106' title='bbox 572 2023 669 2085; x_wconf 91' lang='lat' dir='ltr'><strong>homi·</strong></span> 
     </span>
     <span class='ocr_line' id='line_1_23' title="bbox 61 2108 666 2190; baseline 0.002 -21"><span class='ocrx_word' id='word_1_107' title='bbox 61 2108 214 2190; x_wconf 88' lang='lat' dir='ltr'><strong>nibusque</strong></span> <span class='ocrx_word' id='word_1_108' title='bbox 235 2109 363 2170; x_wconf 81' lang='lat' dir='ltr'><strong>maxima</strong></span> <span class='ocrx_word' id='word_1_109' title='bbox 381 2109 584 2171; x_wconf 86' lang='lat' dir='ltr'><strong>emolumenta</strong></span> <span class='ocrx_word' id='word_1_110' title='bbox 606 2108 666 2170; x_wconf 91' lang='lat' dir='ltr'><strong>eri-</strong></span> 
     </span>
     <span class='ocr_line' id='line_1_24' title="bbox 61 2200 207 2272; baseline 0.014 -20"><span class='ocrx_word' id='word_1_111' title='bbox 61 2200 207 2272; x_wconf 87' lang='lat' dir='ltr'><strong>puerunt.</strong></span> 
     </span>
    </p>
   </div>
   <div class='ocr_carea' id='block_1_4' title="bbox 708 148 1267 226">
    <p class='ocr_par' dir='ltr' id='par_1_4' title="bbox 708 148 1267 226">
     <span class='ocr_line' id='line_1_25' title="bbox 708 148 1267 226; baseline -0.016 -2"><span class='ocrx_word' id='word_1_112' title='bbox 708 179 742 224; x_wconf 90' lang='lat'><strong>11.</strong></span> <span class='ocrx_word' id='word_1_113' title='bbox 761 177 854 224; x_wconf 78' lang='lat' dir='ltr'><strong>carui·</strong></span> <span class='ocrx_word' id='word_1_114' title='bbox 873 187 915 218; x_wconf 74' lang='lat' dir='ltr'><strong>n..</strong></span> <span class='ocrx_word' id='word_1_115' title='bbox 1129 215 1142 226; x_wconf 80' lang='grc'>,</span> <span class='ocrx_word' id='word_1_116' title='bbox 1205 148 1267 204; x_wconf 65' lang='lat' dir='ltr'><strong>“Mb</strong></span> 
     </span>
    </p>
   </div>
   <div class='ocr_carea' id='block_1_5' title="bbox 682 243 1320 348">
    <p class='ocr_par' dir='ltr' id='par_1_5' title="bbox 682 243 1320 348">
     <span class='ocr_line' id='line_1_26' title="bbox 682 243 1320 348; baseline -0.02 -31"><span class='ocrx_word' id='word_1_117' title='bbox 682 254 688 348; x_wconf 71' lang='lat' dir='ltr'><strong>l</strong></span> <span class='ocrx_word' id='word_1_118' title='bbox 707 263 736 317; x_wconf 88' lang='lat' dir='ltr'><strong>ta</strong></span> <span class='ocrx_word' id='word_1_119' title='bbox 756 260 836 330; x_wconf 91' lang='lat' dir='ltr'><strong>sunt,</strong></span> <span class='ocrx_word' id='word_1_120' title='bbox 854 267 930 332; x_wconf 88' lang='lat' dir='ltr'><strong>quae</strong></span> <span class='ocrx_word' id='word_1_121' title='bbox 947 249 1171 309; x_wconf 87' lang='lat' dir='ltr'><strong>commostrant.</strong></span> <span class='ocrx_word' id='word_1_122' title='bbox 1188 243 1261 307; x_wconf 86' lang='lat' dir='ltr'><strong>Nam</strong></span> <span class='ocrx_word' id='word_1_123' title='bbox 1276 244 1320 320; x_wconf 70' lang='lat' dir='ltr'><strong>a).</strong></span> 
     </span>
    </p>
   </div>
   <div class='ocr_carea' id='block_1_6' title="bbox 706 331 1389 2267">
    <p class='ocr_par' dir='ltr' id='par_1_6' title="bbox 706 331 1389 2267">
     <span class='ocr_line' id='line_1_27' title="bbox 707 331 1321 421; baseline -0.003 -21"><span class='ocrx_word' id='word_1_124' title='bbox 707 343 923 421; x_wconf 88' lang='lat' dir='ltr'><strong>praeconcepta</strong></span> <span class='ocrx_word' id='word_1_125' title='bbox 933 331 1109 394; x_wconf 88' lang='lat' dir='ltr'><strong>Indaeorum</strong></span> <span class='ocrx_word' id='word_1_126' title='bbox 1121 333 1222 413; x_wconf 91' lang='lat' dir='ltr'><strong>opinio</strong></span> <span class='ocrx_word' id='word_1_127' title='bbox 1235 334 1307 416; x_wconf 88' lang='lat' dir='ltr'><strong>ipsis</strong></span> <span class='ocrx_word' id='word_1_128' title='bbox 1318 331 1321 416; x_wconf 37' lang='grc' dir='ltr'><strong>ᾗ</strong></span> 
     </span>
     <span class='ocr_line' id='line_1_28' title="bbox 708 417 1321 504; baseline 0.005 -22"><span class='ocrx_word' id='word_1_129' title='bbox 708 419 955 503; x_wconf 83' lang='lat' dir='ltr'><strong>promissionibus</strong></span> <span class='ocrx_word' id='word_1_130' title='bbox 977 417 1084 478; x_wconf 87' lang='lat' dir='ltr'><strong>divinis</strong></span> <span class='ocrx_word' id='word_1_131' title='bbox 1109 421 1285 486; x_wconf 83' lang='lat' dir='ltr'><strong>contradicit</strong></span> <span class='ocrx_word' id='word_1_132' title='bbox 1298 473 1321 504; x_wconf 66' lang='grc'><strong>,,</strong></span> 
     </span>
     <span class='ocr_line' id='line_1_29' title="bbox 708 500 1320 587; baseline 0.002 -18"><span class='ocrx_word' id='word_1_133' title='bbox 708 508 789 568; x_wconf 81' lang='lat' dir='ltr'><strong>iuxta</strong></span> <span class='ocrx_word' id='word_1_134' title='bbox 801 523 874 585; x_wconf 91' lang='lat' dir='ltr'><strong>quas</strong></span> <span class='ocrx_word' id='word_1_135' title='bbox 887 500 1007 564; x_wconf 84' lang='lat' dir='ltr'><strong>Messias</strong></span> <span class='ocrx_word' id='word_1_136' title='bbox 1020 520 1078 561; x_wconf 90' lang='lat' dir='ltr'><strong>non</strong></span> <span class='ocrx_word' id='word_1_137' title='bbox 1091 503 1162 564; x_wconf 90' lang='lat' dir='ltr'><strong>solis</strong></span> <span class='ocrx_word' id='word_1_138' title='bbox 1176 503 1320 587; x_wconf 74' lang='lat' dir='ltr'><strong>ludaeis,</strong></span> 
     </span>
     <span class='ocr_line' id='line_1_30' title="bbox 709 583 1389 664; baseline 0.007 -12"><span class='ocrx_word' id='word_1_139' title='bbox 709 591 760 652; x_wconf 92' lang='lat' dir='ltr'><strong>sed</strong></span> <span class='ocrx_word' id='word_1_140' title='bbox 779 587 893 650; x_wconf 92' lang='lat' dir='ltr'><strong>cunctis</strong></span> <span class='ocrx_word' id='word_1_141' title='bbox 913 585 1050 664; x_wconf 81' lang='lat' dir='ltr'><strong>gentibus</strong></span> <span class='ocrx_word' id='word_1_142' title='bbox 1068 583 1321 656; x_wconf 84' lang='lat' dir='ltr'><strong>benedictionem.</strong></span> <span class='ocrx_word' id='word_1_143' title='bbox 1386 592 1389 598; x_wconf 76' lang='grc'><strong>’</strong></span> 
     </span>
     <span class='ocr_line' id='line_1_31' title="bbox 709 668 1310 750; baseline 0.005 -15"><span class='ocrx_word' id='word_1_144' title='bbox 709 676 853 736; x_wconf 90' lang='lat' dir='ltr'><strong>allaturus</strong></span> <span class='ocrx_word' id='word_1_145' title='bbox 872 669 1028 750; x_wconf 80' lang='lat' dir='ltr'><strong>dicitur(§.</strong></span> <span class='ocrx_word' id='word_1_146' title='bbox 1048 668 1134 750; x_wconf 84' lang='lat'><strong>105).</strong></span> <span class='ocrx_word' id='word_1_147' title='bbox 1152 671 1184 750; x_wconf 92' lang='lat' dir='ltr'><strong>b)</strong></span> <span class='ocrx_word' id='word_1_148' title='bbox 1203 671 1234 735; x_wconf 94' lang='lat' dir='ltr'><strong>Si</strong></span> <span class='ocrx_word' id='word_1_149' title='bbox 1248 695 1310 739; x_wconf 91' lang='lat' dir='ltr'><strong>ma·</strong></span> 
     </span>
     <span class='ocr_line' id='line_1_32' title="bbox 708 753 1308 836; baseline 0.007 -17"><span class='ocrx_word' id='word_1_150' title='bbox 708 759 815 836; x_wconf 80' lang='lat' dir='ltr'><strong>gnifica</strong></span> <span class='ocrx_word' id='word_1_151' title='bbox 830 756 866 817; x_wconf 91' lang='lat' dir='ltr'><strong>de</strong></span> <span class='ocrx_word' id='word_1_152' title='bbox 882 754 988 818; x_wconf 86' lang='lat' dir='ltr'><strong>Massia</strong></span> <span class='ocrx_word' id='word_1_153' title='bbox 1006 753 1160 835; x_wconf 85' lang='lat' dir='ltr'><strong>ipsiusque</strong></span> <span class='ocrx_word' id='word_1_154' title='bbox 1174 774 1264 835; x_wconf 82' lang='lat' dir='ltr'><strong>regno</strong></span> <span class='ocrx_word' id='word_1_155' title='bbox 1276 761 1308 824; x_wconf 92' lang='lat' dir='ltr'><strong>in</strong></span> 
     </span>
     <span class='ocr_line' id='line_1_33' title="bbox 709 839 1309 924; baseline 0.003 -21"><span class='ocrx_word' id='word_1_156' title='bbox 709 840 864 923; x_wconf 87' lang='lat' dir='ltr'><strong>Prophetis</strong></span> <span class='ocrx_word' id='word_1_157' title='bbox 891 839 1045 916; x_wconf 79' lang='lat' dir='ltr'><strong>leguntur,</strong></span> <span class='ocrx_word' id='word_1_158' title='bbox 1070 841 1162 900; x_wconf 89' lang='lat' dir='ltr'><strong>multa</strong></span> <span class='ocrx_word' id='word_1_159' title='bbox 1189 861 1309 924; x_wconf 91' lang='lat' dir='ltr'><strong>quoque</strong></span> 
     </span>
     <span class='ocr_line' id='line_1_34' title="bbox 709 923 1309 1007; baseline 0.01 -21"><span class='ocrx_word' id='word_1_160' title='bbox 709 925 918 1007; x_wconf 88' lang='lat' dir='ltr'><strong>praedicantur</strong></span> <span class='ocrx_word' id='word_1_161' title='bbox 935 923 970 984; x_wconf 92' lang='lat' dir='ltr'><strong>de</strong></span> <span class='ocrx_word' id='word_1_162' title='bbox 987 924 1048 998; x_wconf 85' lang='lat' dir='ltr'><strong>illo,</strong></span> <span class='ocrx_word' id='word_1_163' title='bbox 1069 942 1145 1005; x_wconf 87' lang='lat' dir='ltr'><strong>quae</strong></span> <span class='ocrx_word' id='word_1_164' title='bbox 1160 943 1227 986; x_wconf 87' lang='lat' dir='ltr'><strong>cum</strong></span> <span class='ocrx_word' id='word_1_165' title='bbox 1241 927 1309 992; x_wconf 87' lang='lat' dir='ltr'><strong>idea</strong></span> 
     </span>
     <span class='ocr_line' id='line_1_35' title="bbox 708 1007 1308 1089; baseline 0.01 -19"><span class='ocrx_word' id='word_1_166' title='bbox 708 1009 795 1086; x_wconf 82' lang='lat' dir='ltr'><strong>Regis</strong></span> <span class='ocrx_word' id='word_1_167' title='bbox 815 1007 985 1088; x_wconf 86' lang='lat' dir='ltr'><strong>temporalis</strong></span> <span class='ocrx_word' id='word_1_168' title='bbox 1011 1008 1207 1089; x_wconf 89' lang='lat' dir='ltr'><strong>potentissimi</strong></span> <span class='ocrx_word' id='word_1_169' title='bbox 1234 1031 1308 1076; x_wconf 89' lang='lat' dir='ltr'><strong>con·</strong></span> 
     </span>
     <span class='ocr_line' id='line_1_36' title="bbox 709 1091 1309 1172; baseline 0.008 -18"><span class='ocrx_word' id='word_1_170' title='bbox 709 1093 792 1172; x_wconf 84' lang='lat' dir='ltr'><strong>iungi</strong></span> <span class='ocrx_word' id='word_1_171' title='bbox 810 1092 980 1154; x_wconf 86' lang='lat' dir='ltr'><strong>nullatenus</strong></span> <span class='ocrx_word' id='word_1_172' title='bbox 997 1101 1131 1172; x_wconf 89' lang='lat' dir='ltr'><strong>possunt.</strong></span> <span class='ocrx_word' id='word_1_173' title='bbox 1147 1091 1262 1158; x_wconf 86' lang='lat' dir='ltr'><strong>Dicitur</strong></span> <span class='ocrx_word' id='word_1_174' title='bbox 1274 1116 1309 1159; x_wconf 90' lang='lat' dir='ltr'><strong>e·</strong></span> 
     </span>
     <span class='ocr_line' id='line_1_37' title="bbox 709 1175 1308 1263; baseline 0.012 -26"><span class='ocrx_word' id='word_1_175' title='bbox 709 1178 770 1238; x_wconf 92' lang='lat' dir='ltr'><strong>nim</strong></span> <span class='ocrx_word' id='word_1_176' title='bbox 797 1179 846 1239; x_wconf 83' lang='lat' dir='ltr'><strong>eir</strong></span> <span class='ocrx_word' id='word_1_177' title='bbox 872 1175 1007 1239; x_wconf 82' lang='lat' dir='ltr'><strong>dolorum</strong></span> <span class='ocrx_word' id='word_1_178' title='bbox 1023 1175 1086 1256; x_wconf 88' lang='lat'><strong>(3),</strong></span> <span class='ocrx_word' id='word_1_179' title='bbox 1114 1195 1228 1258; x_wconf 85' lang='lat' dir='ltr'><strong>pauper</strong></span> <span class='ocrx_word' id='word_1_180' title='bbox 1247 1180 1308 1263; x_wconf 80' lang='lat' dir='ltr'><strong>(d),</strong></span> 
     </span>
     <span class='ocr_line' id='line_1_38' title="bbox 707 1261 1306 1348; baseline 0.008 -26"><span class='ocrx_word' id='word_1_181' title='bbox 707 1263 861 1341; x_wconf 81' lang='lat' dir='ltr'><strong>aepaadua</strong></span> <span class='ocrx_word' id='word_1_182' title='bbox 888 1267 915 1322; x_wconf 89' lang='lat' dir='ltr'><strong>ct</strong></span> <span class='ocrx_word' id='word_1_183' title='bbox 943 1261 1115 1323; x_wconf 80' lang='lat' dir='ltr'><strong>occidendus</strong></span> <span class='ocrx_word' id='word_1_184' title='bbox 1132 1279 1151 1323; x_wconf 90' lang='lat' dir='ltr'><strong>u</strong></span> <span class='ocrx_word' id='word_1_185' title='bbox 1167 1265 1229 1326; x_wconf 85' lang='lat' dir='ltr'><strong>suis</strong></span> <span class='ocrx_word' id='word_1_186' title='bbox 1246 1267 1306 1348; x_wconf 85' lang='lat'><strong>(5),</strong></span> 
     </span>
     <span class='ocr_line' id='line_1_39' title="bbox 707 1344 1308 1424; baseline 0.013 -18"><span class='ocrx_word' id='word_1_187' title='bbox 707 1345 815 1407; x_wconf 83' lang='lat' dir='ltr'><strong>vermis</strong></span> <span class='ocrx_word' id='word_1_188' title='bbox 826 1353 851 1406; x_wconf 89' lang='lat' dir='ltr'><strong>ct</strong></span> <span class='ocrx_word' id='word_1_189' title='bbox 864 1362 925 1405; x_wconf 84' lang='lat' dir='ltr'><strong>con</strong></span> <span class='ocrx_word' id='word_1_190' title='bbox 937 1344 1027 1406; x_wconf 78' lang='lat' dir='ltr'><strong>boma</strong></span> <span class='ocrx_word' id='word_1_191' title='bbox 1034 1367 1048 1418; x_wconf 92' lang='lat'><em>;</em></span> <span class='ocrx_word' id='word_1_192' title='bbox 1059 1349 1248 1424; x_wconf 80' lang='lat' dir='ltr'><strong>opprobrium</strong></span> <span class='ocrx_word' id='word_1_193' title='bbox 1259 1351 1308 1413; x_wconf 73' lang='lat' dir='ltr'><strong>lte</strong></span> 
     </span>
     <span class='ocr_line' id='line_1_40' title="bbox 708 1428 1309 1516; baseline 0.008 -23"><span class='ocrx_word' id='word_1_194' title='bbox 708 1431 825 1494; x_wconf 77' lang='lat' dir='ltr'><strong>minuam</strong></span> <span class='ocrx_word' id='word_1_195' title='bbox 843 1437 870 1490; x_wconf 86' lang='lat' dir='ltr'><strong>et</strong></span> <span class='ocrx_word' id='word_1_196' title='bbox 890 1428 1011 1492; x_wconf 86' lang='lat' dir='ltr'><strong>abiectio</strong></span> <span class='ocrx_word' id='word_1_197' title='bbox 1025 1431 1115 1510; x_wconf 84' lang='lat' dir='ltr'><strong>plebia</strong></span> <span class='ocrx_word' id='word_1_198' title='bbox 1131 1431 1203 1512; x_wconf 76' lang='lat'><strong>(6),</strong></span> <span class='ocrx_word' id='word_1_199' title='bbox 1232 1454 1309 1516; x_wconf 87' lang='lat' dir='ltr'><strong>quae</strong></span> 
     </span>
     <span class='ocr_line' id='line_1_41' title="bbox 708 1513 1308 1590; baseline 0.01 -16"><span class='ocrx_word' id='word_1_200' title='bbox 708 1514 808 1575; x_wconf 90' lang='lat' dir='ltr'><strong>omnia</strong></span> <span class='ocrx_word' id='word_1_201' title='bbox 821 1513 1056 1590; x_wconf 85' lang='lat' dir='ltr'><strong>magnificentiae</strong></span> <span class='ocrx_word' id='word_1_202' title='bbox 1074 1521 1207 1579; x_wconf 90' lang='lat' dir='ltr'><strong>terrenae</strong></span> <span class='ocrx_word' id='word_1_203' title='bbox 1226 1518 1308 1580; x_wconf 89' lang='lat' dir='ltr'><strong>etse-</strong></span> 
     </span>
     <span class='ocr_line' id='line_1_42' title="bbox 708 1598 1307 1685; baseline 0.012 -27"><span class='ocrx_word' id='word_1_204' title='bbox 708 1598 811 1658; x_wconf 90' lang='lat' dir='ltr'><strong>licitati</strong></span> <span class='ocrx_word' id='word_1_205' title='bbox 833 1598 989 1677; x_wconf 88' lang='lat' dir='ltr'><strong>temporali</strong></span> <span class='ocrx_word' id='word_1_206' title='bbox 1009 1616 1025 1658; x_wconf 86' lang='lat' dir='ltr'><strong>a</strong></span> <span class='ocrx_word' id='word_1_207' title='bbox 1044 1598 1190 1661; x_wconf 89' lang='lat' dir='ltr'><strong>diametro</strong></span> <span class='ocrx_word' id='word_1_208' title='bbox 1213 1621 1307 1685; x_wconf 87' lang='lat' dir='ltr'><strong>oppo-</strong></span> 
     </span>
     <span class='ocr_line' id='line_1_43' title="bbox 707 1680 1299 1767; baseline 0.008 -24"><span class='ocrx_word' id='word_1_209' title='bbox 707 1683 763 1743; x_wconf 89' lang='lat' dir='ltr'><strong>sita</strong></span> <span class='ocrx_word' id='word_1_210' title='bbox 782 1689 860 1742; x_wconf 89' lang='lat' dir='ltr'><strong>sunt.</strong></span> <span class='ocrx_word' id='word_1_211' title='bbox 878 1682 907 1761; x_wconf 93' lang='lat' dir='ltr'><strong>c)</strong></span> <span class='ocrx_word' id='word_1_212' title='bbox 920 1680 987 1742; x_wconf 91' lang='lat' dir='ltr'><strong>ldeo</strong></span> <span class='ocrx_word' id='word_1_213' title='bbox 1001 1690 1034 1742; x_wconf 95' lang='lat' dir='ltr'><strong>ut</strong></span> <span class='ocrx_word' id='word_1_214' title='bbox 1049 1684 1299 1767; x_wconf 79' lang='lat' dir='ltr'><strong>oraculaPropbe·</strong></span> 
     </span>
     <span class='ocr_line' id='line_1_44' title="bbox 709 1765 1308 1844; baseline 0.012 -18"><span class='ocrx_word' id='word_1_215' title='bbox 709 1775 804 1826; x_wconf 87' lang='lat' dir='ltr'><strong>tarum</strong></span> <span class='ocrx_word' id='word_1_216' title='bbox 824 1765 912 1826; x_wconf 90' lang='lat' dir='ltr'><strong>simul</strong></span> <span class='ocrx_word' id='word_1_217' title='bbox 925 1766 1155 1844; x_wconf 82' lang='lat' dir='ltr'><strong>coniungantur,</strong></span> <span class='ocrx_word' id='word_1_218' title='bbox 1168 1788 1308 1832; x_wconf 88' lang='lat' dir='ltr'><strong>necessa-</strong></span> 
     </span>
     <span class='ocr_line' id='line_1_45' title="bbox 708 1847 1307 1925; baseline 0.01 -15"><span class='ocrx_word' id='word_1_219' title='bbox 708 1850 752 1910; x_wconf 91' lang='lat' dir='ltr'><strong>rio</strong></span> <span class='ocrx_word' id='word_1_220' title='bbox 762 1850 915 1925; x_wconf 85' lang='lat' dir='ltr'><strong>asseritur,</strong></span> <span class='ocrx_word' id='word_1_221' title='bbox 930 1847 1064 1910; x_wconf 90' lang='lat' dir='ltr'><strong>Messiam</strong></span> <span class='ocrx_word' id='word_1_222' title='bbox 1085 1850 1217 1913; x_wconf 86' lang='lat' dir='ltr'><strong>sutorum</strong></span> <span class='ocrx_word' id='word_1_223' title='bbox 1233 1854 1307 1916; x_wconf 85' lang='lat' dir='ltr'><strong>luis-</strong></span> 
     </span>
     <span class='ocr_line' id='line_1_46' title="bbox 707 1931 1308 2015; baseline 0.012 -21"><span class='ocrx_word' id='word_1_224' title='bbox 707 1953 738 1994; x_wconf 91' lang='lat' dir='ltr'><strong>se</strong></span> <span class='ocrx_word' id='word_1_225' title='bbox 758 1931 880 2010; x_wconf 87' lang='lat' dir='ltr'><strong>Regem,</strong></span> <span class='ocrx_word' id='word_1_226' title='bbox 892 1933 943 1995; x_wconf 91' lang='lat' dir='ltr'><strong>sed</strong></span> <span class='ocrx_word' id='word_1_227' title='bbox 959 1953 1017 1994; x_wconf 88' lang='lat' dir='ltr'><strong>non</strong></span> <span class='ocrx_word' id='word_1_228' title='bbox 1033 1938 1239 2015; x_wconf 83' lang='lat' dir='ltr'><strong>temporalem,</strong></span> <span class='ocrx_word' id='word_1_229' title='bbox 1256 1958 1308 2001; x_wconf 85' lang='lat' dir='ltr'><strong>ve-</strong></span> 
     </span>
     <span class='ocr_line' id='line_1_47' title="bbox 707 2017 1308 2100; baseline 0.012 -22"><span class='ocrx_word' id='word_1_230' title='bbox 707 2036 772 2078; x_wconf 91' lang='lat' dir='ltr'><strong>rum</strong></span> <span class='ocrx_word' id='word_1_231' title='bbox 793 2017 989 2098; x_wconf 90' lang='lat' dir='ltr'><strong>spiritualem.</strong></span> <span class='ocrx_word' id='word_1_232' title='bbox 1011 2017 1042 2078; x_wconf 94' lang='lat' dir='ltr'><strong>ld</strong></span> <span class='ocrx_word' id='word_1_233' title='bbox 1062 2019 1091 2078; x_wconf 93' lang='lat' dir='ltr'><strong>in</strong></span> <span class='ocrx_word' id='word_1_234' title='bbox 1111 2019 1184 2100; x_wconf 89' lang='lat' dir='ltr'><strong>ipsis</strong></span> <span class='ocrx_word' id='word_1_235' title='bbox 1203 2022 1308 2085; x_wconf 89' lang='lat' dir='ltr'><strong>vatici·</strong></span> 
     </span>
     <span class='ocr_line' id='line_1_48' title="bbox 707 2101 1309 2182; baseline 0.012 -20"><span class='ocrx_word' id='word_1_236' title='bbox 707 2102 765 2162; x_wconf 90' lang='lat' dir='ltr'><strong>niis</strong></span> <span class='ocrx_word' id='word_1_237' title='bbox 789 2121 849 2162; x_wconf 90' lang='lat' dir='ltr'><strong>non</strong></span> <span class='ocrx_word' id='word_1_238' title='bbox 875 2101 1000 2163; x_wconf 85' lang='lat' dir='ltr'><strong>obscure</strong></span> <span class='ocrx_word' id='word_1_239' title='bbox 1026 2101 1210 2182; x_wconf 78' lang='lat' dir='ltr'><strong>indigitetur.</strong></span> <span class='ocrx_word' id='word_1_240' title='bbox 1231 2105 1309 2169; x_wconf 89' lang='lat' dir='ltr'><strong>Mes-</strong></span> 
     </span>
     <span class='ocr_line' id='line_1_49' title="bbox 706 2186 1308 2267; baseline 0.015 -22"><span class='ocrx_word' id='word_1_241' title='bbox 706 2187 766 2246; x_wconf 87' lang='lat' dir='ltr'><strong>sias</strong></span> <span class='ocrx_word' id='word_1_242' title='bbox 785 2186 863 2246; x_wconf 90' lang='lat' dir='ltr'><strong>enim</strong></span> <span class='ocrx_word' id='word_1_243' title='bbox 884 2186 976 2249; x_wconf 86' lang='lat' dir='ltr'><strong>dicit:</strong></span> <span class='ocrx_word' id='word_1_244' title='bbox 996 2189 1059 2267; x_wconf 81' lang='lat' dir='ltr'><strong>Epo</strong></span> <span class='ocrx_word' id='word_1_245' title='bbox 1082 2197 1180 2251; x_wconf 87' lang='lat' dir='ltr'><strong>eutem</strong></span> <span class='ocrx_word' id='word_1_246' title='bbox 1198 2192 1308 2254; x_wconf 82' lang='lat' dir='ltr'><strong>corasti-</strong></span> 
     </span>
    </p>
   </div>
   <div class='ocr_carea' id='block_1_7' title="bbox 53 2271 1309 4204">
    <p class='ocr_par' dir='ltr' id='par_1_7' title="bbox 53 2271 1309 3531">
     <span class='ocr_line' id='line_1_50' title="bbox 101 2271 1307 2354; baseline 0 -16"><span class='ocrx_word' id='word_1_247' title='bbox 101 2276 134 2338; x_wconf 78' lang='lat'><strong>2.</strong></span> <span class='ocrx_word' id='word_1_248' title='bbox 156 2275 306 2338; x_wconf 82' lang='lat' dir='ltr'><strong>vaticinia</strong></span> <span class='ocrx_word' id='word_1_249' title='bbox 320 2274 469 2338; x_wconf 80' lang='lat' dir='ltr'><strong>messiane</strong></span> <span class='ocrx_word' id='word_1_250' title='bbox 492 2275 617 2336; x_wconf 88' lang='lat' dir='ltr'><strong>dicenda</strong></span> <span class='ocrx_word' id='word_1_251' title='bbox 632 2293 666 2336; x_wconf 90' lang='grc' dir='ltr'><strong>ο-</strong></span> <span class='ocrx_word' id='word_1_252' title='bbox 706 2277 787 2331; x_wconf 81' lang='lat' dir='ltr'><strong>tatas</strong></span> <span class='ocrx_word' id='word_1_253' title='bbox 815 2287 883 2332; x_wconf 78' lang='lat' dir='ltr'><strong>carm</strong></span> <span class='ocrx_word' id='word_1_254' title='bbox 911 2271 976 2333; x_wconf 82' lang='lat' dir='ltr'><strong>lien</strong></span> <span class='ocrx_word' id='word_1_255' title='bbox 997 2273 1032 2334; x_wconf 86' lang='lat' dir='ltr'><strong>od</strong></span> <span class='ocrx_word' id='word_1_256' title='bbox 1056 2290 1088 2334; x_wconf 88' lang='lat' dir='ltr'><strong>eo</strong></span> <span class='ocrx_word' id='word_1_257' title='bbox 1106 2291 1194 2354; x_wconf 83' lang='lat' dir='ltr'><strong>super</strong></span> <span class='ocrx_word' id='word_1_258' title='bbox 1212 2277 1307 2354; x_wconf 83' lang='lat' dir='ltr'><strong>Sion,</strong></span> 
     </span>
     <span class='ocr_line' id='line_1_51' title="bbox 61 2357 1309 2442; baseline 0.003 -22"><span class='ocrx_word' id='word_1_259' title='bbox 61 2360 167 2421; x_wconf 89' lang='lat' dir='ltr'><strong>mnino</strong></span> <span class='ocrx_word' id='word_1_260' title='bbox 187 2369 257 2420; x_wconf 92' lang='lat' dir='ltr'><strong>sunt</strong></span> <span class='ocrx_word' id='word_1_261' title='bbox 274 2361 334 2423; x_wconf 86' lang='lat' dir='ltr'><strong>Deo</strong></span> <span class='ocrx_word' id='word_1_262' title='bbox 352 2360 538 2442; x_wconf 82' lang='lat' dir='ltr'><strong>dipaicsinm,</strong></span> <span class='ocrx_word' id='word_1_263' title='bbox 551 2359 602 2440; x_wconf 91' lang='lat' dir='ltr'><strong>qui</strong></span> <span class='ocrx_word' id='word_1_264' title='bbox 614 2378 668 2441; x_wconf 89' lang='lat' dir='ltr'><strong>per</strong></span> <span class='ocrx_word' id='word_1_265' title='bbox 705 2361 831 2416; x_wconf 88' lang='lat' dir='ltr'><strong>montem</strong></span> <span class='ocrx_word' id='word_1_266' title='bbox 854 2364 988 2417; x_wconf 76' lang='lat' dir='ltr'><strong>sanctium</strong></span> <span class='ocrx_word' id='word_1_267' title='bbox 1019 2357 1103 2433; x_wconf 79' lang='lat' dir='ltr'><strong>elata,</strong></span> <span class='ocrx_word' id='word_1_268' title='bbox 1130 2361 1309 2438; x_wconf 78' lang='lat' dir='ltr'><strong>praedicans</strong></span> 
     </span>
     <span class='ocr_line' id='line_1_52' title="bbox 60 2440 1309 2524; baseline 0.002 -20"><span class='ocrx_word' id='word_1_269' title='bbox 60 2443 111 2504; x_wconf 91' lang='lat' dir='ltr'><strong>illa</strong></span> <span class='ocrx_word' id='word_1_270' title='bbox 130 2463 218 2504; x_wconf 90' lang='lat' dir='ltr'><strong>suam</strong></span> <span class='ocrx_word' id='word_1_271' title='bbox 241 2445 466 2524; x_wconf 86' lang='lat' dir='ltr'><strong>praescientiam</strong></span> <span class='ocrx_word' id='word_1_272' title='bbox 485 2452 573 2523; x_wconf 87' lang='lat' dir='ltr'><strong>atque</strong></span> <span class='ocrx_word' id='word_1_273' title='bbox 593 2463 666 2524; x_wconf 90' lang='lat' dir='ltr'><strong>pro·</strong></span> <span class='ocrx_word' id='word_1_274' title='bbox 700 2447 889 2519; x_wconf 83' lang='lat' dir='ltr'><strong>praeceptam</strong></span> <span class='ocrx_word' id='word_1_275' title='bbox 907 2441 969 2501; x_wconf 81' lang='lat' dir='ltr'><strong>eius</strong></span> <span class='ocrx_word' id='word_1_276' title='bbox 984 2440 1044 2521; x_wconf 87' lang='lat' dir='ltr'><strong>(l).</strong></span> <span class='ocrx_word' id='word_1_277' title='bbox 1064 2441 1100 2502; x_wconf 88' lang='lat' dir='ltr'><strong>Et</strong></span> <span class='ocrx_word' id='word_1_278' title='bbox 1116 2441 1145 2501; x_wconf 91' lang='lat' dir='ltr'><strong>in</strong></span> <span class='ocrx_word' id='word_1_279' title='bbox 1166 2441 1309 2506; x_wconf 88' lang='lat' dir='ltr'><strong>lsaiaelX</strong></span> 
     </span>
     <span class='ocr_line' id='line_1_53' title="bbox 62 2522 1308 2603; baseline 0.005 -17"><span class='ocrx_word' id='word_1_280' title='bbox 62 2527 225 2588; x_wconf 87' lang='lat' dir='ltr'><strong>ridentiam</strong></span> <span class='ocrx_word' id='word_1_281' title='bbox 241 2527 449 2590; x_wconf 79' lang='lat' dir='ltr'><strong>manifestarit:</strong></span> <span class='ocrx_word' id='word_1_282' title='bbox 464 2527 666 2592; x_wconf 82' lang='lat' dir='ltr'><strong>Messiaecon-</strong></span> <span class='ocrx_word' id='word_1_283' title='bbox 684 2539 688 2599; x_wconf 81' lang='lat' dir='ltr'><strong>t</strong></span> <span class='ocrx_word' id='word_1_284' title='bbox 705 2522 830 2584; x_wconf 92' lang='lat' dir='ltr'><strong>dicitur:</strong></span> <span class='ocrx_word' id='word_1_285' title='bbox 848 2524 944 2603; x_wconf 83' lang='lat' dir='ltr'><strong>Super</strong></span> <span class='ocrx_word' id='word_1_286' title='bbox 960 2525 1066 2586; x_wconf 71' lang='lat' dir='ltr'><strong>sottum</strong></span> <span class='ocrx_word' id='word_1_287' title='bbox 1082 2526 1188 2602; x_wconf 83' lang='lat' dir='ltr'><strong>David,</strong></span> <span class='ocrx_word' id='word_1_288' title='bbox 1209 2537 1236 2591; x_wconf 88' lang='lat' dir='ltr'><strong>et</strong></span> <span class='ocrx_word' id='word_1_289' title='bbox 1254 2548 1308 2591; x_wconf 82' lang='lat' dir='ltr'><strong>aa·</strong></span> 
     </span>
     <span class='ocr_line' id='line_1_54' title="bbox 60 2611 1307 2694; baseline 0.002 -23"><span class='ocrx_word' id='word_1_290' title='bbox 60 2611 297 2685; x_wconf 69' lang='lat' dir='ltr'><strong>contentissima</strong></span> <span class='ocrx_word' id='word_1_291' title='bbox 315 2631 383 2672; x_wconf 88' lang='lat' dir='ltr'><strong>nam</strong></span> <span class='ocrx_word' id='word_1_292' title='bbox 405 2632 420 2672; x_wconf 88' lang='lat'><strong>‹</strong></span> <span class='ocrx_word' id='word_1_293' title='bbox 441 2620 552 2691; x_wconf 88' lang='lat' dir='ltr'><strong>quanto</strong></span> <span class='ocrx_word' id='word_1_294' title='bbox 573 2611 667 2673; x_wconf 85' lang='lat' dir='ltr'><strong>maior</strong></span> <span class='ocrx_word' id='word_1_295' title='bbox 701 2624 758 2685; x_wconf 85' lang='lat' dir='ltr'><strong>per</strong></span> <span class='ocrx_word' id='word_1_296' title='bbox 785 2624 911 2686; x_wconf 79' lang='lat' dir='ltr'><strong>reptatam</strong></span> <span class='ocrx_word' id='word_1_297' title='bbox 935 2611 997 2670; x_wconf 83' lang='lat' dir='ltr'><strong>eius</strong></span> <span class='ocrx_word' id='word_1_298' title='bbox 1025 2611 1133 2673; x_wconf 82' lang='lat' dir='ltr'><strong>sedebit</strong></span> <span class='ocrx_word' id='word_1_299' title='bbox 1160 2611 1307 2694; x_wconf 86' lang='lat' dir='ltr'><strong>(Messias)</strong></span> 
     </span>
     <span class='ocr_line' id='line_1_55' title="bbox 61 2691 1307 2780; baseline 0.004 -26"><span class='ocrx_word' id='word_1_300' title='bbox 61 2693 152 2755; x_wconf 85' lang='lat' dir='ltr'><strong>ludex</strong></span> <span class='ocrx_word' id='word_1_301' title='bbox 165 2696 316 2769; x_wconf 87' lang='lat' dir='ltr'><strong>veniebat,</strong></span> <span class='ocrx_word' id='word_1_302' title='bbox 335 2704 414 2756; x_wconf 86' lang='lat' dir='ltr'><strong>tanto</strong></span> <span class='ocrx_word' id='word_1_303' title='bbox 427 2713 605 2776; x_wconf 88' lang='lat' dir='ltr'><strong>praeconum</strong></span> <span class='ocrx_word' id='word_1_304' title='bbox 620 2713 667 2757; x_wconf 88' lang='lat' dir='ltr'><strong>se·</strong></span> <span class='ocrx_word' id='word_1_305' title='bbox 704 2699 739 2751; x_wconf 85' lang='lat' dir='ltr'><strong>ut</strong></span> <span class='ocrx_word' id='word_1_306' title='bbox 755 2694 905 2771; x_wconf 77' lang='lat' dir='ltr'><strong>confirmet</strong></span> <span class='ocrx_word' id='word_1_307' title='bbox 925 2691 1001 2754; x_wconf 85' lang='lat' dir='ltr'><strong>illud</strong></span> <span class='ocrx_word' id='word_1_308' title='bbox 1015 2693 1053 2780; x_wconf 66' lang='lat' dir='ltr'><strong>iu¹</strong></span> <span class='ocrx_word' id='word_1_309' title='bbox 1068 2695 1189 2770; x_wconf 82' lang='lat' dir='ltr'><strong>iudicio,</strong></span> <span class='ocrx_word' id='word_1_310' title='bbox 1210 2705 1236 2758; x_wconf 87' lang='lat' dir='ltr'><strong>ct</strong></span> <span class='ocrx_word' id='word_1_311' title='bbox 1257 2698 1307 2759; x_wconf 85' lang='lat' dir='ltr'><strong>iu-</strong></span> 
     </span>
     <span class='ocr_line' id='line_1_56' title="bbox 61 2775 1304 2859; baseline 0.005 -22"><span class='ocrx_word' id='word_1_312' title='bbox 61 2779 121 2840; x_wconf 84' lang='lat' dir='ltr'><strong>ries</strong></span> <span class='ocrx_word' id='word_1_313' title='bbox 139 2778 259 2858; x_wconf 76' lang='lat' dir='ltr'><strong>longior</strong></span> <span class='ocrx_word' id='word_1_314' title='bbox 284 2777 463 2859; x_wconf 76' lang='lat' dir='ltr'><strong>praecedere</strong></span> <span class='ocrx_word' id='word_1_315' title='bbox 483 2779 630 2856; x_wconf 85' lang='lat' dir='ltr'><strong>debebat,</strong></span> <span class='ocrx_word' id='word_1_316' title='bbox 649 2800 664 2840; x_wconf 80' lang='lat' dir='ltr'><strong>n</strong></span> <span class='ocrx_word' id='word_1_317' title='bbox 703 2775 786 2836; x_wconf 80' lang='lat' dir='ltr'><strong>stitia</strong></span> <span class='ocrx_word' id='word_1_318' title='bbox 804 2778 907 2838; x_wconf 85' lang='lat' dir='ltr'><strong>amodo</strong></span> <span class='ocrx_word' id='word_1_319' title='bbox 925 2795 1016 2856; x_wconf 79' lang='lat' dir='ltr'><strong>neptae</strong></span> <span class='ocrx_word' id='word_1_320' title='bbox 1030 2778 1304 2857; x_wconf 73' lang='lat' dir='ltr'><strong>iactempiternum.</strong></span> 
     </span>
     <span class='ocr_line' id='line_1_57' title="bbox 60 2858 1307 2945; baseline 0.003 -23"><span class='ocrx_word' id='word_1_321' title='bbox 60 2863 102 2922; x_wconf 88' lang='lat' dir='ltr'><strong>ait</strong></span> <span class='ocrx_word' id='word_1_322' title='bbox 120 2862 153 2925; x_wconf 90' lang='lat' dir='ltr'><strong>S.</strong></span> <span class='ocrx_word' id='word_1_323' title='bbox 174 2861 435 2945; x_wconf 79' lang='lat' dir='ltr'><strong>Aupustinua(1):</strong></span> <span class='ocrx_word' id='word_1_324' title='bbox 452 2863 666 2928; x_wconf 78' lang='lat' dir='ltr'><strong>laominidaau-</strong></span> <span class='ocrx_word' id='word_1_325' title='bbox 705 2858 793 2918; x_wconf 78' lang='lat' dir='ltr'><strong>Arma</strong></span> <span class='ocrx_word' id='word_1_326' title='bbox 813 2879 944 2940; x_wconf 87' lang='lat' dir='ltr'><strong>quoqne,</strong></span> <span class='ocrx_word' id='word_1_327' title='bbox 966 2861 1075 2942; x_wconf 83' lang='lat' dir='ltr'><strong>quibus</strong></span> <span class='ocrx_word' id='word_1_328' title='bbox 1090 2859 1208 2923; x_wconf 85' lang='lat' dir='ltr'><strong>Messias</strong></span> <span class='ocrx_word' id='word_1_329' title='bbox 1227 2861 1307 2926; x_wconf 87' lang='lat' dir='ltr'><strong>Gen-</strong></span> 
     </span>
     <span class='ocr_line' id='line_1_58' title="bbox 64 2943 1306 3028; baseline 0.013 -22"><span class='ocrx_word' id='word_1_330' title='bbox 64 2947 433 3020; x_wconf 84' lang='lat' dir='ltr'><strong>titissimu;illorumenirn</strong></span> <span class='ocrx_word' id='word_1_331' title='bbox 450 2947 666 3028; x_wconf 87' lang='lat' dir='ltr'><strong>prolatio,suc·</strong></span> <span class='ocrx_word' id='word_1_332' title='bbox 706 2951 749 3002; x_wconf 78' lang='lat' dir='ltr'><strong>les</strong></span> <span class='ocrx_word' id='word_1_333' title='bbox 769 2943 864 3005; x_wconf 72' lang='lat' dir='ltr'><strong>vincet</strong></span> <span class='ocrx_word' id='word_1_334' title='bbox 891 2945 1008 3025; x_wconf 70' lang='lat' dir='ltr'><strong>sibique</strong></span> <span class='ocrx_word' id='word_1_335' title='bbox 1028 2944 1190 3022; x_wconf 59' lang='lat' dir='ltr'><strong>subiiciet,</strong></span> <span class='ocrx_word' id='word_1_336' title='bbox 1214 2946 1306 3027; x_wconf 92' lang='lat' dir='ltr'><strong>spiri-</strong></span> 
     </span>
     <span class='ocr_line' id='line_1_59' title="bbox 61 3026 1306 3108; baseline 0.01 -29"><span class='ocrx_word' id='word_1_337' title='bbox 61 3030 175 3091; x_wconf 72' lang='lat' dir='ltr'><strong>cessjve</strong></span> <span class='ocrx_word' id='word_1_338' title='bbox 188 3030 315 3104; x_wconf 45' lang='lat' dir='ltr'><strong>factast„</strong></span> <span class='ocrx_word' id='word_1_339' title='bbox 329 3029 666 3094; x_wconf 67' lang='lat' dir='ltr'><strong>ludaejsfideminlqes.</strong></span> <span class='ocrx_word' id='word_1_340' title='bbox 705 3026 795 3088; x_wconf 87' lang='lat' dir='ltr'><strong>tualia</strong></span> <span class='ocrx_word' id='word_1_341' title='bbox 815 3027 1034 3108; x_wconf 84' lang='lat' dir='ltr'><strong>praedicantur.</strong></span> <span class='ocrx_word' id='word_1_342' title='bbox 1060 3027 1151 3090; x_wconf 88' lang='lat' dir='ltr'><strong>Isaias</strong></span> <span class='ocrx_word' id='word_1_343' title='bbox 1170 3029 1249 3090; x_wconf 91' lang='lat' dir='ltr'><strong>enim</strong></span> <span class='ocrx_word' id='word_1_344' title='bbox 1270 3031 1306 3092; x_wconf 89' lang='lat' dir='ltr'><strong>de</strong></span> 
     </span>
     <span class='ocr_line' id='line_1_60' title="bbox 60 3109 1307 3196; baseline 0.012 -33"><span class='ocrx_word' id='word_1_345' title='bbox 60 3113 133 3174; x_wconf 77' lang='lat' dir='ltr'><strong>siam</strong></span> <span class='ocrx_word' id='word_1_346' title='bbox 146 3113 322 3176; x_wconf 67' lang='lat' dir='ltr'><strong>adsalutem</strong></span> <span class='ocrx_word' id='word_1_347' title='bbox 334 3115 666 3196; x_wconf 63' lang='lat' dir='ltr'><strong>necqssapi311](2)00n.</strong></span> <span class='ocrx_word' id='word_1_348' title='bbox 704 3109 808 3171; x_wconf 69' lang='lat' dir='ltr'><strong>Massia</strong></span> <span class='ocrx_word' id='word_1_349' title='bbox 819 3111 927 3192; x_wconf 87' lang='lat' dir='ltr'><strong>inquil:</strong></span> <span class='ocrx_word' id='word_1_350' title='bbox 944 3113 1089 3174; x_wconf 60' lang='lat' dir='ltr'><strong>Palantia!</strong></span> <span class='ocrx_word' id='word_1_351' title='bbox 1099 3120 1209 3175; x_wconf 76' lang='lat' dir='ltr'><strong>terrem</strong></span> <span class='ocrx_word' id='word_1_352' title='bbox 1219 3115 1307 3196; x_wconf 61' lang='lat' dir='ltr'><strong>virfflsi</strong></span> 
     </span>
     <span class='ocr_line' id='line_1_61' title="bbox 63 3196 1306 3274; baseline 0.005 -19"><span class='ocrx_word' id='word_1_353' title='bbox 63 3197 421 3272; x_wconf 87' lang='lat' dir='ltr'><strong>serrabatetvivilicabat;</strong></span> <span class='ocrx_word' id='word_1_354' title='bbox 432 3199 551 3260; x_wconf 92' lang='lat' dir='ltr'><strong>illorum</strong></span> <span class='ocrx_word' id='word_1_355' title='bbox 565 3219 600 3260; x_wconf 89' lang='lat' dir='ltr'><strong>au</strong></span> <span class='ocrx_word' id='word_1_356' title='bbox 607 3209 662 3261; x_wconf 92' lang='lat' dir='ltr'><strong>tem</strong></span> <span class='ocrx_word' id='word_1_357' title='bbox 704 3196 766 3256; x_wconf 80' lang='lat' dir='ltr'><strong>oris</strong></span> <span class='ocrx_word' id='word_1_358' title='bbox 780 3197 839 3267; x_wconf 84' lang='lat' dir='ltr'><strong>sui,</strong></span> <span class='ocrx_word' id='word_1_359' title='bbox 856 3205 882 3257; x_wconf 90' lang='lat' dir='ltr'><strong>et</strong></span> <span class='ocrx_word' id='word_1_360' title='bbox 896 3197 1006 3274; x_wconf 79' lang='lat' dir='ltr'><strong>spirita</strong></span> <span class='ocrx_word' id='word_1_361' title='bbox 1018 3196 1164 3259; x_wconf 73' lang='lat' dir='ltr'><strong>tardiorum</strong></span> <span class='ocrx_word' id='word_1_362' title='bbox 1181 3216 1306 3261; x_wconf 82' lang='lat' dir='ltr'><strong>auorum</strong></span> 
     </span>
     <span class='ocr_line' id='line_1_62' title="bbox 62 3280 1307 3364; baseline 0.004 -24"><span class='ocrx_word' id='word_1_363' title='bbox 62 3281 236 3362; x_wconf 85' lang='lat' dir='ltr'><strong>adimpletio</strong></span> <span class='ocrx_word' id='word_1_364' title='bbox 255 3302 309 3363; x_wconf 89' lang='lat' dir='ltr'><strong>pra</strong></span> <span class='ocrx_word' id='word_1_365' title='bbox 334 3283 415 3345; x_wconf 81' lang='lat' dir='ltr'><strong>ouini</strong></span> <span class='ocrx_word' id='word_1_366' title='bbox 435 3292 567 3364; x_wconf 89' lang='lat' dir='ltr'><strong>tempore</strong></span> <span class='ocrx_word' id='word_1_367' title='bbox 586 3283 664 3346; x_wconf 84' lang='lat' dir='ltr'><strong>invi·</strong></span> <span class='ocrx_word' id='word_1_368' title='bbox 704 3280 1005 3359; x_wconf 78' lang='lat' dir='ltr'><strong>interficietimpium‚</strong></span> <span class='ocrx_word' id='word_1_369' title='bbox 1018 3281 1307 3346; x_wconf 83' lang='lat' dir='ltr'><strong>eteritiustitt&#39;ocin·</strong></span> 
     </span>
     <span class='ocr_line' id='line_1_63' title="bbox 61 3364 1307 3448; baseline 0.006 -25"><span class='ocrx_word' id='word_1_370' title='bbox 61 3373 138 3426; x_wconf 85' lang='lat' dir='ltr'><strong>ctum</strong></span> <span class='ocrx_word' id='word_1_371' title='bbox 154 3365 252 3426; x_wconf 81' lang='lat' dir='ltr'><strong>tactae</strong></span> <span class='ocrx_word' id='word_1_372' title='bbox 262 3366 403 3428; x_wconf 83' lang='lat' dir='ltr'><strong>divinitus</strong></span> <span class='ocrx_word' id='word_1_373' title='bbox 416 3367 605 3429; x_wconf 80' lang='lat' dir='ltr'><strong>revelationis</strong></span> <span class='ocrx_word' id='word_1_374' title='bbox 618 3388 665 3430; x_wconf 88' lang='lat' dir='ltr'><strong>ar·</strong></span> <span class='ocrx_word' id='word_1_375' title='bbox 702 3364 807 3442; x_wconf 77' lang='lat' dir='ltr'><strong>pratum</strong></span> <span class='ocrx_word' id='word_1_376' title='bbox 826 3364 994 3426; x_wconf 78' lang='lat' dir='ltr'><strong>lumborum</strong></span> <span class='ocrx_word' id='word_1_377' title='bbox 1011 3365 1087 3440; x_wconf 84' lang='lat' dir='ltr'><strong>eius,</strong></span> <span class='ocrx_word' id='word_1_378' title='bbox 1109 3373 1136 3427; x_wconf 87' lang='lat' dir='ltr'><strong>et</strong></span> <span class='ocrx_word' id='word_1_379' title='bbox 1150 3368 1222 3448; x_wconf 82' lang='lat' dir='ltr'><strong>fides</strong></span> <span class='ocrx_word' id='word_1_380' title='bbox 1240 3369 1307 3430; x_wconf 87' lang='lat' dir='ltr'><strong>cin-</strong></span> 
     </span>
     <span class='ocr_line' id='line_1_64' title="bbox 53 3448 1307 3531; baseline 0.003 -22"><span class='ocrx_word' id='word_1_381' title='bbox 53 3449 428 3531; x_wconf 74' lang='lat' dir='ltr'><strong>=gumentumsuppeditat</strong></span> <span class='ocrx_word' id='word_1_382' title='bbox 703 3448 829 3510; x_wconf 82' lang='lat' dir='ltr'><strong>clerium</strong></span> <span class='ocrx_word' id='word_1_383' title='bbox 857 3465 964 3510; x_wconf 82' lang='lat' dir='ltr'><strong>reatum</strong></span> <span class='ocrx_word' id='word_1_384' title='bbox 991 3449 1054 3511; x_wconf 79' lang='lat' dir='ltr'><strong>eiras</strong></span> <span class='ocrx_word' id='word_1_385' title='bbox 1086 3448 1144 3530; x_wconf 90' lang='grc'>(8).</span> <span class='ocrx_word' id='word_1_386' title='bbox 1177 3451 1307 3513; x_wconf 80' lang='lat' dir='ltr'><strong>Effectus</strong></span> 
     </span>
    </p>

    <p class='ocr_par' dir='ltr' id='par_1_8' title="bbox 61 3531 1308 4204">
     <span class='ocr_line' id='line_1_65' title="bbox 105 3531 1308 3615; baseline 0.002 -18"><span class='ocrx_word' id='word_1_387' title='bbox 105 3535 199 3598; x_wconf 78' lang='lat' dir='ltr'><strong>n&#39;oia.</strong></span> <span class='ocrx_word' id='word_1_388' title='bbox 226 3531 308 3596; x_wconf 88' lang='lat' dir='ltr'><strong>Inter</strong></span> <span class='ocrx_word' id='word_1_389' title='bbox 330 3535 515 3596; x_wconf 83' lang='lat' dir='ltr'><strong>characteres</strong></span> <span class='ocrx_word' id='word_1_390' title='bbox 540 3532 664 3598; x_wconf 88' lang='lat' dir='ltr'><strong>Messiae</strong></span> <span class='ocrx_word' id='word_1_391' title='bbox 704 3531 1308 3615; x_wconf 82' lang='lat' dir='ltr'><strong>quoque,quosMessinsaaperpnpadum</strong></span> 
     </span>
     <span class='ocr_line' id='line_1_66' title="bbox 61 3613 1308 3699; baseline 0.007 -25"><span class='ocrx_word' id='word_1_392' title='bbox 61 3613 137 3678; x_wconf 91' lang='lat' dir='ltr'><strong>hunc</strong></span> <span class='ocrx_word' id='word_1_393' title='bbox 158 3617 353 3698; x_wconf 87' lang='lat' dir='ltr'><strong>praecipuum</strong></span> <span class='ocrx_word' id='word_1_394' title='bbox 377 3627 526 3699; x_wconf 88' lang='lat' dir='ltr'><strong>reponunt</strong></span> <span class='ocrx_word' id='word_1_395' title='bbox 544 3617 661 3693; x_wconf 82' lang='lat' dir='ltr'><strong>lralaei,</strong></span> <span class='ocrx_word' id='word_1_396' title='bbox 703 3615 853 3677; x_wconf 89' lang='lat' dir='ltr'><strong>iudaicum</strong></span> <span class='ocrx_word' id='word_1_397' title='bbox 875 3622 904 3677; x_wconf 93' lang='lat' dir='ltr'><strong>et</strong></span> <span class='ocrx_word' id='word_1_398' title='bbox 928 3634 1018 3696; x_wconf 84' lang='lat' dir='ltr'><strong>super</strong></span> <span class='ocrx_word' id='word_1_399' title='bbox 1046 3619 1148 3680; x_wconf 83' lang='lat' dir='ltr'><strong>artem</strong></span> <span class='ocrx_word' id='word_1_400' title='bbox 1174 3628 1308 3683; x_wconf 83' lang='lat' dir='ltr'><strong>adactum</strong></span> 
     </span>
     <span class='ocr_line' id='line_1_67' title="bbox 61 3700 1306 3784; baseline 0.002 -24"><span class='ocrx_word' id='word_1_401' title='bbox 61 3701 135 3780; x_wconf 90' lang='lat' dir='ltr'><strong>quod</strong></span> <span class='ocrx_word' id='word_1_402' title='bbox 158 3701 300 3762; x_wconf 88' lang='lat' dir='ltr'><strong>advenire</strong></span> <span class='ocrx_word' id='word_1_403' title='bbox 322 3701 428 3764; x_wconf 90' lang='lat' dir='ltr'><strong>debeat</strong></span> <span class='ocrx_word' id='word_1_404' title='bbox 451 3722 504 3764; x_wconf 89' lang='lat' dir='ltr'><strong>ceu</strong></span> <span class='ocrx_word' id='word_1_405' title='bbox 527 3701 587 3763; x_wconf 87' lang='lat' dir='ltr'><strong>Rex</strong></span> <span class='ocrx_word' id='word_1_406' title='bbox 608 3723 664 3784; x_wconf 89' lang='lat' dir='ltr'><strong>po·</strong></span> <span class='ocrx_word' id='word_1_407' title='bbox 705 3700 902 3779; x_wconf 87' lang='lat' dir='ltr'><strong>producturus</strong></span> <span class='ocrx_word' id='word_1_408' title='bbox 926 3711 1014 3777; x_wconf 87' lang='lat' dir='ltr'><strong>erat,</strong></span> <span class='ocrx_word' id='word_1_409' title='bbox 1034 3721 1115 3764; x_wconf 87' lang='lat' dir='ltr'><strong>merc</strong></span> <span class='ocrx_word' id='word_1_410' title='bbox 1138 3702 1306 3784; x_wconf 89' lang='lat' dir='ltr'><strong>spirituales</strong></span> 
     </span>
     <span class='ocr_line' id='line_1_68' title="bbox 61 3783 1307 3866; baseline 0.002 -24"><span class='ocrx_word' id='word_1_411' title='bbox 61 3785 258 3860; x_wconf 89' lang='lat' dir='ltr'><strong>tentissimns,</strong></span> <span class='ocrx_word' id='word_1_412' title='bbox 283 3785 334 3865; x_wconf 91' lang='lat' dir='ltr'><strong>qui</strong></span> <span class='ocrx_word' id='word_1_413' title='bbox 361 3786 501 3866; x_wconf 91' lang='lat' dir='ltr'><strong>populum</strong></span> <span class='ocrx_word' id='word_1_414' title='bbox 521 3786 663 3850; x_wconf 82' lang='lat' dir='ltr'><strong>israeliti·</strong></span> <span class='ocrx_word' id='word_1_415' title='bbox 703 3783 1082 3847; x_wconf 85' lang='lat' dir='ltr'><strong>recensentur.1rteoenim</strong></span> <span class='ocrx_word' id='word_1_416' title='bbox 1096 3784 1242 3847; x_wconf 84' lang='lat' dir='ltr'><strong>allaniele</strong></span> <span class='ocrx_word' id='word_1_417' title='bbox 1257 3785 1307 3846; x_wconf 92' lang='lat' dir='ltr'><strong>ad-</strong></span> 
     </span>
     <span class='ocr_line' id='line_1_69' title="bbox 62 3867 1308 3947; baseline 0.003 -21"><span class='ocrx_word' id='word_1_418' title='bbox 62 3885 123 3929; x_wconf 86' lang='lat' dir='ltr'><strong>eum</strong></span> <span class='ocrx_word' id='word_1_419' title='bbox 144 3870 184 3930; x_wconf 88' lang='lat' dir='ltr'><strong>ab</strong></span> <span class='ocrx_word' id='word_1_420' title='bbox 197 3867 375 3931; x_wconf 86' lang='lat' dir='ltr'><strong>adversariis</strong></span> <span class='ocrx_word' id='word_1_421' title='bbox 393 3869 455 3932; x_wconf 92' lang='lat' dir='ltr'><strong>suis</strong></span> <span class='ocrx_word' id='word_1_422' title='bbox 475 3870 591 3946; x_wconf 90' lang='lat' dir='ltr'><strong>liberet,</strong></span> <span class='ocrx_word' id='word_1_423' title='bbox 614 3890 664 3932; x_wconf 91' lang='lat' dir='ltr'><strong>su·</strong></span> <span class='ocrx_word' id='word_1_424' title='bbox 704 3868 936 3944; x_wconf 77' lang='lat' dir='ltr'><strong>reniredidtur,</strong></span> <span class='ocrx_word' id='word_1_425' title='bbox 950 3878 1308 3947; x_wconf 84' lang='lat' dir='ltr'><strong>utconsummetarprae-</strong></span> 
     </span>
     <span class='ocr_line' id='line_1_70' title="bbox 62 3953 1303 4036; baseline 0 -24"><span class='ocrx_word' id='word_1_426' title='bbox 62 3953 195 4029; x_wconf 84' lang='lat' dir='ltr'><strong>paralias</strong></span> <span class='ocrx_word' id='word_1_427' title='bbox 210 3959 315 4032; x_wconf 80' lang='lat' dir='ltr'><strong>gentes</strong></span> <span class='ocrx_word' id='word_1_428' title='bbox 330 3953 449 4029; x_wconf 87' lang='lat' dir='ltr'><strong>exaltet,</strong></span> <span class='ocrx_word' id='word_1_429' title='bbox 466 3953 607 4036; x_wconf 91' lang='lat' dir='ltr'><strong>omnique</strong></span> <span class='ocrx_word' id='word_1_430' title='bbox 621 3955 664 4016; x_wconf 91' lang='lat' dir='ltr'><strong>se·</strong></span> <span class='ocrx_word' id='word_1_431' title='bbox 702 3953 846 4014; x_wconf 78' lang='lat' dir='ltr'><strong>vertentia</strong></span> <span class='ocrx_word' id='word_1_432' title='bbox 863 3958 891 4016; x_wconf 88' lang='lat' dir='ltr'><strong>ct</strong></span> <span class='ocrx_word' id='word_1_433' title='bbox 903 3955 992 4033; x_wconf 72' lang='lat' dir='ltr'><strong>pacm</strong></span> <span class='ocrx_word' id='word_1_434' title='bbox 1006 3955 1128 4034; x_wconf 85' lang='lat' dir='ltr'><strong>occipiat</strong></span> <span class='ocrx_word' id='word_1_435' title='bbox 1144 3958 1303 4032; x_wconf 85' lang='lat' dir='ltr'><strong>peccatum,</strong></span> 
     </span>
     <span class='ocr_line' id='line_1_71' title="bbox 61 4033 1307 4117; baseline 0.003 -25"><span class='ocrx_word' id='word_1_436' title='bbox 61 4033 169 4098; x_wconf 88' lang='lat' dir='ltr'><strong>licitate</strong></span> <span class='ocrx_word' id='word_1_437' title='bbox 197 4037 353 4117; x_wconf 88' lang='lat' dir='ltr'><strong>temporali</strong></span> <span class='ocrx_word' id='word_1_438' title='bbox 379 4037 527 4099; x_wconf 88' lang='lat' dir='ltr'><strong>relerciat.</strong></span> <span class='ocrx_word' id='word_1_439' title='bbox 549 4037 663 4100; x_wconf 85' lang='lat' dir='ltr'><strong>-Ast</strong></span> <span class='ocrx_word' id='word_1_440' title='bbox 702 4045 730 4098; x_wconf 87' lang='lat' dir='ltr'><strong>et</strong></span> <span class='ocrx_word' id='word_1_441' title='bbox 748 4037 879 4100; x_wconf 86' lang='lat' dir='ltr'><strong>delentur</strong></span> <span class='ocrx_word' id='word_1_442' title='bbox 903 4038 1068 4116; x_wconf 81' lang='lat' dir='ltr'><strong>iniquitas,</strong></span> <span class='ocrx_word' id='word_1_443' title='bbox 1087 4045 1113 4098; x_wconf 89' lang='lat' dir='ltr'><strong>ct</strong></span> <span class='ocrx_word' id='word_1_444' title='bbox 1140 4036 1307 4098; x_wconf 85' lang='lat' dir='ltr'><strong>adducatur</strong></span> 
     </span>
     <span class='ocr_line' id='line_1_72' title="bbox 62 4115 1306 4204; baseline 0.002 -26"><span class='ocrx_word' id='word_1_445' title='bbox 62 4115 161 4180; x_wconf 81' lang='lat' dir='ltr'><strong>salsam</strong></span> <span class='ocrx_word' id='word_1_446' title='bbox 176 4120 488 4204; x_wconf 87' lang='lat' dir='ltr'><strong>prorsnshancidcam</strong></span> <span class='ocrx_word' id='word_1_447' title='bbox 500 4139 575 4199; x_wconf 87' lang='lat' dir='ltr'><strong>esse,</strong></span> <span class='ocrx_word' id='word_1_448' title='bbox 587 4122 664 4184; x_wconf 90' lang='lat' dir='ltr'><strong>mul·</strong></span> <span class='ocrx_word' id='word_1_449' title='bbox 702 4119 820 4184; x_wconf 82' lang='lat' dir='ltr'><strong>iustitie</strong></span> <span class='ocrx_word' id='word_1_450' title='bbox 835 4122 1078 4203; x_wconf 76' lang='lat' dir='ltr'><strong>sempiterna-</strong></span> <span class='ocrx_word' id='word_1_451' title='bbox 1091 4119 1192 4181; x_wconf 85' lang='lat' dir='ltr'><strong>Exbis</strong></span> <span class='ocrx_word' id='word_1_452' title='bbox 1206 4118 1306 4182; x_wconf 92' lang='lat' dir='ltr'><strong>omni·</strong></span> 
     </span>
    </p>
   </div>
   <div class='ocr_carea' id='block_1_8' title="bbox 88 4244 1225 4382">
    <p class='ocr_par' dir='ltr' id='par_1_9' title="bbox 88 4244 1225 4382">
     <span class='ocr_line' id='line_1_73' title="bbox 88 4244 1142 4309; baseline 0.002 -14"><span class='ocrx_word' id='word_1_453' title='bbox 88 4251 117 4306; x_wconf 80' lang='lat' dir='ltr'><strong>(ll</strong></span> <span class='ocrx_word' id='word_1_454' title='bbox 132 4251 171 4298; x_wconf 80' lang='lat' dir='ltr'><strong>Tr.</strong></span> <span class='ocrx_word' id='word_1_455' title='bbox 188 4250 217 4296; x_wconf 74' lang='grc'><strong>13</strong></span> <span class='ocrx_word' id='word_1_456' title='bbox 231 4252 257 4296; x_wconf 86' lang='lat' dir='ltr'><strong>ln</strong></span> <span class='ocrx_word' id='word_1_457' title='bbox 272 4251 305 4298; x_wconf 87' lang='lat' dir='ltr'><strong>lo.</strong></span> <span class='ocrx_word' id='word_1_458' title='bbox 365 4250 397 4309; x_wconf 81' lang='lat' dir='ltr'><strong>(2l</strong></span> <span class='ocrx_word' id='word_1_459' title='bbox 412 4251 460 4298; x_wconf 84' lang='lat' dir='ltr'><strong>Gal.</strong></span> <span class='ocrx_word' id='word_1_460' title='bbox 476 4251 498 4307; x_wconf 81' lang='lat'><strong>2,</strong></span> <span class='ocrx_word' id='word_1_461' title='bbox 515 4249 551 4300; x_wconf 76' lang='lat' dir='ltr'><strong>lb.</strong></span> <span class='ocrx_word' id='word_1_462' title='bbox 731 4249 838 4309; x_wconf 59' lang='lat' dir='ltr'><strong>mltum</strong></span> <span class='ocrx_word' id='word_1_463' title='bbox 854 4250 875 4295; x_wconf 74' lang='grc'><strong>9.</strong></span> <span class='ocrx_word' id='word_1_464' title='bbox 1007 4247 1039 4306; x_wconf 81' lang='grc'><strong>(6)</strong></span> <span class='ocrx_word' id='word_1_465' title='bbox 1054 4246 1089 4293; x_wconf 76' lang='lat' dir='ltr'><strong>rs.</strong></span> <span class='ocrx_word' id='word_1_466' title='bbox 1103 4244 1142 4297; x_wconf 71' lang='lat'><strong>21·</strong></span> 
     </span>
     <span class='ocr_line' id='line_1_74' title="bbox 89 4303 1225 4382; baseline -0.004 -26"><span class='ocrx_word' id='word_1_467' title='bbox 89 4311 118 4367; x_wconf 68' lang='lat' dir='ltr'><strong>td)</strong></span> <span class='ocrx_word' id='word_1_468' title='bbox 134 4313 175 4358; x_wconf 81' lang='lat' dir='ltr'><strong>lta.</strong></span> <span class='ocrx_word' id='word_1_469' title='bbox 190 4309 228 4358; x_wconf 72' lang='lat' dir='ltr'><strong>tt.</strong></span> <span class='ocrx_word' id='word_1_470' title='bbox 361 4310 465 4370; x_wconf 63' lang='lat' dir='ltr'><strong>(aphau</strong></span> <span class='ocrx_word' id='word_1_471' title='bbox 484 4313 505 4365; x_wconf 74' lang='grc'><strong>9,</strong></span> <span class='ocrx_word' id='word_1_472' title='bbox 521 4312 543 4358; x_wconf 85' lang='grc'><strong>9.</strong></span> <span class='ocrx_word' id='word_1_473' title='bbox 733 4309 763 4382; x_wconf 77' lang='lat' dir='ltr'><strong>iil</strong></span> <span class='ocrx_word' id='word_1_474' title='bbox 778 4310 813 4356; x_wconf 77' lang='lat' dir='ltr'><strong>cs.</strong></span> <span class='ocrx_word' id='word_1_475' title='bbox 829 4310 885 4364; x_wconf 79' lang='lat'><strong>2‚6.</strong></span> <span class='ocrx_word' id='word_1_476' title='bbox 1005 4304 1034 4363; x_wconf 76' lang='grc'><strong>18)</strong></span> <span class='ocrx_word' id='word_1_477' title='bbox 1046 4307 1072 4352; x_wconf 81' lang='grc' dir='ltr'><strong>ΙΙ.</strong></span> <span class='ocrx_word' id='word_1_478' title='bbox 1088 4315 1109 4352; x_wconf 82' lang='lat' dir='ltr'><strong>c.</strong></span> <span class='ocrx_word' id='word_1_479' title='bbox 1125 4303 1162 4353; x_wconf 83' lang='grc' dir='ltr'><strong>Η.</strong></span> <span class='ocrx_word' id='word_1_480' title='bbox 1186 4371 1189 4377; x_wconf 29' lang='grc'><strong><em>,</em></strong></span> <span class='ocrx_word' id='word_1_481' title='bbox 1214 4319 1225 4335; x_wconf 63' lang='lat'><strong>.</strong></span> 
     </span>
    </p>
   </div>
   <div class='ocr_carea' id='block_1_9' title="bbox 0 0 1468 4734">
    <p class='ocr_par' dir='ltr' id='par_1_10' title="bbox 0 0 1468 4734">
     <span class='ocr_line' id='line_1_75' title="bbox 0 0 1468 4734; baseline 0 0"><span class='ocrx_word' id='word_1_482' title='bbox 0 0 1468 4734; x_wconf 95' lang='lat' dir='ltr'><strong> </strong></span> 
     </span>
    </p>
   </div>
  </div>
 </body>
</html>
