2910 4732
208 193 248 256 bi
602 171 789 254 ruuoaoarna
810 203 973 252 auxanius

168 291 205 354 do
224 291 257 352 in
280 290 413 368 entibus,
429 289 460 352 in
479 289 588 372 quibus
611 290 767 368 evolvitur,
807 289 875 352 iura
893 289 1004 351 babent
1022 306 1039 350 a
1058 284 1238 368 semetipsis,
1258 282 1301 346 sic
1325 283 1427 364 pari·

167 375 203 438 ad
227 375 467 456 personalitatem
482 375 575 452 venit,
593 385 622 436 et
641 374 769 436 suicon-
808 382 853 436 ter
879 374 962 436 nulla
979 372 1075 434 officia
1102 380 1224 453 propter
1247 368 1427 449 semetipsa

168 459 248 521 scius
267 461 311 536 srt3
332 467 420 540 alque
432 459 463 520 in
479 458 536 520 boc
552 477 692 540 processu
706 457 767 520 Re·
807 458 958 538 postulare
977 463 1123 538 possunt;
1143 455 1195 516 sed
1220 454 1425 516 solummodo

168 543 237 620 ligio
256 543 420 605 consistere
439 543 560 604 dieitur.
581 541 653 614 Quis
667 551 766 603 autem
808 561 843 604 ex
860 540 1056 604 relationibus
1067 559 1136 618 erga
1149 538 1243 600 Deum
1256 537 1356 600 officia
1370 556 1433 599 er·

169 627 198 688 in
211 627 265 687 hac
278 627 390 687 theoria
406 646 466 688 non
486 645 593 708 purum
612 625 766 706 putidum·
806 645 843 704 ga
861 645 915 688 nos
933 634 962 688 et
980 625 1054 688 alios
1072 622 1209 687 homines
1226 630 1426 702 sequuntur.

144 719 147 726 ’
168 729 225 791 que
249 711 489 791 pantheismum,
509 729 561 772 seu
588 710 765 772 atheismum
785 725 789 824 p
806 710 921 790 Religio
940 729 1021 788 ergo,
1042 709 1067 770 si
1086 727 1141 771 ceu
1156 705 1328 769 coniunctio
1345 725 1430 768 rno-

144 813 146 824 ·
169 794 266 870 ridet,
285 813 353 855 cum
376 813 435 875 qno
461 793 576 872 Religio
605 794 766 856 consistere
807 795 877 857 ralis
899 813 966 857 cum
985 793 1046 854 Deo
1063 791 1241 872 concipitur,
1262 807 1324 852 non
1345 789 1423 854 iam

165 878 282 958 nequit,
302 879 444 960 quoniam
463 896 516 958 per
531 878 615 938 illum
639 879 766 941 maxime
807 880 838 942 in
856 897 947 941 sensu
964 877 1117 953 strictiori,
1133 875 1185 940 sed
1204 876 1343 937 insensu
1364 875 1427 936 ta*

166 963 351 1024 necessariae
367 962 404 1023 ad
421 961 606 1038 Religionem
630 961 766 1024 notiones
808 963 922 1026 tissima
938 961 1078 1036 sumitur,
1096 963 1166 1043 quia
1181 958 1286 1022 exinde
1300 975 1423 1023 omnes

165 1054 227 1106 tum
254 1045 324 1122 Dei,
345 1054 408 1106 tum
429 1044 576 1107 libertatis
602 1045 639 1106 de
668 1046 765 1108 medio
806 1049 881 1110 aliae
903 1047 1075 1123 relationes,
1095 1055 1125 1108 et
1142 1045 1244 1108 omnin
1260 1041 1319 1106 alia
1337 1045 1424 1106 offi-

166 1130 334 1191 tolluntur?
351 1165 394 1176 -
806 1132 851 1194 cia
869 1132 1067 1193 deducuntur.
1092 1129 1226 1192 -Sunt
1244 1128 1423 1204 nonnulli,

140 1279 141 1284 γ
205 1212 243 1275 ll.
254 1212 471 1290 Multomelius,
485 1213 670 1295 solidiusque
682 1215 767 1278 Theo-
806 1217 857 1297 qui
875 1215 1057 1294 Religionem
1073 1210 1420 1296 appellantinstitutum

164 1297 224 1377 lapi
240 1299 396 1374 catholici,
417 1299 487 1359 licet
505 1298 584 1360 vario
604 1299 712 1375 modo,
733 1299 764 1360 in
805 1301 952 1376 divinum,
966 1299 1102 1361 homines
1114 1295 1294 1379 perducendi
1305 1295 1343 1357 atl
1358 1315 1419 1360 re-

164 1381 332 1458 o'elinienda
357 1381 511 1460 Religione
530 1383 703 1463 procedunt.
723 1417 765 1430 -
804 1403 895 1463 gnum
917 1384 970 1446 Dei
986 1385 1045 1464 (R).
1064 1383 1202 1447 Detinitio
1223 1382 1296 1444 baec
1322 1399 1422 1442 non-

163 1463 208 1526 ct.
227 1466 318 1527 Frint
335 1465 521 1543 Religionem
549 1466 579 1527 in
603 1485 692 1528 sensu
717 1467 762 1528 la-
804 1469 862 1530 nisi
880 1487 947 1530 vera
971 1467 1120 1544 continet,
1142 1469 1193 1530 sed
1217 1463 1417 1542 Religionem

163 1549 251 1625 tiori,
271 1557 301 1610 et
317 1549 349 1610 in
367 1567 456 1611 sensu
485 1550 626 1612 strictiori
654 1550 763 1612 distin·
806 1561 918 1614 tantum
932 1551 1101 1614 utmedium
1115 1552 1152 1612 nd
1165 1551 1334 1614 felicitatem
1348 1549 1425 1613 iro·

162 1633 242 1708 guit:
263 1634 296 1695 in
313 1652 400 1696 sensa
422 1635 524 1696 latiari
549 1635 609 1710 ait,
629 1633 763 1714 Religio·
804 1637 894 1698 minis
908 1636 1242 1717 proponere,etofficia,
1256 1632 1416 1713 quaeDeo

162 1734 230 1776 nem
251 1736 316 1779 esse
342 1718 603 1780 manuductionem
632 1717 763 1780 hominis
804 1729 924 1802 propter
946 1719 1138 1802 semetipsum
1156 1720 1320 1794 debemuS,
1340 1735 1416 1782 non

163 1799 201 1860 ad
220 1801 308 1862 srnem
329 1820 429 1878 suurn,
442 1801 532 1863 srnern
551 1801 680 1864 bominis
699 1821 763 1866 esse
802 1805 874 1868 satis
892 1805 1057 1885 exprimere
1074 1805 1201 1866 videtur.
1214 1800 1417 1864 -Commu-

161 1886 360 1947 moralitatem
373 1903 439 1947 oum
456 1886 700 1967 correspondenti
715 1886 762 1948 ie·
803 1890 870 1950 nior
883 1887 1101 1967 Theologorum
1111 1888 1257 1960 definitio,
1270 1905 1330 1966 quo
1344 1884 1416 1949 Re-

161 1968 297 2044 licitate,
319 1970 516 2031 moralitatem
543 1979 642 2031 aulem
661 1970 761 2030 consi·
802 1973 873 2052 ligio
888 1973 1013 2054 agnitio,
1033 1982 1062 2035 et
1080 1974 1178 2052 cultus
1203 1971 1256 2033 Dei
1280 1989 1414 2032 nuncu-

161 2061 239 2114 stere
258 2054 288 2114 in
302 2061 429 2134 quatuor
441 2053 648 2130 relationibus,
666 2054 761 2116 etde·
803 2069 901 2138 parur,
922 2055 1067 2136 Religioni
1080 2055 1261 2118 subiectivne
1276 2053 1414 2135 compe-

161 2136 259 2198 ductis
289 2138 394 2199 exinde
428 2137 532 2198 officiis
557 2156 625 2215 erga
649 2136 760 2215 Deum,
803 2142 850 2217 tit,
869 2141 955 2202 cuius
973 2141 1133 2222 praecipua
1150 2140 1255 2202 relalio
1268 2147 1299 2201 et
1310 2157 1415 2216 agno-

161 2239 230 2298 erga
248 2222 400 2302 seipsum,
424 2240 493 2298 erga
512 2221 586 2282 alios
606 2221 760 2296 homines,
802 2225 922 2300 secuda,
943 2235 971 2288 et
991 2224 1171 2306 perficienda
1192 2223 1389 2305 exprimitur.
1408 2249 1418 2287 .·

161 2313 191 2364 et
213 2322 282 2382 erga
301 2315 432 2367 caeteras
447 2315 609 2368 creaturas:
626 2307 661 2367 in
674 2323 762 2368 senso
812 2359 819 2368 .
1403 2346 1414 2377 ‚t

160 2389 304 2452 strictiori
322 2389 436 2468 Religio
454 2390 587 2450 continet
601 2390 696 2450 solum
708 2408 761 2451 re·
970 2447 986 2473 .·
1007 2445 1031 2491 c
1041 2443 1133 2492 ΜΠ
1154 2444 1183 2490 n
1407 2380 1411 2392 '

159 2471 275 2548 ritates,
295 2482 325 2534 et
344 2473 519 2552 officiaerga
534 2473 695 2552 Deum(l).
708 2473 762 2534 Ast
1032 2469 1039 2492 ‘
1185 2469 1194 2489 ⁸

161 2556 194 2634 l)
214 2556 244 2615 iu
258 2556 312 2617 bac
325 2557 499 2636 definitione
514 2575 583 2636 pars
599 2557 761 2618 theoretica
869 2594 900 2630 ne
915 2593 1017 2630 mmo„
1031 2593 1160 2628 mmmm
1174 2593 1214 2628 sno
1230 2593 1259 2627 o:
1273 2592 1330 2629 nm.
1348 2627 1351 2634 ¹
1398 2601 1412 2619 ·.

159 2637 335 2718 Religionis,
354 2641 425 2702 licet
442 2649 640 2721 supponatur,
661 2637 787 2704 tarrren'
860 2657 862 2666 ’
1181 2673 1182 2678 ’

160 2741 220 2784 non
244 2726 315 2786 salis
341 2726 533 2805 exprimitur,
555 2734 585 2785 et
609 2726 645 2786 ad
663 2726 782 2786 solurn¹
1048 2736 1078 2807 ς.
1095 2743 1148 2790 aa.

161 2807 287 2869 ancillae
303 2828 411 2869 munus
423 2809 611 2889 deprimitur.
629 2808 662 2886 R)
677 2808 760 2870 [livi-
1452 2879 1453 2882 Ἴ

159 2892 204 2954 sio
216 2893 433 2954 moralitatisin
445 2901 573 2973 quatuor
586 2892 759 2969 relationeS,
842 2892 873 2956 Si
890 2891 1016 2970 Religio,
1037 2909 1090 2952 seu
1108 2885 1278 2965 coniunctio
1296 2902 1409 2948 mora·
1452 2889 1453 2894 ’

160 2985 191 3036 et
206 2977 303 3038 officia
319 2977 391 3038 inde
406 2977 593 3053 exsurgentia
611 2995 670 3038 non
689 2977 762 3038 satis'
801 2979 837 3041 lis
859 2977 989 3040 bominis
1007 2993 1075 3035 oum
1103 2972 1164 3034 [leo
1189 2971 1297 3045 datur,
1317 2968 1411 3032 illius

159 3059 326 3139 adaequata
338 3061 467 3122 ridetur.
490 3059 562 3122 Cum
585 3061 655 3122 enin
674 3079 758 3122 crea·
801 3073 905 3125 auctor
920 3059 1040 3122 nonnisi
1050 3058 1203 3119 Deusesse
1221 3061 1330 3135 polest,
1346 3059 1411 3134 (puri
1444 3085 1446 3090 ·

134 3171 136 3176 ·
159 3151 243 3204 turae
262 3145 450 3206 irrationales
469 3145 542 3205 iuris
558 3163 618 3206 uon
631 3144 691 3206 sint
707 3164 759 3207 ca·
800 3149 881 3209 solus
899 3143 1013 3205 homini
1032 3151 1061 3204 et
1079 3141 1156 3202 vires
1174 3139 1349 3214 concedere,
1374 3151 1411 3202 ct

158 3245 257 3306 paces,
273 3228 339 3290 ideo
353 3229 442 3290 etiam
458 3229 555 3290 officia
566 3229 667 3290 stricte
681 3229 760 3290 dicta
800 3230 1010 3310 obligationem
1023 3226 1177 3306 imponere
1187 3225 1264 3286 valet
1274 3231 1337 3282 tum
1353 3241 1411 3284 vc-

159 3310 253 3371 adilla
263 3330 322 3373 non
331 3312 554 3388 lrabemus,nisi
564 3322 711 3393 quatenus
721 3313 758 3374 ab
798 3316 902 3377 ritates
918 3312 1045 3375 morales
1063 3307 1256 3388 agnoscendi,
1277 3314 1338 3367 tum
1355 3310 1411 3368 al·
1450 3371 1451 3374 ,

118 3411 131 3465 j
159 3395 265 3455 officiis
277 3414 345 3473 erga
358 3396 465 3472 Deum,
483 3414 631 3475 organas,
645 3406 675 3458 et
689 3415 759 3475 erga
799 3399 866 3462 licia
877 3395 1002 3460 moralia
1012 3393 1194 3474 adimplendi
1207 3392 1266 3472 (3).
1279 3389 1322 3453 De
1338 3387 1409 3452 Deo
1450 3407 1451 3432 t

131 3487 133 3492 '
159 3479 327 3558 proximum
347 3479 556 3561 irnperantur;
580 3491 610 3542 et
629 3481 659 3541 in
686 3481 759 3562 ipsis
798 3503 882 3562 ergo,
895 3481 959 3563 qui,
972 3481 1016 3542 uli
1035 3477 1185 3540 obiectum
1198 3476 1229 3536 in
1247 3493 1279 3536 se
1297 3478 1409 3537 excel·

158 3562 359 3626 continentur.
394 3565 427 3645 3)
445 3563 546 3646 Neque
575 3565 671 3626 officia
689 3582 759 3643 erga
786 3556 1406 3641 ,lentissimumitaomntst’nitosoptaae,

133 3711 134 3716 η
158 3644 273 3721 Deum,
292 3665 346 3708 nos
364 3647 463 3729 ipsas,
482 3659 512 3710 et
529 3649 604 3710 alios
621 3648 758 3710 homines
797 3650 973 3732 Religionis,
987 3647 1204 3723 etTlreolog'rae
1218 3643 1408 3705 surtdamen-
1449 3693 1450 3696 η

158 3728 214 3790 sub
233 3748 293 3790 una
311 3732 482 3809 cathegorie
498 3734 605 3813 reponi
621 3742 755 3811 passunt3
799 3745 861 3798 tum
884 3741 941 3810 est,
960 3742 1029 3795 ante
1053 3730 1154 3793 omnia
1175 3729 1217 3789 ita
1243 3727 1408 3788 disseren-

132 3854 134 3859 ·
157 3812 237 3875 lleus
252 3815 345 3891 enirn,
368 3835 423 3878 ceu
439 3834 494 3878 eus
511 3815 758 3878 absolutum-ab·
798 3820 869 3882 dum
894 3818 984 3893 venit,
998 3823 1044 3876 ,ut
1071 3813 1175 3876 1⁰·Dat'
1191 3813 1272 3874 oorto
1293 3812 1409 3875 trada-

152 3896 255 3959 solute
279 3916 398 3980 quoque
418 3900 439 3960 i.
461 3919 489 3961 e.
511 3910 632 3979 propter
646 3907 758 3961 semet·
799 3911 862 3979 tor,
881 3901 913 3963 2⁰
924 3903 987 3964 eius
997 3898 1154 3982 existentia
1169 3897 1406 3973 demorabatur,
1448 3949 1449 3982 ,

125 4053 128 4062 ,
158 3981 254 4060 ipsum
276 3984 373 4044 cilicia
396 3983 538 4063 postulat,
567 3990 684 4045 caetera
702 4003 757 4044 au·
799 4007 833 4050 ac
852 3987 973 4048 demum
988 3985 1019 4047 3⁰
1033 3980 1405 4055 censurattaaAlbet'surr',
1446 4011 1447 4016 ¹

158 4074 218 4126 tem
234 4067 316 4128 entia
334 4065 549 4144 contingentia,
571 4066 658 4127 sicuti
676 4068 760 4128 nulla
799 4079 862 4135 tam
882 4067 1067 4152 Pantbeiarrti
1083 4074 1255 4154 apportatum

748 4199 751 4206 Ι
791 4201 865 4288 ’··ἶ·ι2)’
882 4219 914 4274 ‘bt
935 4225 1026 4272 Gulura'
1040 4208 1312 4281 narrato-'ssacclopr'e‘l'ss
1327 4223 1349 4268 B
1388 4225 1409 4274 ir
1447 4191 1448 4253 Ῑ

190 4284 220 4343 (ll
244 4285 372 4337 Hoadlaralt
392 4285 435 4330 der
448 4285 723 4348 Religioaswlsacnscbatl
741 4288 761 4338 l.
801 4285 972 4346 Hurrptstoclr‘g.
985 4285 1006 4330 t.

153 4345 267 4397 ΑΗ.
720 4379 723 4383 -
804 4341 1345 4418 1βχΚίιεΚιιιΙιῶοφη.1.Β.2.11ρεειι“ξ.
1359 4342 1397 4388 2.·
1446 4373 1447 4410 3
