2918 4734
464 176 537 222 rans
557 175 591 222 u.
614 173 717 220 suerro
735 173 758 218 r.
782 172 875 220 carun
896 172 918 217 r.
1213 156 1273 246 103

86 257 164 327 nibus
182 268 213 324 et
228 259 450 324 venditionibus
464 255 673 320 contrahendis
713 253 779 334 ptii,
800 251 962 332 dignasque
977 257 1010 314 ut
1024 269 1077 332 pro
1097 250 1241 314 memoria
1254 269 1313 334 po·

85 347 193 408 fraudes
209 346 326 425 legibus
344 344 406 406 suis
424 343 566 418 coercuit,
595 359 672 422 pou·
713 346 859 400 sterorum
886 343 1142 410 conservarentur,
1168 333 1200 396 in
1226 338 1314 398 colu-

81 430 176 492 demm
192 440 223 492 et
241 446 447 491 mensurarum
463 425 672 507 aequalitatem
713 422 789 484 mnis
807 419 913 498 ligneis
925 419 970 480 vol
983 419 1107 500 lapideis
1120 417 1249 482 describi
1261 439 1313 482 cu·
1422 441 1426 454 ·

79 515 179 590 sanrit,
200 524 230 577 et
249 511 422 576 loenebrem
434 511 585 574 licentiam
603 528 671 573 sus·
711 514 825 568 rerunt.
850 501 914 565 Non
932 520 1053 598 parvum
1074 502 1148 564 haec
1166 503 1314 583 praebent

78 599 147 659 tulit.
159 597 263 672 hirae,
272 597 389 659 fistulae
401 595 555 675 pastoralis
566 602 672 657 etmu·
711 609 765 670 pro
791 587 912 651 veritate
935 587 1077 648 historiae
1095 583 1238 648 Moesicae
1261 596 1312 648 at·

76 682 148 744 sicae
178 691 315 763 repertor
331 678 672 747 Mercumruteristirna·
710 693 769 755 que
792 692 844 754 pro
870 670 1096 734 authenticitate
1116 669 1312 734 Pentateuchi

75 775 116 826 tus
130 773 190 842 cst,
207 765 351 847 quoniam
363 763 514 842 geminum
528 763 669 844 hymnum
710 768 929 837 argumentum.

74 849 211 911 omnibus
244 849 379 931 politicae
408 847 480 931 artis
511 847 670 928 pigmentis
912 842 915 849 '
958 887 987 959 ὅ,
1009 893 1062 941 w·

73 934 325 1013 splendescentern
348 932 409 994 Deo
427 933 541 1012 Moyses
557 932 669 994 decan-

75 1019 148 1094 tarit,
166 1019 311 1098 idemque
329 1015 485 1079 buccinam
500 1035 566 1078 earn
585 1035 670 1098 repe·

73 1101 114 1176 rit,
130 1122 212 1183 quae
225 1103 335 1164 Asosra
353 1101 391 1162 ab
403 1099 545 1162 Hebraeis
563 1103 669 1182 appel·
761 1100 995 1163 Pentateucbum
1014 1099 1127 1180 absque
1146 1097 1310 1160 mutatione

74 1196 123 1259 tur,
138 1197 169 1248 ct
186 1187 401 1249 describitnra
419 1183 476 1246 Ios.
495 1184 594 1247 Flavio
607 1187 666 1267 (l).
710 1186 898 1250 substantiali
923 1185 1064 1246 historiae
1093 1203 1128 1245 ac
1156 1182 1310 1245 doctrinae

71 1269 249 1332 Futurorurn
274 1270 497 1351 praenotionem
524 1279 555 1332 et
575 1280 668 1333 artem
709 1272 744 1333 ad
765 1289 819 1332 nos
838 1270 1020 1350 pervenisse,
1042 1268 1130 1331 variis
1147 1285 1308 1346 argumen-

69 1355 220 1416 divinandi
231 1355 418 1420 Mercurium
426 1352 606 1434 abrlpolline
620 1374 670 1418 ac·
710 1357 747 1417 tis
767 1354 886 1435 probari
906 1363 1012 1434 potest.

68 1439 180 1520 cepisse
194 1448 336 1526 'romanu
350 1438 461 1518 Moyses
478 1457 496 1500 a
511 1437 572 1501 lico
590 1439 670 1502 iutu-
752 1441 780 1500 l.
807 1438 916 1500 Eadem
928 1438 1002 1500 udos
1020 1437 1151 1518 publica,
1168 1444 1198 1497 et
1216 1435 1309 1498 totius

67 1541 95 1582 ra
113 1523 308 1604 praedicendi
325 1523 463 1584 virtutem
479 1523 605 1603 accepit,
621 1543 669 1586 ve-
707 1524 803 1600 gentis
827 1523 963 1584 iudaicae
985 1540 1038 1602 per
1055 1538 1159 1583 omnes
1180 1537 1309 1597 genera-

67 1626 174 1688 rnsque
193 1608 339 1688 propbeta
357 1605 462 1668 extitit.
478 1604 601 1668 Summa
612 1607 666 1671 de·
709 1608 805 1670 tiones
819 1606 992 1668 continuata
1003 1605 1135 1682 traditio,
1152 1623 1229 1685 quae
1241 1622 1310 1684 pro·

66 1691 153 1771 nique
172 1691 363 1754 necessitudo
386 1709 420 1752 ac
439 1691 565 1752 societas
583 1694 668 1756 Mer·
707 1691 770 1768 bat,
789 1691 1025 1754 Pentateucbum
1051 1689 1215 1769 genuinum
1240 1706 1308 1752 esse

64 1777 183 1838 sumum
201 1777 391 1856 inter‚atque
402 1775 558 1838 Herculem
569 1776 667 1839 aban·
706 1773 812 1856 Moysis
826 1793 914 1856 opus,
932 1775 1022 1836 etiarn
1041 1773 1160 1849 evincit,
1175 1790 1244 1834 eum
1262 1771 1309 1834 in-

65 1860 156 1940 tiquis
176 1861 332 1936 statuitur,
352 1859 426 1920 adeo
446 1868 479 1920 ut
494 1877 667 1924 communes
708 1866 958 1940 tagram-semper
976 1867 1006 1920 et
1022 1859 1228 1938 incorruptum
1242 1875 1309 1937 per·

64 1962 165 2005 eorum
197 1944 292 2006 luisse
317 1951 429 2005 statuas
458 1942 603 2007 Aristides
619 1945 665 2025 (2)
707 1945 863 2020 mansisse,
876 1943 1024 2024 siquidem
1036 1944 1169 2021 integrae
1187 1959 1308 2022 semper

64 2029 238 2105 prodiderit.
255 2029 411 2092 Herculem
426 2036 524 2089 autem
538 2029 666 2091 eundem
707 2028 820 2090 nationi
843 2046 1016 2109 persuasum
1035 2027 1109 2102 init,
1128 2045 1160 2089 se
1178 2025 1253 2087 illud
1277 2025 1307 2086 i·

63 2130 205 2174 essecum
217 2111 318 2189 losue,
331 2111 382 2193 qui
394 2110 564 2174 individuus
585 2111 665 2194 Moy·
706 2133 791 2193 psum
820 2131 894 2193 opus
918 2112 1061 2188 babere,
1076 2110 1157 2192 quod
1175 2130 1193 2172 a
1209 2108 1309 2190 uovse

63 2195 102 2256 sis
117 2197 219 2259 socius
234 2197 265 2257 in
284 2196 401 2258 deserto
415 2197 481 2271 luit,
494 2215 623 2277 eumque
633 2208 666 2260 ut
706 2205 885 2279 acceperunt
898 2195 1000 2259 Patres
1014 2213 1131 2272 eorum,
1143 2213 1242 2275 neque
1256 2193 1308 2256 ad·

63 2281 159 2342 duret
171 2281 372 2361 iuderpopuli
384 2279 535 2342 israelitici
547 2290 665 2344 secutus
705 2282 800 2343 ditum
818 2281 981 2362 quidquam
999 2280 1109 2354 luisse,
1127 2297 1225 2361 neque
1250 2277 1304 2340 de·

62 2373 116 2440 est,
126 2365 230 2426 multis
239 2354 512 2446 comparationibus
522 2365 665 2428 institutis
705 2375 830 2428 tractum
844 2365 893 2442 iis,
914 2385 991 2447 quae
1002 2363 1114 2445 Moyses
1131 2365 1303 2444 scripserat.

63 2448 167 2525 probat
184 2447 314 2511 Huetins
340 2450 406 2511 loco
432 2449 532 2511 citato.
562 2447 665 2531 Neque
704 2449 784 2512 Haec
803 2469 872 2526 ergo
890 2450 963 2512 fides
982 2451 1101 2531 publica
1115 2457 1145 2510 et
1163 2455 1305 2510 constans

63 2550 136 2592 nova
154 2542 202 2594 est
218 2533 292 2595 baec
306 2533 466 2608 sententia,
482 2533 534 2596 sed
551 2534 612 2596 iam
626 2536 664 2598 ab
706 2535 824 2597 traditio
843 2533 952 2596 invicte
974 2536 1079 2615 probat
1100 2532 1178 2595 sicut
1193 2531 1306 2593 Penta·

62 2616 193 2697 antiquis
212 2626 409 2697 propugnatum
420 2636 490 2680 nam
509 2625 586 2680 teste
600 2619 663 2682 Eu·
706 2619 805 2681 teuclri
823 2618 1092 2695 authenticitatem,
1108 2617 1150 2679 ita
1163 2616 1252 2679 etiam
1270 2633 1305 2676 e·

61 2699 143 2761 sebio
153 2701 203 2782 (3)
222 2702 282 2762 iarn
293 2701 662 2781 Artapanustestatusest,
704 2704 819 2766 iusdem
838 2703 1050 2781 integritatem,
1063 2701 1221 2784 praecipue
1236 2716 1304 2759 cum

61 2782 178 2863 Moysen
191 2784 447 2866 abAegyptiispro
460 2785 663 2850 Deobabitum
705 2789 819 2849 nullum
836 2789 929 2866 possit
939 2787 1139 2868 corruptionis
1150 2799 1305 2861 argumen-

61 2868 150 2929 luisse
163 2877 194 2931 et
205 2867 383 2931 Mercurium
400 2872 591 2951 appellatum.
607 2872 665 2935 Du·
704 2882 766 2933 tum
787 2872 906 2936 adduci.
931 2871 1141 2935 Substantialis
1157 2868 1236 2928 enim
1255 2863 1305 2925 in-

62 2951 151 3013 bitari
170 2955 263 3014 etiam
280 2972 340 3015 non
360 2963 474 3034 potest,
494 2973 565 3036 prae
580 2967 662 3020 cete·
706 2957 862 3038 terpulatio
886 2958 932 3020 rel
960 2955 1106 3018 mutilatio
1131 2949 1301 3012 estfactum

61 3036 102 3097 ris
117 3037 260 3114 gentibus
273 3035 450 3118 Aegyptios,
468 3041 572 3102 saltem
592 3059 663 3104 eru·-
705 3041 891 3123 historicum,
911 3041 990 3123 quod
1009 3057 1069 3101 non
1088 3034 1230 3116 supponi,
1251 3032 1303 3094 sed

60 3119 196 3196 ditiores,
205 3121 342 3182 notitiam
351 3121 499 3202 quandam
507 3124 663 3187 veritatum
704 3145 740 3188 eu
750 3127 951 3190 monumentis
967 3121 1086 3206 probari
1103 3120 1203 3195 debet,
1215 3127 1303 3199 atque

62 3201 205 3266 israelitis
223 3206 255 3265 in
273 3205 390 3266 deserto
408 3207 618 3285 revelatarunr,
635 3219 665 3273 et
705 3211 773 3272 ideo
792 3211 857 3272 iure
880 3218 1015 3287 negatur,
1032 3206 1128 3268 donec
1146 3202 1305 3290 abl-adver·
1339 3217 1346 3228 ¹

60 3287 158 3366 legum
179 3287 286 3350 iisdem
307 3289 511 3352 iniunctarum
532 3293 665 3374 acquisi·
705 3295 791 3356 sariis
804 3295 966 3370 evincatur.
1162 3301 1197 3320 ·”

60 3371 148 3447 visse,
168 3373 343 3434 aestimasse
362 3383 391 3435 ct
409 3393 465 3436 ceu
484 3376 594 3438 bonum
609 3377 664 3440 de·
756 3379 787 3439 ἓ.
803 3375 909 3440 Omnia
925 3377 957 3438 in
974 3374 1179 3438 Pentateucho
1198 3371 1304 3434 codem

59 3456 192 3533 positum
205 3457 382 3520 custodisse.
397 3456 446 3520 Sic
462 3459 587 3540 intelligi
601 3471 665 3542 pot·
706 3462 848 3524 orationis
870 3479 979 3541 genere
1004 3467 1183 3536 narrantur,
1204 3455 1305 3518 omnia

59 3549 124 3615 cst,
145 3540 219 3620 quid
251 3541 363 3603 luerint
384 3543 416 3603 in
440 3542 571 3626 Aegypto
595 3546 664 3609 illae
705 3543 1303 3610 sibicohaerentetinterseconnectuu·

59 3621 199 3685 Mercurii
211 3627 380 3700 columnae,
393 3627 429 3687 ad
445 3646 520 3708 quas
538 3630 663 3692 velutad
706 3639 763 3692 tur.
784 3629 876 3708 Leges
888 3631 1025 3692 nituntur
1037 3623 1201 3704 miraculis3
1217 3645 1245 3686 v.
1257 3640 1302 3701 gr.

61 3725 189 3770 arcanae
209 3709 345 3771 veritatis
361 3711 457 3776 tontes
474 3724 666 3776 recurrerunt
705 3716 813 3776 lestunr
832 3715 984 3778 Pascbatis
1003 3713 1174 3776 institutum
1199 3708 1255 3772 luit
1272 3706 1304 3764 in

60 3789 256 3884 Pythagorae,
274 3792 357 3855 Pluto
370 3804 401 3856 ot
412 3796 475 3858 alii.
488 3796 572 3859 Certe
584 3799 664 3860 enim
705 3799 939 3861 recordationem
947 3798 1073 3878 insignis
1085 3792 1233 3867 beneficii,
1245 3805 1303 3883 quo

61 3884 134 3938 rstae
155 3877 319 3939 columnae
344 3879 537 3942 continebant
553 3884 665 3945 doctri·
705 3882 784 3946 Deus
801 3882 949 3946 israelitas
965 3903 982 3944 a
999 3881 1140 3944 servitute
1158 3881 1305 3954 aegyptia·

62 3977 128 4020 uam
146 3958 257 4042 Moysis
275 3961 312 4022 de
330 3963 486 4044 principiis
504 3983 617 4043 rerum,
635 3968 664 4028 i·
706 3985 740 4028 ca
765 3967 959 4045 liberaveram
981 3967 1088 4029 festum
1116 3962 1305 4025 Pentecostes

63 4043 206 4124 psiusque
225 4045 323 4122 leges,
345 4065 419 4128 quas
447 4067 514 4110 curn
535 4069 618 4112 veras
637 4060 667 4113 et
706 4051 888 4114 celebratum
911 4051 1009 4114 estin
1036 4043 1207 4108 memoriam
1231 4041 1305 4120 legis

65 4145 175 4208 aequas
193 4129 341 4191 haberent
355 4132 552 4211 sapientiores
570 4135 666 4218 Aegy·
707 4135 793 4198 datae
812 4136 843 4196 in
867 4144 968 4196 monte
990 4129 1092 4203 Sinai3
1111 4127 1219 4188 testum
1244 4126 1305 4188 Ta·

92 4263 125 4318 4„
139 4262 164 4306 L·
181 4263 346 4320 nectuntur.
361 4279 382 4314 o.
398 4268 436 4316 tt.
708 4220 935 4284 hernaculorum
962 4216 994 4276 in
1018 4217 1147 4272 mentem
1166 4225 1306 4274 reuocato

93 4320 122 4379 Ω)
139 4325 204 4370 Orat.
220 4326 244 4369 iu
260 4323 350 4372 llercul.
685 4299 693 4368 l
737 4331 770 4388 (5)
785 4330 835 4375 hu
850 4335 929 4386 praep.
944 4328 1022 4372 evang.
1038 4325 1089 4371 cop.
1104 4314 1160 4373 2η,ι

738 997 761 1043 ll.
778 995 945 1043 Pentateuchus
960 999 1049 1054 integer
1064 995 1094 1041 nd
1109 1007 1153 1040 uos
1168 993 1281 1055 pervenit.
1300 1001 1303 1007 ’
