2930 4736
210 199 273 262 ruo
341 234 347 244 ·
622 213 808 262 rauococur
828 209 993 258 armanus

170 294 292 358 dierunt
310 314 411 359 rerum
437 293 673 376 theologicarum
699 295 776 358 seri·
816 293 951 372 logorum
966 291 1194 370 sententiae,nt
1204 309 1366 374 quousque
1378 300 1424 356 ta·

170 388 284 462 ptores,
298 379 436 458 scientia,
449 381 619 442 eruditione
634 389 663 442 et
676 380 775 462 pieta·
816 378 854 440 lis
873 377 983 439 nonsit
996 376 1294 440 evidenterconcicta
1310 377 1350 438 de
1362 377 1423 439 ial-

170 472 200 525 to
212 464 377 546 conspicui.
390 463 441 528 lsti
454 465 513 526 iam
527 464 670 542 Theologi
683 463 776 526 scbo·
816 462 916 538 sitate,
931 479 992 523 non
1006 461 1103 522 solum
1124 479 1185 522 non
1201 460 1334 522 declaret
1350 480 1424 523 con-

170 547 267 610 lastici
279 549 469 611 contemniet
479 547 622 629 vilipendi
634 565 695 610 non
708 565 777 630 pos·
815 545 953 621 barium,
977 544 1027 606 sed
1046 545 1128 606 iuxta
1151 544 1276 608 eandem
1304 545 1423 606 sentiro

169 640 239 694 sunt
259 633 316 694 nisi
335 632 373 694 ab
394 632 515 696 bomine
534 635 704 712 ignorante,
723 638 776 694 aut
815 638 846 693 et
861 628 978 711 operari
1001 629 1071 691 velit
1089 628 1201 690 fideles.
1223 662 1264 674 -
1280 628 1376 691 -Et
1395 630 1423 690 si

168 714 363 796 praeiudiciis
391 735 426 780 ac
449 716 639 798 passionibus
667 715 775 777 obcae-
815 713 846 776 in
867 713 949 776 omni
967 711 1027 775 alia
1040 712 1199 803 disciplina
1217 712 1291 774 tides
1303 712 1423 774 haben·

168 808 254 878 cat03
278 799 332 862 sed
356 800 414 882 ipsi
445 802 476 862 in
501 801 615 861 bonore
643 799 774 862 habendi
814 797 852 859 da
870 806 915 860 est
934 797 965 860 in
987 805 1051 859 arte
1073 796 1177 878 peritis
1205 805 1235 858 et
1263 798 1418 878 expertis,

167 892 248 957 suut,
262 884 332 964 quia
351 901 457 962 magna
475 885 678 946 emolumenta
696 885 772 946 alle·
814 881 920 965 quidni
939 881 970 944 in
990 881 1168 960 Theologiol
1180 915 1222 928 -
1235 915 1279 928 -

167 976 239 1030 runt
252 968 289 1029 ad
309 968 447 1030 veritates
460 966 622 1046 Religionis
636 975 667 1030 et
680 966 774 1047 Reue-
856 966 887 1028 3.
906 965 1036 1029 Concors
1053 972 1084 1027 et
1103 963 1254 1027 unanimis
1281 963 1418 1027 omnium

166 1051 287 1114 lationis
304 1061 385 1114 recte
402 1051 634 1129 cognoscendas.
659 1049 697 1114 Ut
715 1071 771 1114 au·
813 1048 1032 1128 Theologorum
1063 1049 1307 1112 scholasticorum
1329 1049 1421 1112 dere

168 1144 228 1198 tem
241 1133 460 1212 Theologorum
478 1136 724 1198 scholasticorum
739 1155 773 1196 u·
811 1135 881 1214 fidei
894 1152 929 1198 cc
941 1152 1060 1197 nemum
1081 1141 1285 1196 asseveranter
1299 1141 1330 1194 et
1347 1153 1421 1195 con·

167 1238 219 1280 sus
243 1219 299 1282 rite
319 1219 489 1297 dirigatur,
508 1219 651 1285 Melchior
669 1220 772 1284 Cautes
812 1226 1121 1300 stanterpropuguata
1133 1217 1280 1278 sententia
1293 1219 1420 1278 tambr-

166 1312 327 1385 sequentes
342 1313 401 1365 tres
420 1321 563 1382 canones,
582 1323 636 1368 seu
653 1305 772 1383 regulus
813 1321 894 1364 mum
910 1303 1015 1364 tondat
1037 1301 1180 1364 iudicium
1200 1301 1418 1380 theologicum,

167 1388 272 1450 statuit
286 1397 317 1448 et
339 1387 526 1468 praescribit.
811 1394 845 1448 ut
858 1386 1063 1448 contradicere
1082 1386 1112 1446 in
1129 1385 1337 1448 huiuscemodi
1350 1405 1422 1466 pro-

209 1471 472 1534 hisembertus
488 1472 641 1552 opiniones
661 1472 772 1534 obcun-
810 1470 923 1532 nimum
939 1471 979 1532 sit
991 1470 1119 1532 haeresi.
1135 1469 1231 1532 Variis
1242 1469 1272 1530 id
1288 1469 1419 1532 rationi-

166 1556 244 1618 tt'hus
258 1556 408 1638 Theolopt's
417 1556 607 1631 scholasticis,
628 1574 682 1638 pro
697 1575 772 1618 ncu-
812 1555 867 1616 bus
886 1554 1006 1638 probari
1026 1562 1133 1636 potest.
1161 1553 1192 1635 a)
1211 1551 1364 1635 Quidquid
1381 1573 1442 1616 e·-

166 1647 212 1700 tra
228 1648 311 1720 parte
323 1640 390 1722 plus
412 1639 566 1721 probatur,
587 1658 677 1721 quam
692 1641 769 1702 ratio
812 1639 872 1700 nim
891 1657 1017 1702 concors
1032 1639 1250 1718 Theruingorum
1272 1640 1302 1698 in
1323 1648 1421 1701 mate-

165 1723 293 1800 euincat,
313 1725 372 1802 vel
387 1725 551 1786 auctoritas
570 1725 684 1805 privata
703 1743 769 1785 me·
811 1722 855 1786 ria
873 1723 940 1786 fidei
960 1732 1123 1786 elmerum
1151 1730 1234 1784 tenet
1250 1723 1417 1799 sententia,

165 1815 277 1885 reatur3
297 1807 320 1870 i.
341 1827 369 1871 e.
387 1808 542 1890 probabile
561 1815 768 1886 argumentum
810 1806 841 1868 id
860 1807 1037 1870 uniuersalis
1052 1815 1133 1870 tenet
1147 1806 1293 1868 Ecclesia:
1308 1825 1327 1868 a
1341 1825 1421 1888 quo-

166 1892 244 1953 sumi
265 1902 374 1973 potest3
397 1891 543 1954 certitudo
562 1893 645 1954 nulla
674 1891 769 1954 habe·
810 1910 879 1954 nam
900 1891 981 1954 enim
1000 1891 1093 1954 nisio
1116 1890 1293 1970 Tlreologis,
1309 1899 1363 1951 aut
1377 1892 1418 1953 ab

165 1983 216 2038 tur
233 1975 411 2054 theologica·
427 1975 568 2038 -Ratio
587 1985 644 2052 est,
658 1976 727 2057 quia
743 1976 769 2037 si
810 1975 860 2054 iis,
876 1973 1419 2058 quiperceperunta'llreologis,do-

164 2078 200 2122 ex
218 2078 301 2121 mera
323 2060 499 2123 auctoritate
523 2059 576 2121 uni
605 2061 682 2141 parti
700 2068 770 2122 tan·
809 2076 916 2122 centur
930 2079 1034 2122 omnes
1059 2059 1173 2123 Christi
1185 2059 1309 2121 fideles?
1323 2093 1367 2105 -
1385 2057 1420 2122 Si

165 2161 254 2224 quarn
274 2153 373 2206 certae
391 2153 421 2207 et
434 2142 601 2206 indubitato
620 2161 707 2205 verae
721 2163 769 2206 as·
810 2163 879 2223 ergo
902 2163 1006 2206 ornnes
1021 2143 1163 2222 Theologi
1182 2150 1337 2220 errarent,
1353 2152 1420 2204 tota

164 2226 356 2305 sentiremus,
371 2229 537 2310 oppositam
556 2246 678 2290 necesse
693 2228 769 2292 foret
809 2229 942 2292 Ecclesia
960 2228 1093 2310 periculo
1118 2228 1228 2290 erroris
1246 2245 1418 2309 exponere·

163 2321 283 2392 apertae
300 2312 437 2375 salsitatis
459 2321 496 2375 et
507 2311 769 2393 improbabilitatis
809 2322 903 2375 retur:
919 2332 987 2375 eum
1001 2321 1100 2374 autem
1120 2311 1200 2374 Deus
1216 2310 1369 2374 Ecclesiae
1381 2311 1417 2372 in

163 2395 359 2474 convincere,
385 2396 465 2477 quod
489 2394 565 2458 citra
594 2396 770 2460 temeritatis
810 2398 986 2460 necessariis
1005 2416 1064 2458 non
1084 2396 1179 2472 desit,
1206 2403 1288 2457 certe
1307 2413 1418 2458 omnes

162 2488 263 2542 notam
276 2480 339 2542 steri
349 2480 466 2561 nequit,
480 2478 623 2561 quamdiu
637 2499 690 2562 pro
703 2500 770 2562 par·
809 2480 974 2559 Theclopos
1002 2499 1102 2543 errare
1127 2498 1188 2541 non
1212 2479 1295 2540 sinit.
1312 2513 1356 2526 -
1378 2479 1416 2560 b)

162 2571 192 2626 te
210 2563 361 2626 contraria
382 2573 441 2626 stat
467 2565 601 2626 eiusdem
622 2567 768 2647 respecti·
809 2565 964 2643 Theologi,
984 2565 1036 2646 qui
1054 2563 1155 2626 omnia
1173 2562 1327 2640 indagare,
1344 2582 1417 2624 om-

161 2666 197 2709 re
225 2647 641 2729 punderis'l'undamentum,
661 2669 768 2732 nempe
809 2649 859 2711 nia
874 2649 1018 2724 iudicare,
1038 2648 1076 2710 de
1097 2647 1238 2709 omnibus
1259 2647 1417 2728 disputare

161 2732 426 2813 auctoritasaeque
437 2734 482 2794 uel
496 2733 580 2812 quasi
595 2752 768 2814 aequegra·
808 2740 1039 2810 consueverunt,
1056 2740 1137 2794 certe
1152 2731 1335 2793 unanimiter
1351 2751 1415 2792 non

160 2815 217 2877 vis.
243 2847 281 2862 -
299 2815 402 2897 Neque
419 2816 508 2878 etiam
532 2817 557 2878 si
578 2818 710 2879 rationes
732 2837 768 2880 ex
807 2817 1021 2893 consentirent,
1033 2816 1090 2878 nisi
1100 2817 1145 2878 rel
1158 2834 1211 2896 per
1223 2815 1416 2894 irrefragabi-

160 2917 222 2961 una
248 2909 333 2981 parte
358 2900 445 2962 nubis
467 2901 593 2962 multum
623 2901 766 2981 probabi·
807 2902 865 2962 lem
881 2901 1089 2964 auctoritatem
1108 2898 1139 2962 S.
1159 2898 1348 2981 Scripturas,
1365 2900 1416 2960 vel

161 2983 254 3046 liores
266 2985 433 3061 videantur,
447 3002 507 3045 non
522 2985 589 3046 ideo
600 2986 687 3046 aliter
699 3004 766 3049 sen·
807 2985 1065 3067 perindubitalam
1075 2984 1416 3061 traditionemapostoli·

160 3066 269 3132 tientes
286 3068 415 3148 superbe
444 3076 690 3144 contemnamus,
714 3068 766 3149 qui
806 3088 891 3146 cam,
910 3070 956 3132 vel
975 3088 1028 3150 per
1052 3068 1256 3131 definitionem
1281 3066 1414 3128 Pontifi-

161 3150 239 3213 sorte
257 3153 363 3214 maiori
382 3151 501 3228 ingenio
520 3160 550 3212 et
568 3153 673 3213 maiori
693 3153 765 3214 dili·
806 3172 875 3215 cum
894 3163 945 3216 aut
960 3153 1160 3218 Consiliorum
1173 3151 1209 3223 ad
1224 3152 1266 3212 ita
1283 3169 1415 3212 consen-

159 3235 259 3312 geutia
277 3235 378 3298 omnia
390 3235 598 3298 examinarunt
615 3235 767 3298 etdiiudi·
807 3237 942 3300 tiendum
960 3237 1057 3299 adacti
1079 3237 1216 3299 luissent.
1237 3237 1267 3315 c)
1279 3234 1414 3314 hposto-

161 3326 278 3380 cocunt.
732 3333 736 3352 “
807 3322 853 3382 lus
873 3322 920 3402 (l)
940 3321 1037 3398 docet,
1062 3321 1141 3402 quod
1161 3321 1238 3382 Deus
1256 3319 1414 3380 Ecclesiae

203 3401 234 3462 h.
247 3401 403 3464 Communi
422 3402 588 3464 sententiae
600 3402 766 3483 Theolopo·
807 3424 878 3466 suae
897 3405 1012 3468 dederit
1031 3423 1089 3466 non
1106 3405 1202 3466 solum
1231 3403 1410 3483 Apostolos,

159 3502 225 3546 rum
243 3486 276 3547 in
291 3487 424 3566 recrevi
439 3485 598 3568 theolopc'cu
610 3487 694 3569 (licet
706 3507 765 3550 non
806 3488 969 3570 Prophetas
988 3497 1017 3550 et
1035 3485 1413 3567 Evangeiistos,scdetiem

160 3567 199 3630 sit
221 3568 258 3630 de
277 3569 353 3648 lide)
378 3570 538 3648 reiragari,
559 3580 766 3652 praesumtuc·
807 3583 942 3653 pastores
961 3576 991 3634 et
1007 3572 1156 3647 doctores,
1173 3571 1203 3632 in
1222 3589 1297 3653 opus
1315 3569 1413 3631 mini-

159 3653 676 3737 su'mest‚itautc0mmunisopinio
690 3665 766 3718 tam·
806 3658 889 3719 sterii
904 3666 933 3720 et
952 3657 990 3718 ad
1009 3656 1181 3718 servandam
1208 3656 1353 3716 unitatem
1370 3655 1414 3714 fi-

152 3737 212 3800 .diu
229 3736 338 3798 debeat
359 3735 463 3799 heberi
489 3757 541 3819 pro
564 3758 631 3802 uera
649 3759 765 3822 quous·
805 3741 874 3803 dei:
891 3759 960 3819 ergo
976 3740 1053 3802 sicut
1066 3740 1169 3802 eadem
1186 3737 1294 3802 Christi
1308 3737 1415 3800 Eccle-

152 3841 219 3904 :que
239 3839 299 3884 non
315 3829 473 3882 enervetur
492 3823 657 3886 manifestis
674 3843 764 3903 argu·
806 3825 849 3888 sia
868 3844 987 3907 semper
1005 3823 1196 3905 perdurabit,
1217 3823 1259 3884 ita
1278 3821 1314 3882 ad
1336 3839 1413 3902 pro-

159 3906 270 3968 mentis
284 3902 453 3967 contrariis.
464 3937 506 3950 --
520 3904 606 3969 Ratio
623 3916 679 3984 est,
694 3909 766 3989 quia
804 3909 967 3972 videntium
987 3907 1095 3972 Christi
1115 3906 1261 3988 pertinet,
1281 3912 1315 3966 ut
1332 3923 1414 3967 som·

158 3988 331 4052 intellectus
358 3987 489 4050 bortrinis
515 3989 621 4070 privati
648 3992 765 4054 lucilius
807 4012 860 4074 per
881 3993 1043 4054 habeamus
1062 4001 1195 4073 pastores
1214 3999 1243 4051 et
1258 3989 1415 4066 ductores,

128 4102 131 4113 ·
160 4083 262 4150 errat,
281 4091 371 4154 quam
397 4072 552 4134 doctorum
586 4092 762 4138 consensus.
806 4077 857 4157 qui
877 4077 995 4158 proprio
1011 4094 1062 4138 ore
1085 4094 1140 4136 nos
1156 4075 1283 4137 doceant
1306 4081 1338 4134 et
1357 4093 1415 4136 nos

151 4155 767 4239 Ecclesiaipsctamindecisionibuspon·
806 4163 983 4223 conlirment
1001 4160 1032 4220 in
1052 4159 1167 4220 unitate
1185 4158 1265 4218 fidei.
1281 4155 1415 4220 Hocau·

161 4237 272 4314 tihciis,
285 4259 372 4320 quarn
387 4240 417 4301 in
437 4239 573 4301 conciliis
588 4240 667 4301 irunc
683 4260 765 4304 aem·
807 4253 865 4306 tem
888 4245 950 4306 alia
967 4243 1038 4321 via,
1057 4243 1104 4306 rel
1126 4243 1242 4305 ratione
1265 4260 1333 4304 neu·
1356 4243 1417 4317 bt,

162 4337 217 4400 per
230 4321 373 4385 bonorem
389 4323 486 4387 desert
504 4324 657 4387 communi
670 4325 768 4390 Tbeo·
836 4348 868 4409 (ι)
882 4349 967 4410 apuu.
982 4349 1006 4396 t.
