2928 4734
178 161 240 229 {180
529 203 534 214 ·
577 173 761 223 rusoroomr
782 171 944 220 summme
1001 173 1004 178 ·

132 262 209 326 ciam
229 256 391 322 Pharaonis
413 253 601 320 innocentem
614 273 751 338 quoque
775 271 854 332 mus,
878 253 947 315 stilo
965 249 1103 328 candidu,
1127 247 1386 332 crocomagma:

131 345 278 428 populum
295 341 498 404 totaerumnis
511 358 626 403 vexare.
774 337 815 399 ris
831 336 942 399 nudato
958 336 1059 414 reiert,
1080 355 1176 418 aquas
1193 335 1294 400 divina
1314 340 1379 400 rir-

188 429 274 506 Rcsp.
293 423 373 488 Deus
396 423 492 487 bonus
509 434 555 488 est
572 433 602 486 et
618 423 732 500 iustus,
775 429 837 483 tute
850 421 941 484 lrrisse
952 419 1075 497 'divisas
1091 427 1121 482 'et
1135 420 1229 482 instar
1243 419 1323 484 muri
1343 441 1380 485 ex

129 509 198 574 ideo
218 511 312 572 bonos
330 517 548 585 remuneratur,
568 507 662 570 rnalos
676 527 733 569 au·
774 514 902 587 utraque
923 506 1004 585 parte
1019 503 1193 586 erectam)
1213 503 1292 586 quod
1317 525 1379 569 uon

130 591 731 674 temiustissimepunit.Primumsignum
772 587 1380 670 contingitinaestumaris.Aegyptiiuou

130 697 229 740 coram
242 678 397 740 Pharaone
410 674 730 757 patratum-nimirum
772 673 871 734 minus
886 691 974 755 quam
993 670 1104 753 Moyses
1122 681 1257 734 aestuum
1278 674 1379 736 muri·

129 762 212 842 virga
236 762 267 824 in
285 765 454 843 serpentem
484 767 595 820 mutata
613 791 629 804 ·
647 759 732 840 plaga
771 757 910 818 timorum
928 756 1012 835 gnari
1030 763 1126 834 erant,
1145 755 1206 818 imo
1228 775 1288 826 uon
1316 778 1380 838 po·

129 865 189 908 non
208 846 276 909 luit.
295 844 369 908 Curu
388 854 487 906 autem
506 861 557 905 rer
576 841 730 904 nibilomi-
771 849 891 903 luerunt
908 840 981 902 baec
995 840 1122 916 nescire,
1143 859 1220 922 quae
1239 841 1378 921 quotidie

129 948 186 992 nus
209 920 380 995 mandatum
405 927 536 989 diuinum
559 934 728 1007 sperneret,
769 925 801 986 iu
822 925 955 1006 ipsorum
975 924 1125 988 littoribus
1140 924 1375 1003 contingebant:

129 1031 226 1094 prena
240 1014 358 1091 dignus,
374 1020 403 1074 et
421 1029 479 1072 nou
499 1011 558 1071 iam
578 1010 729 1071 beneficiis
770 1009 860 1088 igitur
877 1009 965 1071 ssnenr
988 1015 1089 1072 aestus
1109 1008 1249 1070 maritimi
1262 1027 1378 1088 cogno·

129 1095 338 1174 cumulandus,
357 1095 407 1158 sed
421 1095 514 1175 plagis
530 1093 683 1156 terrendus
695 1113 729 1156 e·
769 1095 891 1169 cissent,
912 1092 956 1154 rel
975 1094 1079 1156 saitem
1098 1093 1240 1174 suspicati
1259 1103 1376 1172 essent,

128 1188 186 1260 rat;
198 1199 266 1243 nam
285 1180 309 1242 si
328 1179 392 1241 eius
412 1178 605 1260 pervicaciam
622 1177 731 1240 beneit-
770 1177 857 1244 aliam
871 1184 973 1239 aestus
991 1176 1255 1257 reciprocationem
1268 1195 1378 1259 exspe-

129 1261 626 1342 ciasecutaluissent,obstirratum
641 1279 728 1324 suum
770 1269 899 1324 ctassent
924 1261 959 1322 ad
987 1259 1136 1324 israelitas
1159 1261 1374 1342 insequendos,

128 1348 360 1411 animumnlleo
373 1347 463 1408 ueluti
476 1345 666 1408 iustificatum
679 1365 731 1426 pu·
770 1364 825 1408 neo
847 1363 912 1408 sese
932 1345 1007 1406 mari
1037 1353 1107 1407 tunc
1130 1345 1375 1422 commisissent,

129 1439 230 1495 lasset.
255 1429 373 1493 —Nec
392 1430 520 1511 populus
542 1438 622 1492 recte
640 1429 730 1491 inno·
771 1429 829 1492 nisi
846 1437 990 1492 amentes.
1010 1427 1101 1490 Porro
1128 1431 1258 1492 reiturus
1282 1430 1377 1492 maris

129 1535 200 1578 cens
217 1515 275 1577 dici
300 1525 414 1596 potest,
439 1522 593 1595 postquam
612 1531 630 1574 a
649 1512 730 1575 Pha·
771 1522 830 1574 tam
843 1512 1018 1596 repentinus
1032 1531 1090 1574 non
1109 1522 1155 1576 est
1174 1524 1205 1575 ut
1223 1513 1310 1592 lagae
1328 1514 1375 1576 lo-

128 1617 222 1661 raone
242 1599 306 1681 ipso
335 1601 441 1680 culpae
468 1616 537 1660 reus
563 1598 731 1659 declaratus
766 1617 823 1668 ‚cus
842 1597 1018 1673 condetur,
1037 1615 1105 1659 cum
1130 1598 1209 1659 euim
1228 1597 1374 1675 gradatim

129 1682 197 1760 luit,
216 1683 345 1746 dicente:
360 1682 506 1747 Dominae
519 1683 626 1757 torem,
639 1698 690 1762 epo
704 1691 730 1744 ct
770 1681 844 1756 fiat,
858 1681 953 1744 maior
971 1682 1074 1744 saltem
1094 1699 1162 1762 pars
1179 1681 1327 1744 exercitus
1342 1701 1376 1744 se
1459 1713 1460 1716 ¹

128 1767 253 1848 pocritae
271 1786 351 1830 accus
365 1767 449 1846 impii
461 1765 521 1847 (l).
538 1766 626 1827 -Et
640 1765 664 1826 si
675 1765 731 1827 Ae-
770 1765 855 1847 aquis
874 1765 1040 1828 subducere
1052 1765 1206 1846 potuisset.
1225 1764 1375 1827 Traditio·

128 1851 219 1932 gpptii
244 1851 281 1914 de
307 1849 471 1932 pervicacia
498 1850 576 1928 regis
601 1849 646 1911 sui
671 1868 730 1910 non
770 1851 802 1911 ni
819 1848 1046 1932 Mempliitarum
1070 1850 1188 1912 traditio
1207 1849 1375 1930 ileliopoli·
1459 1891 1460 1894 κ

128 1933 728 2017 participabant,aliorurniamcriminum
772 1943 908 1996 tanorum
928 1934 994 1996 iure
1011 1931 1183 2014 opponitur,
1207 1933 1278 2015 qui,
1300 1942 1375 1996 teste
1459 1945 1460 1974 l

128 2019 173 2080 rei
186 2029 282 2096 erant,
294 2018 433 2100 quoniam
445 2017 592 2080 israelitas
602 2052 617 2064 -
627 2017 730 2097 bospi·
771 2018 874 2079 eodem
888 2019 1048 2097 Artapano,
1059 2019 1213 2080 transitum
1226 2015 1376 2080 Hebraeo·
1459 2057 1460 2062 κ

129 2109 255 2164 tessuos
269 2136 282 2151 ·
297 2103 360 2164 dire
375 2102 530 2179 vexabant,
551 2101 675 2182 impium
694 2102 731 2163 de
772 2121 837 2162 rum
862 2119 1008 2182 permane
1027 2101 1161 2164 llrrbrum
1179 2111 1208 2164 et
1220 2099 1374 2163 interitum

130 2185 314 2248 trucidandis
331 2185 530 2248 Hebraeorum
552 2185 651 2267 pueris
676 2184 730 2246 de·
771 2185 981 2266 Aegyptiorum
995 2187 1161 2262 annaliter,
1181 2203 1270 2266 quarn
1285 2184 1315 2246 in
1333 2185 1375 2248 E·
1459 2225 1460 2232 κ

128 2278 243 2332 cretum
262 2271 435 2351 frequenter
449 2270 683 2352 exequebantur,
702 2277 731 2331 et
762 2269 980 2347 ¹xodolcgitur‚
995 2280 1145 2332 enarrant.
1163 2267 1373 2351 lielinpclitarri
1459 2309 1460 2318 2

130 2355 279 2436 pessimae
296 2354 480 2416 idololatriae
494 2353 587 2416 dediti
609 2360 705 2415 erant.
773 2362 872 2416 aulem
892 2353 984 2430 tnagis
1006 2354 1145 2416 audiendi
1170 2362 1259 2428 scrut,
1282 2370 1374 2434 quam

167 2437 230 2502 Odi.
244 2439 275 2500 d.
288 2437 322 2500 ln
331 2438 455 2500 transitu
468 2437 557 2499 rnaris
567 2435 659 2499 Rubri
671 2455 730 2520 nep
772 2436 961 2518 Mempltitae3
973 2437 1014 2498 illi
1026 2439 1104 2499 euim
1115 2448 1217 2500 contra
1226 2456 1270 2513 se,
1282 2436 1311 2497 lii
1321 2456 1375 2518 pro

130 2529 228 2603 potest
259 2522 434 2584 miraculum
458 2521 587 2601 probari.
613 2519 732 2582 Poterat
772 2541 804 2584 se
819 2529 976 2583 testantur.
994 2521 1110 2602 loseplri
1128 2521 1219 2585 Flavii
1235 2521 1373 2584 testimo-

130 2605 209 2668 enim
221 2604 344 2686 Moyses,
358 2606 410 2688 qui
423 2606 457 2667 ad
470 2623 550 2667 oram
565 2604 655 2665 buius
671 2623 732 2665 ma·
773 2605 855 2666 nium
869 2604 948 2667 iuxta
968 2623 1072 2668 ornnes
1086 2607 1206 2668 criticae
1228 2607 1306 2683 leges
1322 2623 1376 2668 au·

129 2689 172 2752 ris
189 2689 240 2751 diu
255 2692 379 2766 vixerat,
392 2699 508 2751 aestum
524 2687 588 2750 eius
603 2687 734 2769 recipro·
772 2689 900 2751 ctoritati
919 2688 1022 2772 lloysis
1034 2690 1122 2768 longe
1135 2689 1376 2771 postponendum

128 2790 195 2836 cum
212 2774 371 2854 diligenter
388 2773 557 2849 obseruare,
573 2784 601 2834 ot
614 2780 732 2852 tempo·
773 2781 835 2835 est:
856 2782 886 2836 et
900 2773 925 2835 si
943 2773 1071 2855 scriptor
1081 2775 1136 2837 iste
1150 2775 1284 2850 iudaeus,
1298 2773 1376 2836 iorte

128 2875 162 2920 re
180 2859 277 2921 donus
296 2857 438 2938 populum
465 2874 518 2937 per
538 2856 637 2918 sinum
657 2856 732 2919 sub·
772 2857 959 2920 etimicorum
977 2876 1079 2933 causa,
1100 2859 1271 2922 dubitanter
1289 2858 1376 2920 locu·

129 2940 210 3004 ducti
221 2941 312 3004 maris
324 2937 668 3020 perducere.'l'ransitum
681 2939 732 3002 tali
775 2951 820 3003 tus
839 2951 895 3016 est,
915 2941 1099 3024 probabilius
1121 2949 1218 3011 ticinen
1237 2943 1274 3003 de
1293 2941 1376 3003 reri-

129 3026 218 3087 modo
238 3033 389 3106 peractum
406 3041 483 3102 esse,
501 3032 624 3085 testatur
637 3023 732 3087 Arta·
774 3033 833 3088 tate
852 3025 987 3088 miraculi
1005 3026 1035 3088 iu
1054 3027 1143 3088 corde
1170 3045 1229 3088 nun
1252 3025 1376 3087 dubita·
1428 3098 1434 3110 ¹

127 3107 375 3188 patrtts‚scribens
386 3105 560 3170 lmlaecrum
575 3108 732 3169 transitum
774 3111 824 3173 vit.
837 3109 909 3173 Cum
928 3109 1007 3172 enim
1023 3109 1155 3172 eiusdem
1173 3110 1376 3172 narrationem

129 3193 173 3254 sic
190 3191 390 3272 ablernplritis
403 3192 515 3252 narrari
526 3191 585 3272 (⁶2).
600 3192 735 3272 toseptme
775 3193 953 3273 aggreditur,
973 3193 1057 3256 dicit:
1076 3192 1135 3257 ‹Ut
1148 3213 1215 3257 reru
1228 3195 1264 3262 ad
1279 3204 1377 3255 extre·
1458 3209 1459 3212 ’

129 3293 248 3356 quoque
270 3275 396 3351 Flavius,
413 3276 456 3336 rir
475 3275 612 3356 iudaeus,
633 3277 734 3338 incer·
777 3296 856 3338 mum
877 3278 958 3340 littus
976 3288 1094 3340 ventum
1113 3289 1169 3354 est,
1190 3291 1250 3340 tum
1264 3277 1377 3358 Moyses

128 3367 192 3420 tum
213 3358 356 3440 reliquit,
375 3378 413 3420 an
439 3359 490 3420 itta
517 3359 623 3422 divisio
644 3361 734 3422 maris
775 3369 872 3422 smntu
892 3363 971 3442 virga
988 3361 1081 3424 Deum
1099 3364 1221 3444 supplex
1246 3363 1376 3436 invocat,

131 3443 320 3518 naturaliter,
336 3461 373 3504 an
395 3461 449 3523 per
468 3441 643 3506 miraculum
659 3463 735 3506 cou-
775 3445 888 3508 dicens:
908 3445 963 3522 Tu,
978 3446 1113 3509 Doctrioc!
1128 3449 1186 3509 scis
1205 3447 1279 3528 ipse,
1296 3446 1377 3526 quod

129 3525 241 3603 tigerit,
258 3534 288 3587 et
307 3527 462 3588 transitum
486 3525 591 3608 Moysis
611 3546 735 3609 cnmpa-
778 3550 832 3592 nec
848 3529 972 3607 viribus,
986 3549 1040 3592 nec
1051 3532 1165 3593 artibus
1177 3530 1314 3592 burnonis
1329 3531 1377 3591 ul·

128 3619 174 3670 rat
192 3628 259 3671 cum
288 3610 414 3672 transitu
446 3611 600 3673 Alexandri
620 3611 658 3674 ll.
685 3631 737 3692 per
778 3615 837 3675 lurn
859 3614 926 3676 lriuc
945 3623 1042 3695 pateat
1060 3617 1214 3695 cllugimn,
1229 3647 1272 3660 -
1293 3614 1331 3674 ad
1349 3623 1378 3675 te

129 3711 211 3756 mare
228 3693 415 3774 Pamplriliae
431 3695 547 3756 invente
567 3705 649 3758 aestu
670 3715 735 3756 trin·
777 3699 872 3759 solum
891 3699 1119 3778 confugimus...
1138 3701 1209 3761 lmer
1226 3708 1377 3780 precatus,

131 3778 244 3839 ritimo.
265 3777 366 3858 Neque
383 3779 506 3855 intelligi
525 3790 632 3859 potest,
645 3780 733 3840 etiam
779 3799 860 3843 mare
874 3783 954 3859 virga
969 3785 1106 3865 percutit,
1120 3802 1179 3864 quo
1194 3781 1252 3845 ictu
1270 3801 1378 3862 repen-

130 3861 734 3944 admissaarpuarumdiuisione,qrromodo
779 3875 806 3927 te
817 3866 966 3928 scissum·
977 3867 1088 3928 aucium
1105 3870 1200 3929 stilum
1215 3867 1377 3947 reliquit.»

53 3956 54 3966 ¹
131 3953 191 4008 tuta
212 3945 733 4026 multitudoadmarisproiundum
777 3948 1379 4032 tnaterttta‹t‚‹pnorttemn‹troticon-

128 4061 146 4076 ·
161 4031 286 4109 rupibus
305 4048 394 4109 saepe
414 4029 554 4088 rclertum
576 4061 591 4076 ·
606 4031 733 4091 descen·
776 4033 858 4110 tigit,
876 4033 994 4097 divinae
1013 4037 1112 4096 virtuti
1132 4035 1286 4107 attribuit,
1307 4052 1377 4094 cum

129 4112 212 4182 dere,
233 4123 261 4174 et
276 4132 330 4194 per
349 4111 419 4174 illud
438 4111 561 4204 transire
577 4114 730 4192 potuisset.
775 4116 865 4191 Deus,
879 4119 1162 4204 rrti,ait,eiusopera
1174 4119 1209 4180 ad
1223 4119 1381 4180 destruen-

181 4197 267 4275 Resp.
289 4195 413 4277 llopscs,
429 4203 557 4275 scriptur
575 4198 731 4260 veracissi·
774 4201 843 4264 dum
860 4200 1016 4264 Persarum
1033 4221 1156 4281 reguum
1173 4201 1380 4270 utidemcris·

158 4298 244 4357 tum
260 4298 335 4356 ⁹22⁷·
800 4307 889 4367 reim.
905 4305 1151 4358 couniamur.
1211 4310 1242 4370 (a,
1258 4303 1351 4356 unic
