2910 4732
601 227 695 274 CAPUT
716 227 738 272 1.

68 308 169 380 tuoque
184 320 323 380 ,causam
343 314 372 367 et
387 315 536 385 naturam,
546 307 648 386 haam,

64 393 86 444 et
101 385 194 464 leges,
214 407 384 469 acuuntque
402 391 534 468 indagat,
550 393 649 470 phila-

62 468 166 546 rophari
180 469 304 534 dicitur.
324 473 413 536 Recte
427 475 495 536 ideo
514 477 649 538 Philosa-

62 551 119 628 phia
135 553 277 616 delinitur
296 575 350 618 ceu
368 555 511 634 Scientia,
527 579 603 640 quae
615 580 651 622 o·

62 637 211 712 perationis
221 658 340 717 eorum,
352 661 428 722 quae
440 653 511 704 sunt
520 655 549 705 et
563 645 649 719 hunt,

62 738 179 796 causam,
196 731 226 784 et
239 734 392 802 naturam,
405 729 494 788 linem
511 738 541 790 ct
558 730 651 805 leges,

62 822 217 884 nexumque
240 810 388 888 explorat,
407 819 436 871 et
454 813 596 873 declarat.

95 889 176 981 llata.
184 889 347 953 Notionem
359 894 436 976 hanc
444 894 653 976 Philosophiae

63 972 290 1051 antiquissimam
316 996 394 1054 csse,
414 986 540 1040 testatur
558 979 595 1042 a.
616 979 650 1042 Τ.

64 1053 163 1116 Cicero.
193 1078 209 1118 a
231 1059 444 1141 Philosophia,
470 1062 567 1144 inquit
583 1064 651 1144 (l),

66 1156 109 1198 nec
126 1142 289 1222 quidquam
304 1145 384 1212 aliud
404 1155 459 1221 est,
480 1164 568 1227 quarn
588 1158 652 1210 stu-

64 1222 131 1282 dium
163 1229 341 1306 sapientiae.
373 1227 525 1310 Sapientia
553 1242 652 1293 autem

64 1315 110 1381 est,
126 1318 160 1370 ut
175 1329 192 1369 a
218 1313 370 1373 veteribus
392 1313 580 1396 Philosophis
598 1317 653 1378 de-

65 1389 165 1453 loitum
179 1403 237 1470 est,
254 1415 352 1458 rerum
365 1398 543 1476 divinarum,
556 1410 584 1462 et
597 1401 654 1460 hn-

64 1492 219 1553 mauarurn,
235 1497 466 1562 causarumque,
479 1483 588 1562 quibus
598 1484 654 1546 hae

63 1577 103 1620 res
118 1563 320 1640 continentur,
341 1566 506 1628 scientia.»

98 1642 128 1738 B:
151 1647 280 1708 Divisio.
306 1648 527 1730 Philosophiae,
548 1671 600 1712 seu
619 1670 653 1712 a·

64 1744 129 1788 narr
151 1732 318 1809 sapientiae
338 1735 464 1796 manime
489 1753 653 1812 congruum

65 1821 113 1886 est,
128 1831 161 1873 ea
181 1815 370 1893 potissimum
383 1818 548 1896 explorare,
564 1829 593 1880 et
605 1820 655 1880 de·

65 1895 177 1972 clarore,
194 1917 274 1978 quae
294 1909 353 1959 turn
373 1899 575 1980 intellectum,
592 1913 654 1964 turn

65 1979 199 2058 anianum,
216 2002 269 2042 seu
288 2002 339 2044 cor
354 1983 516 2047 humanum
537 1988 656 2050 excole-

66 2079 102 2136 re,
126 2082 159 2124 ac
182 2071 329 2146 perlicere
356 2070 465 2130 valent.
493 2070 657 2151 Praecipua

66 2149 158 2208 eninde
180 2150 393 2232 Philosophiae
411 2153 516 2216 divisio
543 2156 609 2216 lluit
626 2156 657 2216 in

66 2230 252 2310 theoreticam,
273 2255 351 2315 quae
372 2238 511 2300 veritates
533 2249 657 2300 natura-

19 2367 20 2406 3
67 2315 101 2374 les
111 2327 282 2394 pertractat,
293 2319 402 2400 quibus
418 2322 585 2386 intellectus
600 2324 658 2384 hu-

68 2415 161 2460 manus
184 2402 373 2479 illustratur,
391 2403 468 2466 etin
483 2409 658 2486 practicam,

68 2500 134 2559 quae
155 2488 305 2548 naturalia
334 2488 397 2548 iura
414 2534 422 2564 ,
440 2501 468 2552 ct
493 2491 588 2554 officia
607 2511 659 2552 en-

69 2567 172 2658 pendit,
191 2571 302 2650 quibus
321 2591 373 2633 cor
391 2572 553 2636 liuorauurn
570 2595 659 2638 exco-

70 2657 140 2710 htur.

104 2735 290 2816 Philosophia
307 2741 464 2804 theoretica
477 2743 573 2804 varias
588 2761 659 2823 par-

72 2824 124 2893 tes,
143 2839 196 2882 seu
214 2823 273 2884 sibi
292 2825 503 2888 subordinatas
520 2827 660 2889 scientias

71 2904 278 2983 complectitur,
301 2909 457 2970 nimirum:

89 2985 132 3077 l.
151 2989 308 3069 Lapidaria,
330 3012 406 3072 quae
425 3003 504 3055 recte
522 2995 658 3072 cogitau-

72 3065 107 3144 dr,
124 3089 175 3133 sea
196 3075 348 3136 veritatem
359 3079 554 3154 cognoscendi
569 3098 658 3156 regu·

72 3151 108 3213 las
136 3160 333 3235 praescribit,
357 3161 482 3241 illasque
509 3163 658 3243 applicare

72 3234 159 3315 locet3
171 3241 201 3301 P.
211 3243 450 3323 Metaphpaicam,
461 3265 537 3325 quae
547 3248 574 3307 in
589 3249 660 3326 Pap·

73 3320 191 3403 chalopia
209 3327 245 3386 de
263 3329 385 3407 spiritus
399 3330 520 3390 hunrarri
541 3341 656 3404 natura,
693 3397 695 3402 ,

72 3409 303 3485 proprietatibus,
318 3420 348 3473 ct
359 3414 584 3492 operationibus
599 3415 656 3476 sci-

73 3503 98 3580 tu
107 3495 269 3554 necessaria
282 3495 382 3572 tradit,
398 3499 427 3556 in
440 3498 594 3578 Oratalopia
608 3517 661 3559 no·

74 3588 160 3665 tiones
177 3580 373 3659 veritatesque
391 3582 502 3660 primas
514 3583 661 3659 cogaritio-

74 3674 113 3748 aas
130 3657 274 3724 hnmanae
294 3665 425 3743 exponit,
446 3677 475 3726 et
490 3666 519 3726 in
542 3667 660 3728 lheala-

73 3755 117 3832 ata
130 3748 263 3808 natarali
274 3747 371 3810 Dirini
382 3749 519 3810 Numinis
530 3752 661 3811 existen-

75 3833 151 3916 tiam,
169 3838 197 3888 et
215 3831 357 3893 attributa
375 3835 504 3910 indagat,
527 3839 557 3896 3.
577 3835 661 3913 Pap-

74 3924 251 3992 actamquae
260 3917 371 3976 entium
386 3919 661 3984 rnate1·ialimn.seu

75 3997 261 4072 corporalium
274 4000 443 4078 qualitates,
460 4001 549 4076 uires,
563 4001 661 4080 leges·

76 4092 138 4171 qap,
156 4078 234 4142 iuxta
252 4101 324 4162 quas
346 4085 507 4147 eorundem
530 4086 661 4148 activitas

77 4161 213 4240 dirigitur,
232 4170 379 4246 explanat.

110 4246 193 4310 Nata.
213 4250 258 4310 Ad
278 4251 500 4333 Philosophiam
514 4250 660 4325 theoreti-

101 4353 165 4411 that..
179 4357 193 4402 2
208 4360 237 4404 de
253 4359 311 4404 offic,
326 4372 347 4405 c.
362 4362 384 4406 2.

1230 204 1250 264 a

690 326 754 368 cam
768 307 903 369 nonnulli
924 307 1012 370 etiam
1033 306 1166 368 reiciunt
1181 300 1212 382 a)
1229 299 1291 364 Ae·

689 393 851 467 addicam,
875 393 999 471 quaein
1019 400 1137 466 natnra,
1158 396 1188 452 ct
1206 386 1237 447 in
1252 385 1292 446 li-

692 476 845 539 beralihus
859 475 1025 555 disciplinis
1042 476 1156 556 pulcra,
1172 481 1202 534 et
1217 469 1290 532 sub·
1315 501 1317 506 ·

691 559 775 620 limia
796 559 961 620 diiudicare
978 559 1082 632 docet,
1101 553 1291 635 Philosophia

692 654 796 720 gustus
820 644 916 718 dicta,
940 652 1029 721 atque
1064 642 1096 720 b)
1126 639 1290 714 Matheain,

693 728 824 808 quaeda
856 745 1013 807 corporum
1037 726 1201 805 quantitate
1218 723 1240 784 i.
1261 741 1289 784 e.

693 831 831 887 numero,
850 821 878 872 et
904 809 1105 888 magnitudine
1125 808 1194 884 agit.

733 896 938 974 Philosophiae
954 894 1100 972 practicae
1114 891 1293 972 praecipuae

693 987 791 1059 partes
806 988 876 1040 sunt
894 980 923 1040 l.
937 979 1055 1053 iiidice,
1069 995 1146 1057 quae
1157 995 1192 1036 ex
1207 975 1293 1055 prin·

694 1063 780 1143 cipiis
801 1063 997 1126 rationalibus
1015 1071 1077 1124 tum
1094 1079 1210 1122 summa
1226 1076 1293 1118 mo-

693 1145 818 1208 ralitatis
842 1146 1003 1208 dictamina
1027 1145 1131 1222 tradit,
1155 1153 1217 1206 tum
1245 1142 1292 1204 oi-

694 1232 760 1292 lrcia
778 1249 847 1310 erga
858 1230 964 1304 Deum,
978 1248 1047 1308 erga
1058 1229 1132 1290 alios
1144 1227 1292 1301 homines,

694 1326 722 1375 et
735 1333 803 1392 erga
815 1333 846 1376 se
859 1315 976 1388 evolvit,
990 1324 1052 1376 tum
1071 1313 1186 1374 virtutis
1196 1310 1294 1374 media

694 1399 834 1476 assignat3
852 1398 883 1459 2:
907 1399 959 1461 lna
976 1405 1116 1466 araturae,
1137 1396 1216 1478 quod
1237 1395 1292 1456 ho-

695 1483 783 1544 minis
800 1482 866 1543 iura
883 1490 946 1542 turn
974 1483 1133 1556 naturalia,
1158 1490 1221 1541 tum
1240 1498 1291 1540 so-

694 1567 793 1640 cialia,
811 1567 935 1646 eiusque
954 1565 1151 1644 obligationes
1166 1584 1201 1626 ex
1216 1563 1293 1624 iuri-

696 1653 751 1712 bus
762 1651 886 1712 aliorum
903 1650 1104 1726 dimanantes,
1119 1656 1291 1730 pertractat.

736 1733 767 1797 C.
781 1736 974 1798 Mameatam.
986 1733 1179 1814 Philosophia
1193 1733 1293 1794 'Pheo-

697 1819 762 1895 logo
782 1839 841 1879 non
871 1818 966 1879 solum
995 1819 1091 1892 utilis,
1115 1818 1167 1878 sed
1190 1827 1220 1878 et
1238 1835 1293 1878 nc·

696 1905 825 1964 cessaria
835 1912 879 1964 est
891 1901 1029 1964 dicenda.
1044 1900 1106 1981 Ope
1122 1901 1201 1964 enim
1221 1897 1294 1963 Phi·

697 1987 849 2066 losophiae
867 1985 983 2048 theoria
1001 1985 1157 2048 rationalis
1175 1985 1212 2046 de
1233 1983 1294 2046 ne-

698 2072 806 2148 ligione
818 2079 847 2132 et
861 2069 1050 2131 Revelatione
1062 2077 1107 2132 est
1117 2079 1296 2130 construen-

698 2157 747 2229 da,
777 2165 809 2216 et
833 2153 1019 2234 applicanda.
1046 2151 1107 2232 Ope
1127 2153 1294 2232 regularum

698 2238 880 2314 criticarum,
897 2257 973 2318 quae
990 2239 1019 2298 in
1035 2236 1226 2316 Philosophia
1239 2246 1296 2296 tra-

699 2324 821 2398 duntur,
836 2333 896 2384 tum
911 2331 1115 2399 incramenta,
1130 2331 1190 2382 tam
1206 2322 1295 2394 lacta,

699 2427 775 2486 quae
797 2407 834 2468 ad
853 2405 1042 2484 Theologiam
1062 2414 1208 2486 spectant,
1228 2412 1297 2466 sunt

700 2491 901 2552 diiudicanda.
934 2491 969 2552 lta
997 2490 1066 2552 licet
1083 2491 1114 2550 in
1142 2489 1297 2566 Religiane

699 2576 827 2636 revelata
846 2576 937 2636 multa
951 2575 1071 2649 dentur,
1087 2593 1163 2652 quae
1181 2591 1297 2634 amen·

700 2660 819 2720 tebnita
830 2660 959 2739 perlecta
973 2657 1198 2739 comprehendi,
1211 2666 1241 2718 et
1250 2656 1298 2718 dc·

700 2743 806 2804 clarari
820 2749 989 2822 nequeunt,
1002 2743 1104 2820 negari
1118 2752 1218 2803 tamen
1238 2759 1296 2800 non

701 2835 807 2907 potest,
819 2826 1040 2906 Philosophiam
1056 2826 1091 2887 ad
1103 2826 1241 2886 veritates
1255 2842 1299 2885 re-

701 2914 810 2972 velatas
824 2920 885 2972 tum
902 2910 1092 2972 illustrandas
1103 2917 1165 2970 turn
1180 2907 1300 2969 traden-

700 2996 762 3070 das,
788 3004 849 3056 tum
870 2994 1071 3056 defendendas
1089 3011 1194 3070 magna
1213 3010 1299 3053 emo·

699 3080 832 3140 lumenta
851 3069 1009 3158 praestare.
1031 3075 1101 3138 lateo
1118 3074 1148 3138 S.
1169 3075 1298 3138 lustinus

699 3163 736 3224 M.
755 3165 801 3242 (ἓ)
821 3163 910 3224 dicit:
929 3182 944 3222 ‹
965 3162 1018 3224 Est
1035 3179 1139 3222 revera
1163 3159 1299 3223 Philoso-

701 3248 769 3328 phia
785 3247 944 3307 maximum
956 3245 1081 3322 bonum,
1096 3253 1125 3306 et
1138 3245 1298 3325 possessio,

700 3341 729 3393 et
758 3331 837 3410 apud
864 3331 957 3392 Deum
987 3329 1188 3404 venerabilis,
1222 3347 1299 3409 quae

701 3435 755 3476 uos
781 3415 818 3474 ad
841 3414 933 3476 licum
953 3413 1044 3476 ducit.
1071 3433 1086 3474 a
1110 3414 1146 3476 aa
1164 3412 1300 3476 Clemens

700 3501 782 3562 Alex.
798 3499 845 3576 (3)
861 3499 913 3558 ait:
930 3497 1147 3578 (Philosophia
1165 3497 1246 3558 utilis
1257 3506 1301 3558 est

702 3586 736 3644 ad
757 3583 909 3662 pietatem,
928 3582 1095 3644 necessario
1107 3581 1301 3662 praemitten-

702 3668 738 3726 da
754 3666 790 3727 ab
809 3667 858 3739 iis,
878 3667 928 3747 qai
948 3666 1034 3726 sidem
1056 3686 1090 3728 en
1111 3665 1301 3728 demonstra-

702 3753 782 3812 tione
801 3751 978 3830 peccipiunt.
1002 3769 1017 3810 a
1037 3749 1109 3813 Cum
1129 3767 1236 3825 magna
1252 3747 1301 3808 id·

703 3835 781 3896 circo
800 3835 972 3896 assiduitate
1000 3853 1061 3896 non
1089 3833 1229 3914 spuriae,
1249 3831 1301 3892 sed

702 3916 1301 3997 veraePhilosophiaestudioestincum·

702 4004 847 4078 bendum3
866 4021 934 4063 nam
955 4001 1035 4063 iuxta
1053 4002 1209 4084 probatum
1228 3999 1301 4059 ada·

700 4089 781 4163 gium
802 4085 993 4166 Philosophia
1011 4087 1116 4148 leviter
1139 4091 1256 4162 gustata
1285 4101 1303 4142 a

701 4171 762 4234 lteo
778 4169 920 4245 abducit,
940 4169 990 4230 sed
1015 4169 1132 4249 penitus
1160 4167 1303 4228 exhausta

701 4254 739 4314 ad
757 4253 851 4316 Deum
871 4253 997 4313 reducit.

733 4360 761 4416 {2}
779 4361 836 4406 alat.
852 4371 872 4403 c.
888 4357 974 4414 'l'rpph¹
1035 4353 1064 4410 (5)
1083 4351 1107 4396 1..
1124 4353 1146 4395 d.
1161 4352 1245 4394 strom.
