2934 4736
190 170 251 234 998

150 356 220 418 dum
240 364 297 431 est,
316 356 386 436 quid
402 355 534 419 Christus
547 374 600 436 pro
614 375 668 418 sua
681 356 751 417 inst·

149 441 213 503 nita
231 440 376 520 sapientia
396 448 425 501 et
439 440 571 503 bonitate
587 439 707 517 lecerit,
723 447 752 502 ct

150 525 331 587 ordinaverit
343 523 380 590 ad
398 523 572 602 religionem
585 543 669 586 suam
683 543 752 604 pro·
810 533 813 540 '

151 608 315 756 pagandam
334 627 369 672 ac
385 608 558 694 incorrupte
577 626 753 671 conservan-

171 712 231 757 arn.

365 820 492 868 CAPUT
515 819 541 868 Ι.

321 927 352 984 pr
367 925 435 964 eccm
450 925 586 964 scurnum.

193 1113 237 1178 Ex
258 1112 384 1176 historia
404 1118 530 1190 constat,
551 1109 639 1173 variis
656 1109 754 1190 genti-

103 1195 106 1205 '
152 1199 209 1262 bus
229 1206 258 1259 et
276 1197 394 1280 populis
417 1195 510 1256 libros
534 1196 678 1275 quosdam
703 1213 753 1258 sa-

153 1303 220 1346 cros
233 1283 293 1347 iam
310 1301 327 1344 a
342 1279 443 1341 multis
462 1277 588 1341 saeculis
606 1279 754 1359 quodam-

153 1369 242 1431 modo
263 1365 400 1446 proprios
426 1363 534 1439 luisse,
556 1364 599 1424 nti
617 1361 754 1425 Sinensi-

153 1452 210 1515 bus
225 1450 407 1528 Solio-liap,
427 1446 508 1510 ludis
523 1441 641 1524 Vadam,
657 1445 755 1510 Persis

152 1536 354 1610 Zeredauestm
378 1531 634 1594 llohammedanis
655 1531 755 1596 Korn·

153 1637 239 1696 num,
259 1616 379 1678 Indaeis
392 1616 625 1680 Pentateuclmm
644 1617 755 1678 etreli-

155 1721 228 1784 puoa
249 1701 338 1764 libros
352 1701 480 1778 antiqui,
500 1699 675 1763 Christianis
687 1718 755 1761 vero

154 1798 218 1849 tum
239 1786 302 1862 los,
323 1793 385 1846 tum
405 1785 494 1847 libros
511 1785 582 1847 noui
599 1793 756 1847 testamen·

155 1873 191 1949 ti,
209 1879 238 1932 et
256 1869 421 1951 quamlibet
438 1869 590 1930 nationem
601 1878 631 1929 et
640 1877 757 1946 gentem

156 1977 192 2020 ea
204 1954 398 2038 persuasione
416 1953 496 2028 duci,
510 1951 590 2033 quod
607 1953 639 2014 in
658 1952 703 2014 tris
719 1952 757 2012 li-

156 2041 220 2104 bris
238 2038 337 2100 divina
354 2056 370 2100 a
388 2037 449 2099 Deo
469 2037 601 2118 protecta
619 2037 641 2098 i.
659 2055 687 2098 e.
707 2054 758 2097 re-

155 2125 252 2186 velata
276 2122 381 2200 religio
405 2119 759 2200 comprehendatur.1d·

157 2211 256 2289 ipsum
274 2205 464 2267 crediderunt
478 2204 582 2268 Graeci
601 2213 631 2266 et
647 2201 759 2265 Roma-

586 190 771 238 rnuonoorau
792 191 954 239 oaunmnts

149 270 299 333 historicis
314 269 380 334 ideo
397 270 598 334 monumentis
611 272 753 350 indagan-

989 263 1196 338 aarrcunu‘sn‘

901 391 924 438 S·
938 389 1071 450 scripturae
1084 391 1149 436 aolto
1158 388 1283 436 etdlvfflo.
1346 411 1349 416 ·

1033 489 1064 558 ς.
1084 494 1157 542 nvo.

846 607 875 670 l.
897 603 927 670 S.
948 603 1118 690 Scripturae
1140 605 1261 668 nomine
1280 603 1394 670 intelli·
1427 619 1428 660 l

792 691 871 770 gitur
889 693 1025 755 collectio
1047 691 1190 752 librorum
1210 690 1322 772 quihus
1338 691 1396 750 do-

793 776 889 838 ctrina
907 775 1046 839 salutaris
1063 775 1100 838 ad
1126 773 1302 852 religionem
1325 792 1398 855 per·

794 861 893 922 tineus
910 878 965 942 per
982 868 1130 934 auctores,
1147 878 1165 920 a
1186 857 1246 932 Deo
1262 857 1399 940 inspira-

794 953 851 1022 tos,
868 945 985 1008 adiutos
998 953 1027 1007 et
1045 943 1173 1006 directos
1189 941 1276 1004 nobis
1287 941 1399 1003 tradita

793 1038 849 1092 est.

835 1113 923 1177 Nota.
944 1109 1042 1174 Variis
1061 1109 1231 1174 nominibus
1259 1107 1401 1175 collectio

794 1197 900 1258 horum
924 1195 1067 1259 librorum
1087 1195 1118 1255 in
1142 1193 1214 1276 ipsis
1236 1193 1401 1274 hagiogra-

795 1281 861 1362 phis
879 1281 998 1361 scriptis
1013 1278 1183 1357 insignitur:
1200 1277 1243 1340 sic
1259 1278 1402 1339 nomina-

795 1365 1005 1445 turScriptaru
1017 1364 1071 1426 Dei
1079 1363 1138 1441 (3),
1148 1361 1321 1441 scripturae
1329 1378 1400 1422 aare

794 1461 856 1514 ctae
868 1449 927 1530 (l),
943 1465 1044 1526 sacrae
1057 1448 1173 1512 litterae
1184 1447 1245 1528 (5),
1260 1445 1401 1510 absolute

795 1535 968 1614 Scripturuc
986 1533 1045 1612 (o).
1062 1565 1103 1578 -
1121 1529 1154 1591 ln
1169 1530 1264 1592 veteri·
1279 1528 1401 1610 praeci-

797 1637 854 1700 pue
872 1625 1046 1681 testamento
1062 1615 1131 1676 libri
1148 1615 1224 1677 sacri
1238 1632 1329 1693 saepe
1349 1631 1403 1692 ap·

797 1702 947 1785 pellantur
961 1699 1087 1780 eloquio,
1107 1699 1230 1762 oraculo
1247 1695 1313 1774 Dei,
1330 1715 1401 1760 oer-

797 1791 877 1863 bum,
909 1786 968 1860 lau,
993 1783 1150 1859 doctriua,
1180 1781 1401 1856 testimonium,

796 1872 910 1954 foedas,
924 1877 1126 1934 testamcutum
1138 1867 1192 1930 liei
1201 1863 1404 1928 etc—Com·

797 1953 881 2018 muni
900 1965 998 2017 autem
1012 1971 1046 2014 aa
1058 1951 1259 2014 ecclesiastico
1278 1969 1337 2011 usu
1352 1968 1404 2010 sa·

797 2058 914 2102 crorum
932 2038 1078 2103 librorum
1098 2034 1233 2098 collectio
1246 2052 1405 2113 nuncupa·

799 2134 846 2186 tur
864 2123 969 2205 Bilitio
977 2138 1075 2194 socru,
1096 2121 1140 2180 vel
1157 2117 1335 2200 simpliciter
1352 2133 1406 2199 per

798 2206 1034 2270 antonomasiam
1056 2204 1166 2267 Biblio.

157 2294 198 2369 ni,
209 2293 245 2353 de
269 2290 329 2352 suis
349 2298 411 2351 tum
430 2288 676 2364 divinationibus,
696 2297 759 2350 tum
841 2291 872 2352 2.
897 2291 939 2352 Ex
956 2289 1043 2352 dictis
1059 2288 1197 2366 colligere
1212 2303 1343 2366 pronum
1360 2292 1406 2346 cst

159 2386 189 2439 et
216 2375 376 2457 praecipuo
402 2373 549 2448 oraculis,
569 2391 646 2454 quae
675 2371 760 2453 quasi
799 2375 831 2436 in
847 2367 1406 2454 duaspotissimumpartesS.Scriptu-

159 2460 282 2522 totidem
301 2477 443 2538 responsa
461 2457 589 2518 Deorum
606 2464 636 2519 ct
647 2455 762 2518 divinas
800 2479 863 2521 ram
876 2457 1025 2520 distribui.
1039 2453 1125 2518 Prior
1136 2453 1407 2536 complectiturdo·

160 2543 371 2608 instructiones
396 2549 566 2604 tennerunt.
593 2574 635 2584 -
656 2539 762 2602 Libros
801 2545 926 2606 utrinam
945 2540 1106 2618 Religionis
1126 2560 1143 2600 a
1161 2538 1222 2601 Deo
1240 2538 1406 2599 revelatam

161 2638 261 2691 autem
276 2626 439 2704 Gentilium
451 2625 481 2686 in
493 2643 603 2704 genere
616 2632 644 2686 et
658 2625 767 2706 inspe-
801 2627 955 2700 Israelitis,
976 2624 1136 2705 praecipue
1153 2621 1260 2703 Moysis
1277 2630 1308 2683 et
1327 2619 1406 2682 Pro-

160 2716 207 2776 cie
224 2708 574 2786 Sinensium,lndorum,
590 2708 761 2783 Persarum,
803 2712 959 2793 phetarum
989 2709 1165 2786 ministerio;
1194 2741 1236 2754 -
1255 2705 1408 2785 posterior

160 2807 190 2860 et
208 2793 523 2858 Muhammedanorum
540 2793 640 2856 divina
659 2803 763 2854 aucto·
804 2795 968 2876 pleniorem
987 2792 1149 2869 Religionis
1167 2789 1349 2852 christianae
1364 2789 1408 2849 in-

160 2882 248 2944 citate
268 2880 439 2941 nullatenus
456 2878 568 2958 pollere
590 2895 625 2938 en
646 2873 763 2942 delectu
803 2880 987 2943 stitutionem
999 2876 1131 2951 exhibet,
1142 2873 1408 2937 traditamaClvri·

161 2968 369 3030 characterum
395 2971 456 3023 tum
475 2962 683 3036 internorum,
701 2970 763 3023 tum
804 2975 862 3040 sto,
883 2976 912 3026 et
929 2962 966 3024 ab
985 2957 1137 3041 vApostolis
1159 2968 1189 3021 ct
1209 2959 1407 3034 Evangelistis

162 3062 352 3113 externorum
372 3054 453 3125 patet
468 3045 526 3126 (l).
541 3081 582 3090 —
595 3042 689 3106 Aliter
700 3044 763 3108 dis·
804 3049 910 3110 litteris
926 3043 1108 3122 mandatam.
1132 3043 1185 3105 Illa
1202 3051 1325 3104 vocatur
1344 3043 1406 3120 lca,

163 3131 324 3212 serendum
343 3139 389 3191 est
404 3130 440 3191 de
457 3129 541 3191 libris
559 3137 622 3190 tum
640 3128 765 3192 ludaeo-
804 3142 855 3194 aut
873 3141 955 3194 vetris
977 3133 1198 3204 testamcutum,
1220 3126 1294 3188 haec
1314 3145 1407 3190 cooa-

162 3236 243 3292 rum,
262 3223 324 3276 tum
337 3212 586 3290 Christianorum,
606 3215 637 3276 in
655 3214 765 3294 quibus
803 3217 915 3297 petitam
928 3213 1049 3290 dicitur,
1061 3231 1115 3275 seu
1129 3228 1238 3274 novum
1251 3218 1408 3274 testamen-

163 3297 763 3366 veredivinaerevelationisethistoriarn
804 3311 887 3364 tum..
928 3335 931 3343 ι

165 3394 196 3448 et
212 3383 377 3445 doctrinam
394 3381 543 3443 contineri
562 3402 596 3443 ea
608 3384 763 3444 clraracte·
861 3385 891 3446 3.
913 3379 985 3448 Cum
1003 3380 1091 3445 index
1113 3378 1281 3456 librorum,
1297 3377 1408 3460 quihus

164 3469 249 3530 ribus
267 3466 394 3527 internis
412 3476 441 3528 et
460 3467 588 3528 externis
607 3466 763 3550 probatum
806 3476 866 3548 tota
881 3465 912 3530 S.
934 3463 1085 3546 Scriptura
1096 3471 1223 3540 constat,
1237 3481 1334 3526 cotton
1350 3483 1407 3525 no-

166 3562 211 3615 est
229 3549 295 3632 tib·
313 3547 408 3612 Hosce
432 3570 502 3628 ergo
525 3551 639 3629 libros,
657 3550 708 3631 qui
734 3559 766 3612 ut
806 3551 956 3627 minetur,
976 3549 1044 3612 ideo
1063 3547 1132 3613 libri
1153 3546 1183 3608 in
1203 3547 1254 3608 illo
1274 3548 1409 3609 contenti

167 3633 764 3712 tontesrevelationisconsiderandisunt,
805 3635 942 3700 cononici
953 3634 1103 3710 dicuntur,
1120 3640 1149 3694 et
1167 3631 1286 3711 quidem
1302 3640 1414 3710 protos.

167 3720 289 3804 propius
307 3729 502 3797 cognoscere,
524 3737 687 3798 eorumque
710 3739 767 3780 au·
806 3719 953 3796 cononici,
977 3719 1013 3780 de
1032 3714 1351 3798 quorum-auctoritate
1366 3715 1412 3776 di··

167 3805 336 3868 claritatem
359 3802 502 3880 divinam,
523 3821 576 3864 seu
595 3803 767 3882 inspiratio·
808 3805 876 3886 vina
895 3821 1047 3885 nauoquam
1068 3801 1099 3864 in
1125 3794 1259 3862 Ecclesia
1285 3798 1408 3861 dubita-

168 3908 254 3966 nem,
278 3906 422 3950 canonem
447 3896 476 3950 et
497 3905 583 3948 usum
602 3887 769 3950 accuratius
811 3900 872 3958 tum
889 3889 964 3963 luit,
986 3883 1300 3960 etdeuteroccoouioi,
1314 3883 1367 3964 qui
1391 3902 1409 3945 a

68 3987 69 3990 ’
169 3973 367 4036 determinare
389 3980 516 4054 oportet.

213 4155 234 4208 lt
249 4157 271 4200 s.
286 4156 304 4202 l.
315 4157 340 4201 C.
352 4155 377 4199 V.

213 4215 237 4268 2)
253 4216 313 4260 sect.
323 4213 341 4257 l.
357 4216 380 4260 c.
395 4211 414 4258 ll
429 4213 485 4258 etc.
500 4211 537 4259 li.

205 4271 235 4329 (5)
246 4271 286 4318 Er.
301 4272 337 4328 52,
353 4272 389 4316 tt.
516 4273 538 4326 tt
555 4271 619 4320 Rom.
635 4272 657 4334 l,
668 4271 692 4320 2.

202 4331 235 4390 (a,
251 4331 270 4376 ιι
285 4331 343 4374 'run
358 4330 380 4389 a,
397 4329 432 4377 ta.
516 4333 538 4388 a)
554 4331 587 4378 ro.
602 4335 623 4391 a,
634 4335 672 4378 ao.

810 3972 960 4035 nonnullis
976 3968 1112 4034 coetibus
1127 3965 1337 4029 ecclesiasticis
1354 3985 1409 4028 ceu

810 4057 901 4120 divini
912 4049 1189 4136 aliquandiuagniti
1201 4069 1259 4111 non
1274 4052 1406 4114 luerunt:

811 4141 847 4204 ad
860 4144 913 4202 tros
925 4139 1074 4221 pertinent
1088 4137 1117 4196 in
1136 4133 1171 4197 V.
1190 4132 1225 4196 Τ.
1246 4133 1333 4196 libri:
1349 4134 1408 4196 To·

810 4217 888 4301 bias,
902 4221 1012 4298 Iudith,
1028 4217 1236 4299 Estherquoad
1249 4219 1355 4280 ultima
1365 4237 1409 4280 se·

813 4318 892 4392 ptem
908 4306 1016 4388 capita3
1028 4305 1104 4368 libor
1117 4301 1298 4387 Sapientiae,
1311 4302 1411 4368 Eccle-
