2930 4736
428 201 503 249 rans
524 203 568 250 ιιι.
592 205 694 254 suerro
714 207 737 254 ιι
771 207 865 255 arear
885 204 931 254 ιιι.
1196 183 1258 251 lit)

48 281 208 346 bominum
226 277 338 358 indole,
356 277 447 342 etiam
468 300 522 364 por
543 301 656 364 paenas
698 285 732 348 a'n
751 287 838 366 sirpe
855 285 973 349 neniam
989 281 1029 346 ad
1044 297 1107 356 aas,
1122 295 1164 345 aa
1176 279 1211 344 in
1223 281 1301 348 cari·

48 383 226 452 promovere
241 372 369 446 oportet.
384 361 479 427 Sicuti
493 383 564 445 erga
579 367 656 431 banc
698 377 757 432 tate
780 379 807 434 ct
832 369 942 450 spirita
962 362 1232 436 naraoeraatotrl
1248 383 1302 447 per

49 453 86 523 ab
104 468 228 514 causam
247 449 279 510 in
298 466 479 530 quacunque
497 449 575 514 bene
602 471 654 516 er·
698 454 810 533 uirgam
837 461 957 528 autem,
975 449 1094 532 spirl'ui
1116 449 1250 514 caritatis
1271 457 1302 518 et

46 536 151 599 diuata
166 534 310 596 societate
323 551 390 596 cum
405 541 552 614 potestate
567 536 658 614 lepis·
699 536 937 602 mansuetudinis
961 532 1147 616 appositam,
1172 533 1300 610 rigerem

48 621 136 683 latira
156 626 187 682 et
205 615 364 680 iudiciaria
383 617 473 680 etiam
497 620 656 683 coercitira
698 631 728 684 et
752 639 916 703 poenarum
935 615 1299 696 ,inflictionemiatelligb

50 705 211 766 coniuncta
231 699 342 779 existit:
361 700 404 764 sic
422 709 503 764 certe
521 702 657 768 Christus
699 724 787 768 neme
807 704 967 768 dubitabit.
990 703 1071 766 Idem
1094 700 1142 782 (5)
1162 701 1199 764 de
1217 701 1301 783 Apa-

47 787 231 862 Ecclesiam,
245 793 337 867 'quam
353 785 493 848 omnibus
511 787 549 848 ad
565 789 654 850 briem
698 791 782 852 stalis
805 789 897 864 dicit,
916 787 996 870 quad
1020 784 1080 848 sint
1103 785 1138 848 in
1160 795 1302 866 prompta

48 873 146 954 ipsias
163 869 271 933 mediis
285 869 404 932 abursle
418 869 568 946 instruxit,
585 873 656 934 nul·
698 874 837 938 babentes
858 873 961 936 ulcisci
984 887 1100 934 emerem
1126 870 1301 934 inobedien-

47 955 170 1020 latenas
184 955 240 1016 hac
255 953 424 1016 necessaria
440 963 586 1036 potestate
600 957 655 1019 de·
699 959 772 1022 tiam
781 979 796 1032 ,⁴
813 964 843 1020 et
861 959 907 1037 (e)
926 957 989 1019 ait:
1012 955 1079 1018 Idm
1104 953 1174 1018 baec
1197 957 1301 1019 absens

46 1042 186 1103 stitutam
205 1056 271 1101 esse
291 1038 396 1100 soluit.
415 1037 479 1100 lma
499 1058 533 1102 er
551 1037 582 1102 S.
602 1039 656 1102 Bi·
697 1042 848 1118 comdant
862 1059 924 1104 nen
935 1056 1077 1120 praesens
1089 1039 1198 1104 durias
1213 1057 1301 1120 apem

46 1123 120 1187 bliis
138 1122 356 1204 comperimus,
375 1130 552 1203 potestatem
573 1130 657 1186 coer·
697 1129 860 1189 seeundum
886 1132 1075 1206 patestatem,
1105 1141 1194 1204 quam
1222 1124 1300 1192 dedit

47 1209 171 1272 citiram
185 1227 204 1269 a
217 1206 333 1270 Christe
349 1206 500 1288 Apostolis
517 1207 655 1272 traditam
698 1211 773 1275 mibi
790 1209 954 1276 Dominus:
974 1214 1089 1290 peterat
1105 1225 1175 1286 ergo
1190 1206 1301 1270 Paulus

47 1293 156 1357 luisse.
699 1313 759 1360 non
777 1295 873 1356 selum
892 1293 1064 1375 praedicare
1083 1299 1114 1362 et
1128 1291 1225 1354 verbis
1244 1290 1301 1357 tie·

93 1376 125 1439 l.
140 1373 275 1439 Christus
287 1373 366 1436 enim
383 1373 448 1454 ipsc
460 1373 583 1438 medum
597 1393 656 1458 pu·
699 1373 870 1459 linquentes
886 1377 1048 1456 corrigere,
1061 1375 1112 1438 scd
1129 1383 1244 1457 poterat
1256 1384 1302 1438 et·

49 1459 155 1526 aiendi
174 1458 363 1521 refractarios
380 1458 502 1536 decuit,
525 1459 596 1522 dum
619 1460 656 1522 dc
698 1463 758 1524 iam
778 1481 844 1524 cum
864 1461 929 1526 istis
946 1461 1051 1523 durius
1068 1478 1167 1538 agere,
1180 1459 1202 1522 i.
1217 1477 1245 1521 e.
1260 1460 1300 1522 il-

50 1551 211 1628 pecaatore
225 1542 304 1624 apud
319 1541 482 1609 Ecclesiam
497 1543 657 1606 denuntia·
698 1541 743 1608 la's
758 1547 876 1627 punire,
890 1545 1053 1626 etquidem
1068 1545 1228 1608 secandam
1242 1561 1300 1624 pa-

49 1638 82 1693 te
100 1627 187 1692 dicit:
206 1626 240 1691 Si
256 1627 417 1690 Ecclesiam
431 1645 493 1692 nan
511 1629 655 1707 audierit,
698 1638 839 1707 testatem,
856 1647 944 1712 quam
963 1628 990 1691 ei
1009 1647 1069 1690 nen
1086 1628 1227 1709 populus,
1240 1646 1301 1690 nan

51 1715 92 1778 sit
118 1711 175 1776 tibi
198 1712 276 1774 sicut
298 1711 445 1774 Etltnictts
467 1719 494 1774 ct
514 1713 657 1777 Publica·
698 1715 850 1797 princeps,
868 1713 921 1776 scd
938 1714 1083 1778 Dominus
1096 1713 1188 1777 dedit.

51 1815 112 1862 uns
127 1795 189 1878 (l):
206 1813 283 1876 quaa
301 1794 392 1857 narba
407 1813 443 1856 ex
461 1795 519 1857 loci
539 1805 656 1878 tempe·-
742 1799 773 1862 3.
788 1797 900 1862 Paulas
918 1805 1092 1879 patestatem
1111 1794 1299 1859 coercitiram

51 1877 342 1961 risqueadiunctis,
361 1879 392 1940 in
411 1878 520 1960 quibus
543 1883 658 1962 prelata
699 1891 767 1945 actu
785 1882 928 1958 exercuit,
948 1881 1116 1962 etquidem
1136 1880 1225 1942 made
1239 1897 1302 1940 rer·

53 1966 190 2039 luerunt,
206 1963 294 2025 facila
311 1963 529 2040 intelliguntur.
548 1962 657 2028 Netum
698 1966 744 2030 bis
761 1965 869 2030 Christi
887 1966 935 2046 (l)
955 1974 1168 2027 censentanea.
1188 1963 1230 2026 Dc
1247 1963 1302 2024 lla·

52 2048 134 2112 enim
162 2054 226 2125 est,
249 2045 376 2110 ludaeos
400 2065 418 2108 a
441 2049 657 2112 consuetudine
697 2051 803 2130 gitiase
822 2047 1074 2114 enimsderiatlria
1092 2047 1215 2110 scribit:
1238 2048 1300 2128 Epo

51 2132 271 2206 Etbuiooram,
299 2131 376 2212 quos*
400 2132 541 2212 prolanm
568 2142 658 2214 puta·
698 2136 816 2214 auidam
833 2137 934 2198 absens
948 2122 1080 2214 cei'p‘ere,
1093 2149 1233 2213 praesens
1246 2148 1301 2193 aa·

53 2217 140 2289 bant,
151 2225 181 2280 et
193 2213 439 2293 Publicaaorum,
449 2234 524 2296 quos
536 2235 659 2296 magnos
699 2229 756 2283 tem
768 2221 891 2300 spiritu,
902 2221 963 2284 iam
974 2217 1105 2282 indicaui
1119 2224 1152 2280 ot
1160 2232 1302 2297 praesens

53 2309 227 2383 peccatores
251 2298 431 2377 credebaut,
452 2299 657 2380 abhorruisse3
699 2322 778 2380 mm,
795 2305 847 2385 qai
860 2305 904 2367 sic
917 2311 1054 2382 meratus
1067 2309 1121 2378 cst,
1133 2302 1167 2364 in
1180 2299 1302 2364 nemine

54 2394 117 2447 turn
138 2401 210 2446 rere
229 2381 407 2459 formulam,
427 2385 535 2464 ubsque
556 2385 659 2465 Sana·
701 2389 737 2452 D.
757 2389 797 2452 Ν.
817 2390 843 2451 l.
865 2388 990 2466 Gbristi,
1005 2386 1193 2468 ceaprepetis
1207 2384 1300 2460 eadm,

53 2487 131 2552 pepe
143 2467 213 2550 ficri
226 2466 285 2547 (ἓ),
298 2468 375 2548 apud
391 2485 443 2530 eos
457 2469 659 2534 exclusionem
699 2481 727 2536 et
748 2490 812 2535 mee
833 2473 943 2552 spiritu
966 2489 1033 2536 cum
1054 2473 1165 2535 uirtute
1178 2467 1303 2536 Domini

54 2572 72 2615 a
96 2551 311 2616 communione
337 2550 416 2614 cirili
443 2560 472 2614 et
500 2553 658 2632 religiosa,
699 2557 798 2620 nostri
814 2557 899 2634 lesa,
919 2557 1037 2621 tradere
1055 2554 1224 2620 huiusmodi
1243 2552 1302 2616 Sa-

55 2655 132 2718 quae
147 2654 202 2716 per
214 2634 457 2698 constitutionem
470 2633 577 2718 Moysis
589 2656 660 2699 can·
701 2647 788 2704 tanae
803 2641 839 2703 in
855 2641 1011 2704 interitum
1028 2639 1142 2713 carnis,
1158 2644 1192 2701 ut
1208 2635 1302 2715 spiri-

53 2719 158 2782 iuncta
176 2725 251 2795 erat,
270 2718 465 2799 signillcasse.
490 2719 566 2782 Duru
590 2739 660 2801 erge
701 2725 866 2788 tus'saiens
881 2725 919 2786 sit
936 2725 969 2786 in
986 2724 1035 2789 die
1050 2725 1089 2791 D.
1107 2722 1147 2788 Ν.
1165 2721 1191 2784 Ι.
1210 2718 1302 2784 Ciri-

54 2803 194 2868 caristus
217 2821 307 2880 eum,
334 2803 386 2883 qui
413 2804 577 2867 Ecclesiam
599 2823 661 2868 nan
700 2805 743 2871 sti
759 2809 819 2888 (8).
840 2805 976 2872 Occurrit
994 2807 1044 2870 bia
1062 2805 1181 2887 publica
1198 2812 1228 2865 et
1250 2820 1302 2863 sa-

54 2888 154 2966 audit,
170 2905 224 2968 pre
239 2887 365 2949 Etbnica
382 2895 413 2950 et
430 2887 594 2951 Publiusne
610 2889 662 2951 ba·
701 2892 809 2955 lemnis
832 2892 1100 2954 excommunicatio
1125 2888 1155 2950 in
1179 2885 1303 2948 nemina

54 2970 189 3034 bendum
207 2989 273 3034 esse
294 2970 386 3048 dicit,
404 2972 507 3052 eoipso
531 2973 659 3036 eundern
701 2976 826 3053 Christi,
851 2985 881 3038 et
906 2974 1083 3038 auctoritate
1106 2972 1205 3036 diuina
1229 2970 1300 3032 lata.

54 3065 205 3119 extorrem
227 3074 245 3116 a
265 3055 407 3119 socictate
432 3056 583 3119 Ecclesiae
605 3057 661 3120 de·
705 3062 796 3129 troas·
813 3061 893 3124 enim
912 3061 1041 3124 Satanas
1055 3055 1131 3119 nihil
1149 3053 1230 3124 aliud
1244 3061 1302 3130 est,

55 3140 255 3217 clarat,-et
266 3139 417 3202 Ecclesiae
429 3158 503 3202 suae
518 3140 660 3216 similem,
701 3165 791 3228 quarn
809 3145 847 3208 ab
866 3141 1017 3207 Ecclesiae
1039 3141 1182 3204 societate
1199 3156 1301 3216 segre-

55 3241 148 3306 quam
168 3220 321 3304 Spnagega
343 3223 467 3308 babuit,-
484 3233 660 3306 potestatem
701 3231 778 3309 gari,
798 3237 827 3290 et
845 3227 978 3290 eiusdem
997 3225 1097 3301 benis,
1114 3223 1253 3305 precibus
1266 3222 1304 3284 li-

57 3306 336 3372 excommunicandi
361 3308 489 3387 tribuit:
508 3328 586 3392 quae
608 3327 661 3373 ex·
702 3314 826 3389 delium,
843 3310 1043 3375 Sacramentis
1055 3318 1112 3371 eta.
1128 3308 1169 3369 ita
1181 3305 1303 3388 privari,

56 3391 304 3468 communicatio,
323 3391 393 3455 dum
417 3392 537 3474 publico
556 3402 662 3458 aucte·
702 3407 736 3462 ut
752 3397 853 3460 anima
870 3403 900 3458 et
922 3410 1031 3476 carpus
1053 3393 1193 3476 potestati
1216 3388 1304 3454 Sata-

55 3475 205 3553 ritatelit,
222 3477 380 3538 etennetis
397 3475 549 3540 Ecclesiae
561 3477 660 3553 boais,
699 3500 760 3562 ¹rrae
784 3481 1003 3561 relinquantur.
1023 3477 1156 3542 Eandem
1183 3493 1304 3538 ercam·

57 3559 191 3623 maximo
207 3559 319 3622 honere
335 3559 494 3638 habendis,
508 3562 615 3644 privat,
628 3582 664 3625 u·
704 3566 937 3628 manicationem
953 3562 1063 3626 Paulus
1081 3561 1149 3624 tulit
1167 3559 1256 3622 etiam
1273 3557 1304 3621 ia

57 3645 144 3726 tique
157 3643 331 3721 gravissima
351 3663 446 3726 paena
464 3655 520 3719 est.
695 3650 904 3732 ¹Hymenaeum
924 3656 954 3710 et
966 3647 1180 3720 Alexandrum,
1195 3644 1245 3723 qui
1258 3659 1306 3702 er·

99 3728 133 3791 E.
154 3727 283 3804 Paulus,
304 3729 355 3808 qui
375 3747 478 3809 parem
497 3747 565 3793 cam
591 3748 662 3794 css·
704 3752 786 3796 raras
814 3733 883 3795 fidei
916 3732 1068 3814 oppositas
1099 3728 1302 3810 spargebant:

57 3813 133 3876 teris
149 3812 299 3893 Apostolis
317 3820 493 3892 patestatem
511 3835 528 3876 a
545 3813 662 3878 Christo
705 3837 772 3881 nam
789 3818 836 3898 (9)
852 3817 1042 3880 commendat
1055 3817 1142 3897 fidem
1156 3821 1182 3874 ct
1199 3811 1307 3874 denam

56 3896 192 3959 obtinuit
210 3895 271 3976 (3),
290 3913 322 3958 se
341 3904 487 3979 potestate
505 3899 664 3960 coercitiva
704 3902 932 3978 censcientiam,
951 3918 1040 3981 qaam
1066 3899 1186 3978 paridam
1209 3891 1305 3970 rapal-

56 3979 241 4042 iostructum
266 3997 350 4056 esse,
369 3981 488 4061 publice
514 3983 665 4063 protessus
705 3988 796 4050 tentes
818 3987 898 4050 circa
921 3987 1008 4069 fidem
1035 3981 1304 4062 nerrsrapacerrmt,

58 4073 119 4128 est.
142 4062 216 4126 Nam
237 4063 286 4145 (l)
304 4064 430 4130 scribit:
452 4065 666 4170 Quidgaitis?
705 4089 744 4136 aa
757 4071 863 4152 dailos
876 4079 917 4134 cst
929 4072 1118 4152 Hymenaeus
1131 4071 1158 4125 et
1175 4061 1308 4126 Alcame-

89 4221 122 4279 ιιι
139 4223 218 4270 nora.
234 4221 325 4284 rr,.rr.
739 4224 771 4288 (st
781 4225 800 4272 ιι
811 4227 866 4274 aaa·
876 4225 913 4286 ro,
923 4227 946 4272 a.
1035 4221 1065 4280 ror
1082 4221 1100 4267 ιι
1115 4223 1168 4266 aar.
1184 4218 1222 4294 ⁴⁸:
1236 4217 1270 4261 ro.

88 4281 396 4344 (arremarenses
420 4282 595 4344 sa,ara,ar.
671 4333 673 4336 ,
738 4285 976 4344 (ainamma.
1037 4279 1279 4339 errassemus

90 4343 125 4403 aar
140 4343 189 4390 aar.
200 4343 226 4405 r,
239 4341 262 4390 ι.
321 4385 325 4392 ,
353 4385 357 4392 ,
380 4317 451 4398 ,latr
466 4345 552 4408 coar,
564 4344 623 4394 ar:
738 4347 771 4407 aa)
787 4347 866 4394 rrrm.
878 4345 902 4404 r,
916 4343 945 4390 ra
960 4343 1004 4393 err·
