2918 4734
202 157 256 224 '80
588 170 773 218 momine
792 169 955 216 murs

172 246 772 334 perficientem—Sionimaenrtatirade
810 248 836 310 si
855 249 939 310 ratde
955 245 1079 310 dubium
1098 246 1154 322 sit,
1170 266 1207 310 an
1226 245 1307 310 rires
1333 253 1448 316 sulli-

172 333 389 399 intentioaibus
405 334 555 396 actionum
573 333 772 396 humanarum
810 333 923 394 cientes
944 333 982 392 ad
1002 332 1113 393 laetum
1131 332 1376 414 producendum
1401 357 1448 399 e-

173 437 210 482 es
231 419 382 500 agentiarm
407 418 643 493 mentatione,
665 419 711 478 rel
735 437 772 478 er
809 417 929 477 sistam.
945 415 1078 494 lindum
1092 413 1129 477 de
1144 415 1299 478 miraculis
1312 435 1448 484 sermo

172 501 404 566 circumstantiis
416 511 529 566 certum
545 502 689 564 iudicinrn
701 501 773 564 lerri
811 508 867 575 est,
887 500 936 575 id,
956 499 1036 582 quod
1052 499 1138 562 deest
1154 498 1265 562 viribus
1285 512 1448 567 natura-

173 595 282 668 potet,
300 605 393 669 quare
410 586 488 648 idean
505 586 571 648 deri
587 605 647 648 non
663 586 773 666 poterit
812 583 907 661 libus,
926 583 1045 646 abundo
1065 584 1221 665 suppletur
1239 602 1294 664 per
1311 590 1448 650 omni-

172 671 208 733 de
223 671 388 734 intentione
404 669 541 732 miraculi
555 669 675 751 patrati,
689 687 773 750 prae-
811 669 973 748 potentiam
990 667 1056 740 liei,
1071 669 1120 730 oui
1138 667 1247 730 lactura
1261 667 1448 734 adscribi-

172 755 261 837 oipue
281 755 306 816 si
329 754 397 826 ille,
418 772 472 835 per
486 771 575 834 quern
594 753 772 816 miraculum
812 750 1056 814 tun-Demurn
1069 752 1229 814 ridiculum
1241 753 1444 834 estdicere,

172 839 223 916 dt,
245 837 441 902 intentionem
467 855 553 898 suam
571 837 658 898 elaris
675 837 774 900 verbis
811 845 918 898 eontra
937 855 1028 898 unum
1048 835 1184 898 miraculi
1202 844 1311 897 testem
1335 840 1446 904 mille

172 923 367 1003 pronuntiet,
384 921 435 1002 qui
454 923 520 982 sine
537 921 629 982 dubio
643 920 682 982 ab
696 939 772 984 con-
810 920 975 998 insurgere:
997 919 1026 981 lri
1046 920 1141 996 enirn,
1155 919 1206 1000 qui
1223 919 1305 982 lacto
1323 943 1443 1002 prae·

171 1024 290 1068 curura]
310 1005 443 1068 diuinum
461 1023 580 1067 omnem
599 1005 685 1066 lidum
706 1025 773 1068 me·
810 1013 909 1070 santes
923 1024 982 1066 non
1000 1004 1132 1078 luerunt,
1145 1015 1269 1085 possunt
1289 1008 1440 1086 quidem

155 1089 333 1152 ravarl—
350 1089 507 1152 Manifesta
529 1098 574 1150 est
592 1109 662 1168 ergo
680 1091 771 1152 etiam
810 1107 877 1150 rum
897 1088 949 1149 illo
967 1090 1060 1168 tegern
1079 1088 1259 1150 ordinariam
1284 1101 1443 1158 naturae

171 1173 335 1238 subiectira
348 1173 557 1236 miraculorum
576 1173 769 1255 passibilitas,
810 1173 969 1247 affirmare,
984 1173 1035 1232 scd
1054 1191 1113 1234 uon
1131 1180 1235 1234 contra
1250 1173 1346 1236 illum
1371 1196 1441 1240 ex-

171 1277 248 1338 esae
267 1265 366 1320 temen
386 1258 475 1320 variis
494 1257 588 1320 modis
612 1258 651 1320 ab
668 1258 771 1322 inere·
809 1256 977 1338 ceptionem
996 1256 1102 1318 laetam
1121 1258 1356 1334 nepare;·alias
1377 1262 1440 1324 di-

171 1341 252 1404 dulis
267 1341 436 1422 impugnari
455 1342 541 1404 solet.
810 1341 936 1402 cendum
949 1340 1035 1416 toret,
1052 1339 1220 1402 testimonia
1233 1359 1349 1404 eorurn
1373 1347 1440 1426 qui

215 1425 279 1492 Oltt'.
295 1427 323 1485 l.
338 1425 379 1487 De
392 1425 513 1488 veritate
528 1425 663 1488 miraculi
678 1425 771 1489 histo·
810 1432 900 1486 totam
921 1443 984 1486 reru
1004 1424 1158 1500 ignorant,
1172 1425 1291 1501 valere,
1313 1435 1353 1488 et
1374 1430 1439 1490 lu-

172 1509 232 1572 rioa
255 1528 407 1590 nunquam
426 1510 581 1572 tertiasse
599 1529 767 1590 possumus.
809 1527 870 1570 rem
886 1507 1098 1570 absolvendum
1114 1526 1290 1589 esse,quem
1306 1517 1381 1576 tres
1398 1513 1438 1576 in

173 1593 300 1656 Facilius
314 1593 393 1656 enirn
413 1602 470 1670 est,
488 1593 569 1656 mille
584 1601 672 1656 testes
684 1613 770 1656 erra-
809 1601 876 1654 actu
893 1592 1164 1674 deprehenderunt,
1180 1593 1231 1654 sed
1247 1594 1335 1656 mille
1359 1616 1437 1660 non

172 1695 219 1753 re,
229 1685 281 1739 ant
293 1677 442 1759 decipere,
457 1697 546 1759 quam
565 1678 677 1740 lectuna
695 1679 770 1756 legi-
809 1676 945 1738 viderunt
960 1676 1019 1756 (l).

172 1760 229 1822 bus
239 1770 362 1824 naturae
376 1779 545 1843 repugnans
559 1761 697 1824 existere-r
711 1763 772 1843 pri·
852 1761 917 1825 Odi.
943 1761 973 1822 ἓ.
997 1759 1054 1821 Per
1076 1758 1219 1822 iudicium
1237 1762 1434 1840 negativum

172 1863 252 1906 mum
272 1845 424 1908 moraliter
439 1854 551 1908 tantum
571 1845 769 1926 impossibile,
810 1864 968 1925 possumus
985 1844 1105 1926 quidam
1122 1845 1323 1916 determinare
1340 1851 1435 1928 quid

170 1935 200 1990 et
210 1927 410 2010 experientiae
420 1930 769 2012 corrsohnum3seeundum
810 1947 917 1991 causae
928 1929 1077 1992 naturales
1091 1926 1177 1990 nobis
1191 1939 1277 1990 notae
1291 1931 1434 1996 efficere

171 2031 240 2076 rena
246 2013 365 2094 physice
376 2013 572 2094 impossibile,
580 2021 610 2074 et
619 2015 773 2096 experiere
810 2031 869 2074 nou
884 2013 1010 2094 possint;
1026 2013 1076 2073 sed
1094 2011 1163 2074 ideo
1177 2012 1322 2074 nonlicet
1337 2034 1434 2078 con-

172 2096 230 2158 liae
252 2097 435 2172 eontrarium
454 2105 510 2158 est.
531 2096 563 2160 ln
584 2098 665 2159 omni
683 2117 770 2179 porro
810 2097 929 2158 cludere
947 2098 983 2158 ad
1002 2097 1261 2160 extraordinariam
1280 2101 1434 2162 causali·

171 2180 315 2244 miraculo
333 2191 542 2244 cantraunnm
562 2189 666 2244 testem
691 2182 770 2246 mille
812 2189 900 2242 tatem
918 2181 1071 2258 diuinam3
1091 2182 1216 2243 existere
1236 2181 1316 2242 enim
1340 2201 1433 2263 pos-

171 2263 344 2343 insurpnnn
357 2266 400 2328 sio
415 2283 443 2327 e.
457 2285 485 2343 ι.
498 2266 522 2326 si
538 2284 619 2326 unus
634 2275 769 2345 testetur,
810 2273 880 2326 sunt
896 2284 1015 2340 causae,
1031 2284 1082 2326 seu
1099 2267 1176 2326 uires
1191 2266 1347 2328 naturales
1365 2287 1433 2330 no·

171 2357 320 2410 mortuum
343 2349 551 2412 resuscitatum
570 2349 680 2428 luisse,
700 2352 770 2416 aad·
812 2349 857 2410 bis
873 2348 1003 2426 ignotae,
1022 2369 1098 2429 quae
1116 2350 1263 2410 sufficiant
1275 2350 1313 2410 ad
1334 2353 1433 2414 ell'e·

171 2431 230 2494 leni
250 2439 339 2494 testes
358 2433 515 2510 affirmant,
534 2444 667 2496 mortuos
678 2435 717 2496 ad
728 2435 771 2496 ri·
810 2444 887 2494 ctum
902 2433 1010 2494 mirum
1025 2433 1259 2511 producendum:
1272 2451 1348 2494 casn
1367 2455 1433 2498 au-

172 2529 229 2578 tam
248 2515 325 2578 haud
342 2517 450 2580 redire.
811 2526 867 2578 tem
887 2518 1056 2594 contingere
1072 2526 1181 2597 potest,
1193 2525 1226 2576 ut
1238 2517 1307 2596 quis
1320 2521 1432 2582 rerba

210 2600 297 2680 Resp.
318 2597 437 2664 Certum
455 2610 517 2679 est,
530 2602 676 2665 miracuta
689 2601 771 2664 oiie·
809 2611 1009 2662 consentanea
1026 2603 1167 2681 proterat,
1185 2602 1285 2662 duma
1301 2613 1432 2667 natura

170 2678 244 2746 ctire
264 2685 416 2766 possibilia
435 2705 518 2763 esse,
534 2687 613 2767 quod
632 2688 770 2748 annuitis
809 2684 975 2766 prodigium
995 2685 1157 2766 perficitur.

170 2769 468 2850 quoqueiacredulis
486 2788 545 2831 non
564 2781 697 2848 negatur.
714 2770 769 2832 Fa·
849 2770 935 2849 timp.
956 2769 987 2849 a)
1005 2767 1089 2830 Vires
1111 2770 1185 2830 istro
1209 2768 1302 2832 nobis·
1322 2767 1430 2834 inco·

170 2858 216 2926 eta
233 2869 303 2932 orgo
322 2853 495 2930 sensibilia,
515 2853 629 2932 legibus
647 2865 769 2916 naturae
808 2854 925 2931 gaitae,
949 2853 1058 2934 quibas
1082 2853 1120 2914 alr
1143 2852 1324 2916 adversariis
1343 2859 1429 2919 miri

132 2941 135 2948 ’
169 2937 378 3017 repugnantia,
395 2937 628 3000 extraordinaria
648 2939 769 3000 modoa
808 2937 1215 3012 ellectusudscriiruntur,vel
1228 2953 1353 3017 semper
1367 2943 1430 3002 ad-

168 3015 228 3082 llea
248 3021 452 3102 omnipotente
468 3021 611 3102 producta
626 3041 693 3084 rere
708 3023 769 3084 erri-
807 3030 877 3082 sunt
895 3021 924 3082 in
944 3031 1066 3096 nutura,
1082 3021 1126 3081 vel
1146 3039 1218 3092 noa.
1238 3019 1268 3081 Si
1289 3039 1430 3103 semper

169 3110 388 3185 sternpossunt.
398 3104 767 3186 Neqrreimpmtabdcasa,
807 3104 927 3180 adstant,
942 3124 1010 3182 ergo
1025 3105 1106 3166 iuxta
1121 3105 1200 3183 leges
1214 3113 1342 3166 naturae
1360 3127 1427 3187 pa-

170 3187 240 3248 talia
258 3188 334 3250 laeta
353 3189 490 3265 asistere,
510 3191 579 3271 quia
601 3188 700 3252 divina
717 3209 767 3253 re·
809 3188 970 3266 tholegieas
986 3207 1092 3266 agere,
1111 3197 1140 3249 et
1165 3189 1197 3248 iu
1219 3189 1325 3250 iisdem
1351 3193 1427 3254 oir-

171 3269 315 3333 relatione
338 3272 521 3350 indigemus,
541 3292 617 3354 qnae
638 3292 691 3355 per
709 3275 768 3335 rni-
808 3273 996 3334 cumstantiis
1012 3272 1131 3334 eosdem
1150 3273 1274 3334 edoctus
1292 3276 1427 3352 produ·

171 3353 273 3416 nacula
286 3354 372 3418 nabis
385 3357 580 3419 demonstrari
593 3357 692 3421 delict.
705 3358 768 3421 Non
808 3375 874 3418 cero
892 3357 1046 3432 deberent,
1064 3365 1093 3418 et
1112 3354 1167 3417 irae
1182 3356 1219 3416 de
1236 3374 1327 3418 causa
1344 3370 1427 3438 post

170 3433 239 3500 lieet
258 3457 327 3516 ergo
346 3441 479 3520 apriort'
499 3441 599 3502 omnia
622 3443 658 3504 de
677 3443 768 3505 mira·
810 3449 852 3502 tot
875 3458 974 3502 rerum
995 3441 1173 3502 naturalium
1194 3443 1424 3520 perscrutatio-

171 3520 237 3582 cnlo
248 3531 361 3602 patrato
374 3524 542 3588 testimonia
555 3525 770 3607 reiicere,quia
810 3543 862 3586 nus
876 3525 921 3586 rix
939 3524 1056 3601 ignotae
1075 3542 1196 3585 manere
1211 3533 1346 3603 possent,
1365 3539 1428 3590 aut

170 3603 286 3669 veritati
310 3625 441 3670 consona
464 3626 529 3670 esso
551 3619 695 3688 possunt,
717 3610 767 3672 sed
808 3617 888 3670 certe
903 3609 981 3670 notis
996 3619 1119 3672 naturae
1132 3607 1246 3685 legibus
1260 3626 1277 3668 a
1291 3608 1428 3687 sapien·

170 3695 261 3752 testes
284 3690 455 3754 exauriuare
480 3700 615 3773 oportet,
636 3702 667 3755 et
686 3693 712 3756 si
734 3705 772 3756 cx·
810 3692 923 3754 lissima
939 3689 1263 3756 Creatoreconstitutis
1281 3708 1343 3752 nou
1363 3712 1427 3756 rc·

171 3771 272 3838 critica
294 3772 488 3856 inquisitione
512 3785 670 3855 appareat,
690 3778 769 3858 ipsos
809 3785 985 3857 pugnarent,
1006 3795 1035 3838 a.
1053 3795 1083 3853 ιι.
1108 3776 1165 3854 legi
1190 3773 1425 3855 continuitatis,

168 3857 322 3920 ueritatem
335 3867 364 3922 at
375 3857 451 3922 scire
463 3858 614 3935 debuisse,
625 3868 655 3922 et
669 3860 768 3924 dicore
809 3861 1009 3940 parsimoniae
1026 3869 1084 3922 etc.
1105 3893 1144 3905 --
1164 3855 1193 3920 Si
1212 3861 1428 3926 autern'rires

170 3941 311 4019 voluisse,
329 3941 393 4024 ipsa
411 3943 485 4005 ratio
504 3943 590 4006 adem
610 3945 668 4005 illis
680 3963 767 4026 prae·
810 3945 864 4004 liae
882 3944 1015 4006 occultae
1037 3962 1096 4005 non
1115 3960 1236 4024 seraper
1253 3942 1282 4002 in
1303 3953 1425 4008 natura

170 4033 248 4088 sture
263 4025 356 4090 iubet.
370 4026 514 4090 -Pnrro
527 4027 647 4109 plrpsica
660 4027 770 4107 impos·
808 4028 927 4101 adsunt,
946 4046 1015 4104 ergo
1036 4046 1087 4106 pro
1106 4026 1194 4088 certis
1212 4025 1333 4088 casibus
1354 4047 1423 4091 na·

144 4129 150 4146 .
171 4106 297 4173 sibilitas
310 4111 391 4172 nullo
403 4111 489 4174 modo
502 4119 613 4192 pugnat
628 4129 694 4172 cunr
708 4130 769 4174 cer·
809 4119 892 4172 turae
911 4111 1005 4172 trilrui.
1020 4130 1079 4173 non
1094 4118 1217 4191 possunt
1232 4109 1288 4170 nisi
1304 4109 1343 4170 ulr
1363 4132 1427 4176 au·

173 4189 298 4256 titudine
325 4194 465 4257 historica
486 4195 575 4269 lnoti;
601 4203 671 4255 tune
688 4195 766 4254 enim
807 4203 894 4260 olore.
907 4205 938 4256 et
954 4195 1076 4256 domino
1099 4205 1236 4270 araturae,
1255 4194 1305 4274 qni
1327 4197 1427 4260 soluts

167 4278 268 4362 ,sollum
292 4277 400 4342 satltttll
426 4277 603 4341 incredibile
624 4277 767 4354 l‘t‘tt'dllttr,
838 4299 870 4358 ιιι
885 4302 958 4359 ιιιιιιἱ
973 4303 990 4350 ι
1006 4303 1035 4349 ιι,
1050 4299 1072 4362 ι,
1086 4302 1194 4348 ruam

1431 4379 1437 4412 t
