2930 4736
430 266 504 312 rnna
520 267 564 314 ιιι.
582 267 684 314 succro
697 270 731 315 ιι.
745 269 841 318 curun
856 269 897 317 ιι.
1176 250 1234 312 tut
1262 265 1264 269 ·

41 351 141 426 culta,
156 356 188 410 ct
205 341 363 417 inuisibilis
378 347 501 410 nonnisi
518 347 646 430 ineptis*
686 351 760 413 Ecce
780 351 838 428 iic,
864 357 917 430 mit
941 365 1002 412 cooc
1014 347 1086 411 illio.
1107 347 1182 410 Ecce
1201 346 1278 408 caim

37 435 126 498 simo
137 429 307 512 comparari
322 439 436 510 nosset.
687 451 812 514 ieonum
828 435 883 498 liei
894 435 976 497 intre
992 450 1043 495 occ
1059 439 1100 494 cst
1114 431 1174 511 (3);
1191 449 1279 508 nega·

90 519 125 580 c.
144 511 310 580 lt'isibilitas
321 513 471 576 Ecclesiae
485 514 575 578 etiam
589 516 649 578 cla·
687 526 737 578 tur
750 537 834 596 ergo,
848 517 1009 580 Ecclesiam
1026 514 1182 576 visibiliter
1195 515 1280 576 advc·

42 597 388 680 riosimepnoponituva
406 597 498 660 Paulo
513 599 582 662 dum
599 592 647 680 (li
689 601 764 678 nire,
785 611 815 665 et
842 619 978 683 expresse
999 599 1125 674 dicitur,
1155 615 1278 676 regnum

1 762 5 769 ‚
42 685 166 750 scribit:
186 684 268 747 Siout
282 682 320 744 cic
340 699 401 745 utto
414 700 534 762 ammom
553 685 648 748 motio
688 684 740 748 Dei
759 686 790 748 in
806 683 1105 762 nobisosse,scilicct
1122 681 1277 765 perfidem

43 767 647 842 monbrcbcbcrmtcmmoicoutcmmcm·
688 778 716 831 et
734 770 898 832 ceritatem.

42 853 102 918 bro
120 871 181 914 oco
199 851 325 914 neodem
341 857 438 914 actum
462 851 588 926 bulanu
604 855 646 916 itu
728 855 813 934 Rccp.
834 853 877 917 Ex
895 853 952 916 bac
979 848 1060 914 citati
1085 847 1142 912 loci
1160 846 1278 928 exposi-

17 941 21 994 ἱ
43 937 138 1000 multi
153 953 247 998 uuum
266 952 370 1014 corpvs
382 952 485 998 comcs
501 937 535 999 in
554 937 645 1001 ctrt-
687 937 767 1000 tione
784 957 922 1017 magnum
945 935 1107 999 absurdum
1132 931 1276 1014 sequitur.

42 1030 117 1096 stc,
147 1019 262 1100 stante
292 1027 391 1082 cotom
419 1019 497 1082 ulter
523 1021 646 1087 cltcov'us
686 1019 782 1084 Verba
808 1022 888 1084 enim
911 1020 1019 1085 Christi
1044 1019 1080 1080 ad
1105 1017 1279 1106 Pharisaeos

43 1105 192 1166 membra.
204 1101 452 1183 ltaque'licclesin
472 1122 529 1164 oon
549 1107 643 1172 solum
686 1105 798 1168 directa
815 1115 895 1184 sunt.;
917 1105 999 1168 bisce
1017 1121 1099 1181 ergo,
1112 1101 1162 1182 qui
1179 1101 1279 1162 necll-

43 1189 170 1268 corpcri
189 1186 298 1248 visibili
309 1195 511 1267 comparatur,
525 1189 578 1250 scd
591 1209 643 1250 ex·
685 1189 751 1251 dem
765 1190 794 1252 in
810 1189 971 1266 Christum,
983 1206 1038 1250 nec
1055 1186 1207 1247 caritatem
1227 1183 1278 1245 ha·

44 1290 154 1353 prosse
166 1271 253 1332 etiam
266 1271 402 1346 docetur,
424 1270 453 1332 in
467 1271 522 1332 boc
541 1291 645 1353 corpo·
687 1273 826 1350 buerunt,
845 1273 978 1336 Christus
995 1270 1129 1334 dixisset:
1142 1267 1277 1347 Regnum

42 1375 79 1416 re
97 1355 179 1416 varia
190 1353 322 1416 membra
333 1353 447 1430 adessa,
459 1373 537 1438 quac
550 1357 645 1419 varios
685 1357 749 1432 liei,
769 1358 790 1419 i.
806 1376 833 1419 c.
851 1356 983 1419 Ecclesia
998 1373 1062 1418 mea
1077 1354 1108 1416 in
1126 1352 1209 1415 vobis
1219 1360 1274 1413 cst.

46 1448 138 1500 nctus
156 1437 278 1501 babent.
297 1435 375 1500 llaec
399 1448 497 1500 autem
517 1441 643 1520 apertis·
685 1441 725 1502 Ex
740 1441 888 1504 adiunctis
909 1449 988 1502 tecte
1007 1438 1095 1502 buius
1111 1437 1169 1500 loci
1186 1436 1277 1499 inter·

43 1523 124 1584 sime
139 1522 292 1586 ,Ecclesiae
318 1519 460 1584 invisibili
482 1541 643 1604 opponun-
685 1525 810 1606 pictatio
836 1524 982 1589 inuritur.
1013 1521 1162 1585 Pharisaei
1177 1519 1275 1596 enim,

42 1616 110 1683 tur,
121 1605 155 1666 in
170 1625 229 1683 qua
247 1604 348 1667 omnia
363 1605 498 1667 membre
515 1609 641 1671 cundem
685 1609 736 1690 qui
754 1608 887 1671 llcssicm
908 1617 940 1670 ut
956 1625 1053 1686 regem
1069 1604 1274 1686 temporalem,

46 1700 165 1765 actum,
181 1690 202 1750 i.
218 1707 247 1751 e.
264 1697 375 1754 recte-m
401 1690 488 1752 fidem
508 1700 537 1754 ct
565 1693 643 1754 cavi-
684 1702 714 1754 ct
736 1694 820 1756 valde
838 1692 1026 1770 magnificum
1053 1688 1274 1769 exspectabant,
1296 1749 1303 1770 ,

45 1782 141 1834 tntcm
158 1772 283 1835 ‘babenb
301 1806 336 1821 --
358 1772 513 1836 Praeterea
534 1774 643 1838 Paulus
684 1775 830 1838 Christum
847 1777 1074 1852 interrogarunt:
1094 1773 1219 1848 (lucodo
1231 1775 1277 1834 cd-

45 1856 179 1918 inculcat
192 1875 251 1918 non
268 1857 363 1918 solnm
383 1857 526 1926 unitatem
549 1859 643 1923 inter·
683 1862 729 1924 cit
747 1879 871 1942 reanum
892 1861 970 1923 lici?
983 1893 1023 1912 ψ-
1038 1868 1067 1920 et
1081 1856 1213 1920 Christus
1231 1875 1276 1916 ro-

46 1959 132 2016 nam,
153 1959 229 2022 quac
253 1940 283 2001 in
302 1949 382 2002 recta
400 1941 502 2004 scilcet
521 1943 644 2006 caritate
686 1946 926 2028 posuit,vegnum
942 1942 995 2006 liei
1013 1961 1066 2023 per
1082 1940 1214 2003 Messian
1231 1939 1276 2000 in-

44 2024 198 2098 consistit‚
216 2024 268 2085 sed
285 2023 374 2086 ctiam
393 2025 535 2089 unitatem
551 2037 644 2090 exter·
683 2029 863 2091 stitucnduvn
891 2047 950 2089 non
976 2026 1115 2088 advenire
1141 2042 1208 2084 cum
1231 2023 1275 2083 si-

44 2126 129 2182 nam,
144 2116 176 2168 ul
187 2108 286 2170 noctes
298 2107 375 2170 sicut
390 2128 481 2176 uuum
495 2110 642 2198 spiritum,
682 2113 748 2190 gnis
761 2111 933 2187 mundanis,
953 2130 1012 2172 non
1035 2128 1101 2171 cum
1121 2107 1274 2185 magnilica

45 2190 90 2252 ita
106 2191 195 2251 etiarn
218 2211 432 2272 nnumcorpus
450 2196 642 2273 constituant,
684 2216 803 2278 pompe,
818 2215 854 2259 cx
872 2215 931 2280 quc
943 2213 1025 2274 reges
1041 2192 1216 2274 temporales
1226 2190 1275 2251 di-

40 2273 147 2355 inquit
162 2275 242 2336 enim
260 2274 319 2355 (bb
337 2275 436 2338 Estote
453 2278 571 2342 solliciti
583 2298 644 2343 ser·
682 2281 801 2359 gnossi,
831 2289 861 2344 ct
885 2280 970 2361 tvccsi
997 2278 1089 2358 digito
1119 2274 1275 2338 monstrari

44 2358 284 2422 comesturos
311 2360 434 2438 spirituc
459 2362 496 2424 o'n
526 2365 643 2428 uinculo
681 2364 1021 2448 §clarummontem
1050 2363 1116 2438 Dei,
1139 2358 1274 2456 llessias,

43 2443 387 2523 numerusnumerous,
408 2453 435 2507 ct
452 2464 531 2510 onoc
548 2448 642 2527 onim
682 2458 749 2510 ectu
767 2449 825 2510 iam
844 2449 976 2525 advenit,
992 2455 1021 2509 ct
1038 2448 1120 2510 intro
1140 2461 1198 2520 cos,
1215 2463 1276 2510 non

41 2535 107 2602 tus,
124 2526 383 2590 sicatoocottostts
398 2529 432 2590 in
452 2547 574 2610 unusne
590 2550 642 2607 oo·
682 2533 712 2593 in
728 2531 867 2595 cordibus
884 2533 1001 2609 vestris,
1020 2531 1072 2594 sed
1089 2531 1119 2593 in
1137 2537 1226 2604 term,
1247 2535 1277 2590 et

42 2610 303 2686 cenomanenses,
319 2613 643 2692 transflumious„ttnu
682 2617 802 2696 quidem
830 2617 860 2677 in
886 2619 1006 2695 regione
1026 2625 1119 2678 vostre
1147 2619 1198 2688 est,
1216 2629 1275 2671 non

41 2695 129 2772 fider,
147 2695 410 2773 cleombrotum:
430 2715 499 2776 ergo
518 2717 577 2760 non
595 2718 643 2762 so·
682 2699 836 2776 invisibili,
858 2701 910 2762 sed
936 2700 1046 2762 visibili
1076 2697 1176 2773 niodo,
1205 2693 1275 2774 quin

44 2777 154 2840 lumin
174 2778 286 2840 unitate
302 2779 381 2854 lidei,
401 2789 431 2842 cl
443 2781 578 2864 spiritus,
590 2784 640 2846 sed
681 2783 813 2846 Christus
834 2783 941 2845 visibili
958 2784 1045 2844 modo
1060 2782 1215 2844 adventum
1228 2796 1274 2838 re·

41 2859 137 2924 ctiam
156 2860 187 2922 in
203 2862 315 2926 nnitnte
330 2864 473 2943 corporis,
496 2875 527 2928 ct
542 2867 640 2948 bapti·
680 2869 730 2946 gni
743 2867 933 2930 annunciavit
946 2867 1006 2947 (l),
1022 2885 1082 2928 eea
1099 2864 1185 2925 Patre
1200 2861 1274 2924 mis-

42 2943 151 3006 smatis
164 2946 644 3014 veraefformaturEcclesiaClrri·
682 2971 748 3014 sum
773 2951 858 3028 dixit,
876 2951 1037 3033 discipulos
1055 2947 1174 3026 collegit
1194 2955 1252 3008 etc.

42 3027 97 3102 sti,
117 3027 260 3108 adquam
280 3039 480 3112 conspectat,
499 3035 549 3113 qui
570 3035 641 3097 uni·
721 3036 786 3101 oti.
807 3035 838 3097 2.
859 3035 963 3098 Petrus
990 3034 1127 3096 fidelibus
1149 3029 1268 3092 scribit:

42 3120 109 3176 tute
131 3113 276 3192 corporis,
295 3113 520 3196 cibantismati's
537 3118 564 3180 ei
581 3138 639 3180 non
680 3122 719 3183 El
734 3121 792 3200 ipsi
807 3128 949 3199 munuum
966 3119 1075 3198 lapides
1089 3115 1151 3178 civi
1167 3131 1273 3194 supcr-
1348 3125 1353 3136 ·

41 3195 197 3272 alligatur.
220 3195 343 3260 Domum
364 3198 497 3263 Ecclesia
517 3201 639 3265 aPanlo
680 3204 880 3284 aedificemini
904 3204 1006 3266 domm
1022 3199 1197 3282 spiritualis,
1222 3215 1273 3260 ac·

42 3278 139 3343 ctiam
156 3281 274 3354 dum-td,
288 3281 312 3344 i.
333 3300 360 3344 e.
383 3283 489 3345 iterum
510 3286 550 3347 rei
568 3287 639 3348 visi·
679 3289 840 3352 cordolium
848 3296 992 3364 sanctum,
1008 3287 1115 3366 offerro
1127 3283 1273 3362 spirituu-

41 3362 99 3429 bili
115 3365 487 3448 commenmendationes
502 3371 640 3441 columna
680 3373 719 3434 les
732 3373 841 3436 bestias
865 3373 923 3452 (5).
953 3371 1028 3447 Ergo
1047 3368 1178 3432 Ecclesia
1197 3366 1273 3428 dioi-

39 3455 73 3512 et
94 3447 311 3510 tinnimentum
330 3450 460 3516 veritatis
478 3452 595 3516 dicitnr.
681 3466 730 3518 tur
746 3458 847 3519 domm
864 3455 1040 3536 spiritualis,
1055 3453 1075 3516 i.
1091 3471 1121 3515 c.
1136 3451 1273 3514 invisibi-

86 3531 176 3596 Notc.
200 3529 400 3596 Protmtantcs
427 3555 462 3597 en
483 3537 586 3599 iisdem
605 3535 636 3600 E.
681 3541 726 3617 lis,
746 3541 774 3600 in
794 3557 852 3620 qua
870 3540 979 3603 licetine
998 3537 1178 3618 spirituales,
1202 3537 1222 3597 i.
1243 3541 1292 3598 e.'

39 3613 163 3689 bibliis,
177 3616 321 3712 equibus
339 3617 488 3682 Ecclesiae
513 3622 638 3684 visibili·
680 3624 843 3686 invisibiles
864 3642 917 3707 per
944 3623 1030 3686 lldem
1061 3632 1092 3685 ct
1120 3621 1279 3684 caritatem,

40 3706 136 3762 tatem
155 3716 309 3776 emortuus,
333 3704 514 3768 contrarium
537 3725 639 3768 eruere
680 3708 855 3772 offeruntur.
936 3747 939 3758 ι

42 3789 177 3857 tentant,
195 3784 272 3846 tnale
290 3784 389 3848 divina
414 3787 531 3868 eloquia
548 3809 637 3870 expo·
721 3793 805 3871 licon.
824 3790 927 3852 Petrus
940 3787 1162 3853 Ecclesiamrei
1181 3793 1273 3846 mnte-

40 3873 165 3929 nentes.
186 3865 295 3932 Eadem
316 3869 377 3930 lere
395 3870 524 3934 obiicere
546 3875 641 3935 solent
682 3875 746 3936 riali
767 3885 796 3938 et
815 3874 922 3938 visibili
947 3882 1116 3958 comparem
1136 3878 1220 3932 vocat
1238 3887 1272 3930 e·

40 3948 120 4012 t'nlso
138 3950 316 4029 mysticismc
326 3954 448 4029 addicti,
464 3974 497 4016 ac
516 3956 581 4020 ideo
590 3976 641 4020 cr·
682 3960 742 4021 nim
762 3960 841 4021 illam
869 3961 999 4036 ἀοιιιιιιιι,
1027 3960 1052 4021 si
1079 3965 1176 4018 autem
1196 3952 1273 4014 bunc

40 4041 129 4096 ternn
147 4041 177 4096 et
193 4033 321 4098 visibilia
339 4048 524 4117 spernentes.
680 4043 865 4123 spiritualem
891 4044 1048 4118 nominat,
1075 4038 1104 4100 id
1124 4057 1183 4100 non
1206 4037 1272 4098 ideo

90 4115 155 4180 Odi.
179 4117 208 4178 l.
228 4115 362 4184 Cltristus
381 4122 504 4202 loquens
527 4122 563 4186 dc
581 4123 640 4186 Ec·
682 4129 725 4201 snt,
745 4128 814 4209 quia
835 4128 1002 4202 invisibilis,
1033 4123 1084 4186 sed
1113 4122 1184 4203 qrtia
1206 4119 1274 4182 stitis

41 4199 136 4262 clesio
155 4218 221 4272 sna,
235 4201 641 4286 inquit:Nonoenitvectium
680 4211 746 4273 cius
771 4212 935 4296 spiritunlis
954 4220 1008 4272 est.
1028 4208 1070 4270 Ex
1092 4206 1195 4269 eadem
1221 4225 1273 4268 ra-

40 4283 103 4348 Dri
116 4300 183 4346 cum
198 4286 405 4365 observatione,
422 4307 514 4370 oeque
532 4291 640 4356 dicent:
711 4341 743 4402 (ὅ)
758 4344 812 4392 vno.
829 4342 864 4400 Π,
878 4342 908 4388 2⁰
916 4341 966 4387 ote.
1010 4335 1042 4398 (t)
1057 4337 1138 4386 m·
1151 4336 1175 4398 t,
1189 4337 1217 4384 Π
1230 4339 1276 4385 σω,

52 4457 56 4466 ⁵
73 4385 106 4449 (n
121 4381 186 4436 nom.
202 4388 237 4452 ιι,
249 4390 263 4435 ι
276 4392 320 4441 eto.
380 4385 485 4456 (stupe.
500 4399 524 4453 ι.
538 4401 554 4448 ι
567 4404 613 4450 us.
714 4403 745 4464 (st
759 4404 769 4450 1
784 4403 844 4450 cau.
860 4401 883 4453 ι.
897 4403 919 4448 s.
