2962 4736
458 191 534 238 aras
553 192 598 239 nr.
621 191 722 240 sncrro
743 192 781 244 rr.
801 191 896 241 maur
916 193 947 240 v.
1212 177 1282 244 505

76 271 161 338 Deus
190 289 243 338 ens
264 267 395 356 primum
423 279 453 339 et
477 272 682 356 independens
723 292 791 336 nam
829 274 956 338 salutem
984 273 1129 356 consequi
1159 293 1259 357 posse.
1281 309 1323 328 -·

78 353 227 434 decirnit,
246 376 307 432 non
323 355 444 420 aliunde
459 353 550 432 bona,
566 367 681 436 sancta,
723 355 825 428 Quoad
842 357 1007 424 haereticos
1018 357 1156 422 ¹Ecclesia
1171 359 1321 423 Catbolioa

80 433 230 525 sapientia
255 447 284 504 ct
301 441 380 505 iusta
399 433 458 504 dici
482 441 608 524 possint,
624 439 683 506 nisi
723 440 880 520 distinguit
901 443 1053 522 sarmata,
1071 443 1123 524 qui
1136 443 1322 524 culpabiliter
1349 431 1356 457 '

80 539 118 607 ex
136 546 186 602 eo,
211 523 282 606 qnia
299 526 372 588 rnlt.
394 526 423 608 e)
449 521 584 608 Denique
613 535 683 588 nota
723 533 753 594 et
778 526 969 608 pertinaciter
996 545 1127 590 errorem
1150 533 1264 604 tenent,
1295 537 1323 592 et

80 609 240 674 difficultas
269 609 397 672 maxima
415 629 450 674 ex
468 619 552 692 parte
577 629 684 675 evane-
723 609 900 686 materiales,
921 610 972 692 qni
997 612 1062 674 sina
1087 610 1168 672 omni
1187 611 1276 691 culpa
1292 619 1324 674 ot

80 695 150 773 scit,
168 694 193 756 si
208 693 344 758 doctrina
358 693 503 758 catholica
521 694 578 756 rite
596 713 629 756 ex
653 707 685 756 o·
725 693 884 776 pertinacia
904 695 1055 766 inerrare
1080 693 1324 758 cubant.-.-1lli

80 776 175 842 nitur.
191 774 267 842 lium
287 778 367 839 enim
385 774 517 840 Ecclesia
533 715 683 842 Cathoica
724 797 755 840 se
778 779 859 860 ipsos
880 778 1065 845 damnationi
1090 777 1325 842 obnoxiosrarl·
1389 828 1392 845 .

81 861 168 941 dicit,
197 862 346 943 infideles,
380 860 431 943 qui
458 881 513 924 nec
543 861 698 946 baptizati,
724 863 815 938 dunt3
844 858 875 926 hi
898 881 967 926 rero
986 863 1137 926 Ecclesiae
1154 861 1326 926 Catholicae

81 956 165 1019 sunt,
186 965 241 1008 nec
260 945 347 1008 tidem
366 945 397 1008 in
415 943 563 1010 Christum
580 947 684 1010 conci·
726 943 858 1010 membra
878 957 1012 1024 manent,
1031 957 1073 1024 et,
1089 947 1115 1010 si
1132 943 1325 1026 caeteroquin

81 1033 182 1114 piunt,
211 1037 362 1092 aeternam
395 1029 521 1094 salutem
541 1029 684 1111 consequi
725 1029 939 1095 rectamvitam
954 1029 1324 1110 agant,salrantur.ldam

82 1133 260 1197 nurrposse,
283 1113 458 1192 interillos,
482 1113 534 1196 qui
552 1114 687 1196 culpabi·
725 1109 757 1180 S'.
790 1113 980 1202 Augustinus
1006 1115 1104 1192 docet,
1132 1111 1183 1196 qui
1202 1113 1324 1194 (dicits

82 1202 164 1275 liter,
181 1207 210 1260 et
225 1217 276 1260 eos
293 1197 345 1278 qni
359 1197 581 1278 inculpabiliter
596 1200 627 1262 in
642 1199 687 1260 in·
728 1219 744 1284 c
767 1192 824 1270 Qui
852 1200 1030 1262 sententiam
1058 1217 1156 1276 suam,
1190 1197 1327 1279 quamvis

83 1278 228 1354 fidelitate
261 1291 401 1359 manent,
430 1281 595 1361 distinguit.
630 1281 685 1356 Qui
727 1283 829 1345 salsam
846 1290 875 1346 et
890 1302 1056 1366 perversam
1079 1283 1163 1359 nulla
1179 1281 1327 1364 pertinaci

83 1366 275 1450 culpabiliter
292 1365 386 1428 errori
417 1365 587 1445 inhaerent,
615 1367 685 1429 dum
727 1365 916 1432 animositate
940 1367 1115 1444 delendum,
1139 1366 1326 1448 praesertim,

85 1451 239 1530 veritatem
264 1469 424 1528 agnoscere
442 1447 563 1532 possent
585 1452 686 1514 etde·
728 1449 807 1532 quod
843 1470 902 1513 non
938 1451 1064 1514 audacia
1095 1449 1326 1533 praesumtionis

86 1537 206 1614 berent,
235 1532 318 1596 iuxta
347 1534 412 1615 ipsa
444 1555 535 1600 sanae
562 1527 687 1598 rationis
727 1554 799 1598 suae
818 1545 1011 1618 pepererunt,
1031 1535 1083 1598 sod
1109 1555 1127 1598 a
1151 1534 1282 1596 seductis
1299 1542 1329 1598 et

86 1617 251 1684 dictamina
274 1618 339 1681 iure
358 1619 538 1700 plectuntur.
559 1617 615 1692 Qui
632 1640 687 1681 au·
728 1620 759 1682 in
777 1638 908 1683 errorem
932 1619 1023 1702 lapsis
1050 1618 1223 1702 parentibus
1240 1637 1328 1681 acco·

86 1715 149 1768 teni
171 1703 291 1764 omnino
317 1701 540 1784 inculpabiliter
557 1697 689 1766 infideli·
730 1711 849 1783 perant,
867 1713 1014 1784 quaerunt
1037 1712 1136 1768 auten
1156 1712 1244 1766 cauta
1265 1703 1328 1765 sol·

87 1789 141 1852 tati
161 1805 231 1848 snae
251 1786 405 1863 insistunt,
421 1787 464 1848 uti
483 1796 563 1865 sunt,
581 1789 690 1869 quibus
729 1785 883 1850 licitudine
908 1787 1077 1864 veritatem,
1105 1787 1213 1865 corrigi
1233 1785 1329 1868 parati

88 1870 279 1950 Evangelium
309 1889 462 1952 nonquam
486 1873 688 1954 praedicatum
726 1891 796 1946 pum
821 1872 1007 1949 invenerint,
1041 1890 1229 1952 nequaquam
1260 1878 1330 1932 sunt

88 1957 146 2038 ipit
165 1955 223 2036 (l),
238 1953 270 2016 hi
283 1953 473 2031 damnantur,
487 1966 538 2018 ant
555 1957 688 2038 puniun-
730 1957 808 2018 inter
822 1955 988 2036 haereticos
1004 1956 1162 2038 reputa-udi
1176 1975 1192 2018 a
1207 1954 1267 2036 (3).

89 2051 141 2103 tur
159 2058 218 2100 non
234 2047 357 2185 qgnpter
374 2037 555 2117 dissensum,
572 2059 624 2104 seu
639 2059 690 2104 nc·
773 2085 775 2092 ,

88 2125 219 2204 glectum
268 2121 393 2186 eclesiae
426 2123 605 2204 ingressum,
637 2124 690 2188 sed

90 2216 214 2292 propter
241 2215 395 2287 peccatum
428 2207 582 2287 originale,
610 2209 689 2292 quod
875 2167 1119 2284 DISSERTATIO
1143 2169 1181 2236 Π·

90 2296 123 2356 in
149 2291 222 2374 ipsis
250 2310 310 2353 non
337 2292 468 2371 deletur,
496 2294 542 2356 vel
572 2303 692 2376 propter
920 2317 971 2380 ῃ,
993 2315 1147 2380 puppo„

91 2385 213 2477 peccata
225 2375 364 2453 actualia,
378 2395 454 2458 quae
464 2377 689 2441 commiserunt:
761 2412 798 2475 qn
819 2411 990 2474 „mione
1013 2409 1057 2471 ,d
1079 2409 1303 2494 ngqom

1 2535 2 2540 γ
91 2469 203 2525 rustum
234 2467 263 2523 et
291 2479 419 2541 aequum
447 2469 545 2526 autem
574 2480 692 2544 semper

2 2620 3 2630 χ
92 2553 151 2623 est,
180 2549 224 2621 ut,
260 2543 311 2626 qui
334 2545 498 2625 peccarit,
537 2546 689 2628 puniatur.
842 2505 1032 2570 'mmm
1054 2511 1223 2588 mmm·

2 2652 3 2658 ¹
91 2629 126 2694 Si
156 2629 222 2711 quis
244 2637 342 2690 autem
366 2628 537 2692 huiusmodi
564 2629 693 2694 infidelis
967 2663 998 2735 ι
1021 2664 1098 2717 m,

2 2715 4 2744 4
93 2715 189 2794 legem
219 2713 385 2775 naturalem
416 2723 517 2776 exacte
544 2714 691 2792 observet,
1100 2739 1101 2744 ¹

3 2809 5 2880 ’ἡ
93 2798 250 2862 veritatem
267 2805 358 2874 amet,
372 2795 520 2876 etDeum,
539 2815 627 2882 quem
645 2818 694 2862 ra·
732 2847 734 2853 -
774 2799 860 2866 Ratio
874 2797 990 2862 homini
1008 2798 1076 2861 data
1094 2805 1151 2873 ast,
1170 2804 1204 2858 ut
1220 2794 1332 2858 verita·

3 2885 6 2914 4
94 2881 186 2947 tionis
221 2879 334 2943 lumine
369 2882 522 2960 agnoscit,
554 2883 692 2960 invocet,
735 2895 794 2958 tem
823 2884 957 2965 inquirat
977 2887 1195 2960 etcognoscat,
1215 2880 1335 2941 otlioet

4 2979 5 2998 ¹
94 2966 186 3030 etiarn
204 2983 257 3045 per
281 2965 470 3044 miraculum,
489 2975 523 3030 ut
541 2964 695 3042 Cornelius
736 2990 788 3054 per
805 2969 904 3032 labem
934 2966 1108 3045 originalem
1138 2964 1232 3045 ipsius
1257 2961 1336 3024 uires

94 3049 249 3125 Centurio,
264 3057 292 3111 et
307 3047 470 3112 Eunuchus
482 3049 612 3130 Reginae
623 3051 697 3116 Can·
736 3057 913 3118 iinnunntaa
937 3060 967 3115 et
992 3049 1164 3114 debilitatae
1183 3047 1255 3122 sint,
1274 3063 1337 3108 non
1363 3073 1366 3078 ¹

94 3134 179 3198 dacis
196 3132 234 3196 ad
252 3142 363 3196 rectam
388 3132 476 3196 fidem
499 3135 622 3216 perduci
641 3156 696 3216 po·
738 3149 835 3204 tamea
853 3136 998 3200 extinctae
1017 3134 1148 3208 luerunt,
1166 3130 1218 3194 setl
1232 3129 1334 3205 borne,

5 3221 8 3256 4
95 3226 167 3283 test.
180 3252 223 3263 -
238 3217 271 3282 S.
295 3217 417 3280 Tllomos
433 3218 491 3298 Ap.
509 3219 593 3298 dicit,
603 3219 695 3284 lleum
739 3243 794 3306 ope
809 3219 946 3298 rationis,
960 3227 1056 3301 potest
1068 3217 1105 3279 arl
1121 3223 1217 3278 certas
1234 3212 1338 3292 cogni·
1362 3229 1371 3284 ,t

6 3303 8 3318 '
96 3303 199 3386 potius
226 3301 371 3380 Angelum
395 3302 555 3366 missurum
575 3323 639 3368 esse
661 3303 699 3368 ad
739 3311 835 3370 tiones
858 3305 1024 3388 pervenire,
1045 3300 1125 3382 qnod
1144 3306 1247 3362 contra
1268 3295 1339 3360 Sce·
1363 3302 1372 3358 i

6 3395 8 3402 ⁴
97 3388 189 3451 talem
205 3385 354 3449 infidelem
368 3385 589 3465 instruendum,
608 3408 709 3470 quam·
740 3393 834 3473 plicas
853 3391 917 3472 ipsa
933 3385 1116 3469 experientia
1128 3391 1157 3446 et
1172 3382 1338 3446 sensusin·

98 3469 329 3555 permissurum,
348 3477 382 3532 ut
396 3471 460 3532 sine
474 3473 699 3551 regeneratione
740 3477 830 3538 timus
855 3473 992 3556 probant.
1016 3465 1125 3532 llultae
1145 3485 1266 3551 quoque
1283 3464 1340 3528 lle·
1363 3464 1373 3541 'j‘

7 3559 10 3598 '-
100 3564 215 3638 pereat.
229 3549 331 3636 Neque
342 3551 453 3634 dngelo
470 3575 545 3636 opus
559 3565 615 3633 est,
631 3575 698 3618 curn
740 3558 859 3640 ligionis
887 3555 1032 3621 naturalis
1059 3552 1199 3617 veritates
1217 3570 1271 3633 per
1287 3569 1348 3636 ra·‚

8 3647 9 3668 4
98 3641 181 3706 Ceus
196 3657 248 3720 per
264 3635 373 3718 gratias
391 3635 524 3702 internas
541 3639 627 3705 fidem
647 3660 700 3702 su·
742 3644 852 3706 tionem
868 3641 940 3704 satis
954 3647 1034 3702 certo
1049 3637 1187 3716 cognosci
1202 3640 1337 3716 possunt.
1365 3631 1374 3668 4

99 3724 320 3808 pernaturalem
346 3730 376 3786 et
397 3723 551 3786 caritatem
573 3723 701 3788 excitare
741 3727 809 3790 ldeo
824 3725 934 3789 Paulus
951 3723 1071 3800 Gentes,
1092 3721 1271 3784 revelatione
1290 3716 1341 3779 de·

10 3816 13 3842 ³
100 3804 207 3892 possit.
220 3805 283 3870 lino
300 3826 360 3869 non
375 3807 494 3886 desunt,
512 3805 562 3890 qui
582 3817 700 3890 putant,
742 3812 860 3874 stitutas
869 3808 1072 3891 reprehendit,
1081 3805 1159 3888 quod
1173 3801 1285 3865 lumine
1294 3819 1341 3863 ra·

9 3909 12 3946 1·
100 3891 266 3969 infidelem,
286 3890 337 3972 qui
352 3893 445 3970 legem
465 3895 630 3962 naturalem
645 3891 702 3955 ob·
744 3894 834 3960 tionis
853 3913 924 3957 usae
939 3912 1000 3956 non
1017 3892 1077 3954 sint
1093 3889 1130 3951 ad
1149 3887 1242 3950 Deum
1261 3893 1342 3948 recte

10 3986 15 4062 t
100 3983 212 4055 serrat,
252 3983 373 4059 paratus
412 3975 449 4038 ad
481 3977 581 4041 omnia
612 3978 703 4059 perli-
743 3977 981 4058 cognoscendum
1001 3969 1344 4052 etglorilicandum3ait

10 4075 13 4117 t
102 4061 222 4138 cienda,
252 4077 328 4142 quae
350 4057 429 4122 neus
456 4057 493 4122 ab
517 4061 581 4142 ipso
601 4061 702 4140 exigit,
745 4063 825 4126 enim
852 4063 918 4144 (d):
947 4058 1112 4126 ltroisidt'lio
1140 4055 1232 4135 ipsius
1261 4053 1342 4134 (Dei)

11 4157 19 4201 t
103 4143 252 4228 baptismo
264 4138 404 4222 flaminis,
418 4160 470 4206 seu
482 4143 621 4208 desiderii
637 4165 706 4228 pnr-
745 4156 912 4212 atrectare
925 4145 1032 4210 mundi
1043 4159 1098 4223 per
1112 4158 1159 4218 ea,
1178 4157 1253 4220 puae
1265 4139 1345 4221 [ortu

11 4235 20 4284 t
102 4229 180 4309 gari,
208 4224 372 4291 Ecclesiam
402 4228 529 4306 ingredi,
558 4240 587 4292 et
604 4240 706 4294 aeter·
778 4277 809 4370 C)
825 4279 928 4326 ,mm
944 4278 960 4322 ί,
975 4275 992 4334 ¹,
1007 4287 1030 4334 p·
1044 4274 1070 4334 „¹
1085 4285 1154 4334 prop.
1169 4272 1194 4319 Η
1213 4273 1238 4320 et
1253 4271 1288 4319 ,2

18 4332 23 4374 Τ
134 4337 166 4398 ll)
181 4335 244 4382 llum·
263 4333 298 4392 lb,
314 4333 351 4381 tt.
408 4333 441 4393 (2r
457 4334 498 4394 Ep.
511 4334 555 4381 l65
569 4337 598 4382 ad
615 4338 676 4384 Clor.
788 4341 811 4384 tt
826 4339 891 4385 duna.
904 4337 926 4398 l,
940 4337 970 4383 2⁰
984 4336 1029 4380 etc.
