2934 4736
447 170 521 216 rnns
542 171 588 218 ιιι.
610 170 712 216 sucuro
734 171 755 216 ι.
780 170 873 216 curor
894 171 916 216 ι.
1203 158 1262 224 aot

75 255 126 324 tur,
140 246 189 311 sed
207 247 295 310 etiam
314 248 357 312 ita
371 249 515 330 dirigatur
533 259 566 314 ut
583 269 661 334 quae
938 243 968 314 S·
998 249 1071 298 ¹¹⁸·

72 332 141 394 llam
150 333 223 408 volt,
236 342 317 396 racto
331 335 418 398 modo
434 344 592 416 proponat.
608 335 661 398 Iu·
817 331 845 380 11.
860 331 1024 390 inspirationis
1039 333 1192 392 morotum.

73 425 113 478 xta
124 416 194 478 baec
206 417 352 498 requisita
366 419 662 500 inspiratiodicipot·
744 415 923 480 Grauissima
932 425 1044 495 errant,
1054 426 1085 480 et
1099 428 1198 482 rectae
1210 420 1307 504 pbilo-

70 509 109 562 est
125 535 139 547 ·
157 501 289 582 speciale
301 504 496 581 adiutorium,
509 523 568 586 quo
583 503 661 566 Deus
700 502 822 582 sophiae
847 501 1001 582 principiis
1019 502 1223 579 adversantur,
1249 507 1303 587 qui

69 583 221 666 scriptores
239 605 339 660 sacros
357 588 394 649 ad
409 588 597 652 scribendum
613 607 663 651 ex·
701 585 1306 666 inspirationemimpossibilem‚acratio·

68 668 152 745 citat,
172 669 286 732 eisdem
304 671 444 734 veritates
473 668 662 734 absconditas
702 671 733 730 ni
747 671 927 732 annuariam
942 688 1007 732 esse
1023 678 1189 734 autoritant.
1205 671 1305 754 lnspi·

67 752 184 829 revelat,
201 762 253 814 aut
265 754 290 815 si
309 755 429 817 aliunde
442 757 578 834 cognitae
588 757 660 833 sint,
701 754 778 817 ratio
797 754 879 818 enim
894 753 1016 817 omnino
1035 754 1185 835 possibilis
1202 765 1249 818 est

66 836 106 898 eis
123 837 315 918 manifestat,
336 839 446 924 quibus
474 839 660 921 potissimum
746 838 778 919 a)
797 837 928 918 lopicein
942 845 1100 919 concepto,
1119 839 1171 920 qui
1190 840 1303 902 nnllam

65 939 128 981 cnm
147 921 299 985 adiunctis
316 941 378 986 rein
394 925 492 986 efferri
514 932 659 1006 oporteat,
703 923 967 986 contradictionem
986 921 1120 1000 involvit3

65 1005 237 1086 assistitque
256 1025 291 1067 ao
310 1006 422 1086 dirigit,
438 1027 476 1070 ne
487 1007 517 1070 in
532 1009 663 1072 scriben-
746 1007 779 1088 b)
789 1005 906 1086 pltyat'ce
917 1015 1046 1087 exparte
1063 1006 1117 1068 Ilei
1134 1014 1163 1069 et
1177 1007 1305 1088 scripto-

66 1085 103 1150 do
121 1089 246 1170 errent(
267 1091 292 1170 ).
705 1091 758 1154 ris.
778 1091 857 1156 Deus
876 1091 954 1152 enirn
979 1107 1031 1170 pro
1046 1109 1100 1152 sua
1118 1092 1307 1173 omnipoten-

120 1173 208 1255 Nota.
234 1173 435 1239 Prolestantes
452 1175 489 1238 ab
507 1175 593 1246 initio
613 1195 663 1238 rc·
705 1175 746 1238 tia
773 1183 803 1236 et
821 1173 968 1254 sapientia
986 1174 1101 1237 infinita
1120 1175 1233 1256 absque
1251 1177 1306 1237 dn-

65 1255 250 1320 loramtionis
268 1259 323 1320 toti
347 1268 433 1322 erant
457 1259 487 1322 in
506 1261 664 1324 asserenda
706 1259 754 1322 bio
771 1259 802 1322 in
816 1260 998 1320 volontatem
1014 1267 1043 1320 et
1057 1258 1240 1322 intellectum
1254 1259 1306 1321 bo·

65 1335 234 1422 Scripturae
252 1343 353 1404 divina
373 1344 559 1421 auctoritate,
578 1344 663 1408 ideo·
706 1343 794 1404 minis
805 1343 965 1406 efficaciter
975 1341 1113 1417 inlinere,
1126 1361 1161 1404 ac
1172 1344 1306 1405 scriben-

64 1443 119 1505 quc
136 1435 316 1507 conceptum
335 1427 539 1508 inspirationis
553 1430 589 1491 ad
603 1429 666 1492 sin·
707 1427 727 1490 ti
744 1427 834 1490 rerba
853 1445 973 1506 quoque
992 1435 1023 1486 et
1039 1427 1172 1490 ordinent
1194 1445 1305 1506 sogge-

64 1508 128 1586 gula
156 1510 249 1572 verba
278 1512 487 1592 extendebant.
521 1511 580 1575 Nec
605 1513 664 1574 mi·
704 1527 771 1574 rere
795 1519 902 1593 potest:
937 1510 962 1571 si
984 1528 1036 1572 rex
1061 1529 1115 1591 per
1135 1510 1304 1574 ministrnm

63 1610 140 1670 rum,
154 1591 185 1654 id
206 1595 308 1656 oriris
320 1594 430 1658 lactum
444 1614 521 1669 esse,
532 1597 583 1678 qni
599 1599 665 1658 nol·
705 1597 819 1658 litteras
836 1611 889 1675 pro
904 1591 970 1656 aliis
984 1613 1105 1656 exarare
1123 1603 1231 1677 potest,
1252 1615 1306 1658 an·
1328 1651 1333 1667 ,

63 1675 119 1738 lain
135 1687 258 1758 praeter
274 1677 441 1760 Scripturas
453 1681 522 1744 fidei
533 1683 663 1760 regulam
706 1699 743 1742 ne
761 1679 821 1742 Ileo
846 1678 1002 1757 negabitur
1029 1678 1154 1740 facultas
1184 1679 1306 1742 homine

63 1762 277 1839 agnoscebant,
301 1781 393 1844 seque
413 1785 430 1826 a
447 1765 507 1828 Deo
525 1765 665 1828 excitatos
706 1783 761 1826 ceu
780 1763 978 1825 instrumento
996 1763 1100 1824 utendi
1115 1781 1173 1844 qno
1192 1763 1306 1826 litteras

62 1844 228 1922 iactabant,
242 1856 384 1908 utsunm
404 1843 487 1910 libris
504 1851 596 1912 sacris
615 1851 665 1912 lto·
706 1849 743 1912 ad
762 1867 816 1910 nos
838 1846 968 1926 dirigat?
982 1879 1024 1891 —-
1041 1863 1139 1927 acque
1156 1847 1185 1908 id
1206 1847 1304 1928 irnpe-

63 1947 183 2004 norem,
193 1949 278 1991 suam
288 1931 663 2008 dignitaternvindioarent.
706 1933 749 1994 dit
764 1931 856 2014 (qood
870 1931 982 1994 absone
992 1930 1064 1992 dicit
1080 1929 1304 2012 Wegscbeider)

62 2011 178 2076 -Sed
210 2013 382 2097 iam‘Hapo
409 2017 530 2100 Gratiae
555 2018 593 2080 ab
612 2018 666 2080 bac
707 2016 924 2099 perfectissima
941 2014 1136 2096 spiritualitas
1147 2014 1211 2077 Dei:
1228 2015 1252 2077 si
1269 2035 1305 2078 e-

62 2097 215 2160 sculentia
232 2099 374 2176 recessit,
393 2101 480 2162 talem
500 2102 666 2164 solummo·
708 2102 768 2162 nim
789 2100 868 2162 lleus
892 2118 946 2161 ceu
971 2098 1210 2178 simplicissimos
1236 2096 1304 2182 Spi-

63 2179 313 2263 descriptoribus
330 2185 421 2246 sacris
440 2183 568 2266 Spiritus
589 2184 666 2250 Saa-
707 2194 755 2247 tus
773 2185 832 2262 agit
852 2185 882 2249 iu
903 2183 1075 2260 materiam,
1095 2185 1187 2245 multo
1214 2183 1306 2262 magis

64 2266 100 2326 cti
125 2265 325 2329 directionem
347 2278 376 2328 et
392 2271 589 2350 praesentiam
612 2272 664 2333 ad·
707 2268 737 2334 in
754 2269 888 2349 spiritns,
903 2286 978 2348 quos
992 2276 1073 2330 creat
1089 2275 1117 2328 et
1135 2275 1304 2347 conservat,

62 2347 224 2428 iudicans,
246 2370 306 2431 qua
332 2352 369 2414 ab
398 2354 549 2416 erroribus
579 2373 667 2436 prae·
706 2371 793 2431 agere
808 2362 918 2434 potest,
933 2352 993 2414 imo
1008 2351 1072 2433 ipsa
1091 2351 1258 2432 inspiratio,
1274 2361 1308 2414 nt

63 2443 254 2496 caverentur.
274 2433 363 2498 llutta
383 2437 475 2516 inagis
494 2457 511 2500 a
529 2439 669 2518 religiosa
708 2438 785 2500 actio
807 2435 984 2518 personalis,
1009 2444 1143 2498 naturam
1163 2437 1307 2516 spiritua-

64 2527 183 2597 patrum
205 2536 329 2595 suornm
353 2538 421 2598 erga
451 2522 542 2584 libros
569 2541 669 2586 sacros
709 2522 765 2584 lern
782 2522 958 2602 expostulat.
975 2521 1069 2582 Homo
1082 2529 1193 2596 antem,
1210 2538 1227 2580 a
1245 2518 1306 2582 Deo

64 2601 259 2664 veneratione
277 2613 476 2668 recesseruntv
492 2625 552 2670 non
582 2607 668 2688 pauci
709 2605 907 2686 undequaque
917 2605 1099 2685 dependens,
1113 2605 1255 2664 irrlluxnm
1265 2603 1309 2664 di·

64 2682 300 2748 Protestantium
319 2687 467 2766 doctores,
484 2691 547 2771 qui,
567 2691 668 2754 Armi-
710 2690 809 2751 viatim
830 2690 963 2770 recipere
981 2697 1096 2769 potest:
1117 2705 1185 2750 nam
1209 2687 1233 2746 si
1251 2686 1307 2748 lio-

64 2768 226 2830 nianorum
239 2769 502 2834 etSoeinianorum
515 2775 670 2857 principiis
710 2793 759 2834 mo
777 2773 814 2835 ab
837 2773 959 2834 liornine
977 2771 1096 2846 instrui,
1116 2771 1152 2833 ad
1170 2769 1308 2831 scriben-

65 2852 198 2930 imbuti,
219 2853 410 2934 docuerunt,
430 2855 610 2939 Scriptorum
635 2879 669 2922 ea
710 2857 779 2920 dum
801 2857 933 2931 excitari,
953 2864 982 2918 et
998 2857 1026 2916 in
1046 2853 1203 2916 scribendo
1222 2851 1309 2931 dirigi

63 2946 183 3002 ‚tantum
204 2939 319 3001 ratione
338 2940 466 3004 divinam
487 2961 569 3018 esso,
590 2944 668 3024 quod
711 2949 818 3022 potest,
837 2959 914 3002 annio
941 2959 960 3002 a
986 2937 1112 3000 Numine
1139 2936 1257 3012 divino,
1277 2937 1309 2998 in

65 3021 94 3082 in
105 3039 218 3099 genere
229 3023 360 3086 divinum
375 3036 580 3103 argumentum
595 3047 669 3090 con·
710 3045 769 3106 quo
784 3043 888 3088 ornares
900 3025 1036 3096 vivianus,
1054 3038 1207 3082 moremur
1218 3029 1247 3081 ct
1258 3039 1309 3082 su·

66 3106 172 3179 lineat,
197 3104 380 3186 Religionem
406 3111 520 3172 scilieet
545 3111 597 3173 ttct
617 3131 670 3175 no·
711 3129 789 3185 mus,
810 3109 888 3170 idem
908 3105 1034 3188 experiri
1053 3125 1112 3169 non
1131 3104 1307 3166 calebit?—

64 3191 148 3251 rnine
163 3193 381 3254 etauctoritate
399 3193 569 3256 bominibus
587 3215 669 3260 reve·
708 3191 810 3274 Neqne
829 3195 859 3252 in
884 3210 919 3252 eo
947 3191 1105 3264 difficultas
1125 3189 1229 3262 adest,
1249 3207 1309 3270 qua

64 3273 168 3335 latam.
183 3307 215 3326 -ν
227 3272 340 3338 Nostris
353 3277 535 3358 temporibus
549 3299 584 3342 ex
601 3300 671 3362 pro·
710 3278 826 3338 ratione
844 3275 971 3354 scriptor
987 3274 1023 3334 de
1039 3273 1207 3354 praesentia
1221 3282 1251 3334 et
1262 3292 1310 3334 as·
1344 3309 1346 3317 ,

64 3356 247 3420 testantibus
257 3361 400 3424 nonnulli
416 3381 548 3445 cousque
564 3384 669 3446 perve—
710 3360 845 3422 sistentia
862 3359 961 3420 divina
980 3359 1088 3420 certior
1107 3359 1168 3436 liat;
1189 3357 1214 3418 si
1228 3357 1310 3420 enim

64 3450 203 3515 uerunt,
223 3451 255 3504 nt
285 3444 510 3525 inspirationem
535 3449 582 3510 vel
603 3469 669 3511 crim
712 3445 800 3506 lromo
820 3442 933 3504 bomini
954 3441 1150 3523 praesentiam
1175 3449 1205 3502 et
1231 3441 1309 3506 assi·
1414 3482 1416 3486 -

69 3525 233 3606 Tirstranlc
247 3545 368 3607 prorsus
386 3530 613 3612 impossibilem,
625 3534 672 3596 vel
711 3529 850 3590 stentiam
868 3546 951 3588 suam
976 3525 1132 3590 ostendero
1152 3533 1260 3606 potest,
1279 3524 1310 3586 id

65 3627 134 3672 cuin
154 3609 333 3674 uterinam
348 3611 397 3674 lini
414 3615 566 3693 religionis
580 3625 611 3682 et
624 3636 674 3696 ge·
712 3612 806 3674 molto
825 3611 918 3688 magis
944 3609 1023 3672 Deos
1044 3611 1089 3672 vel
1106 3609 1243 3686 interno,
1263 3608 1309 3668 rel

66 3694 118 3754 nio
133 3691 265 3756 bominis
280 3697 671 3764 nullatenasaccommoda-
711 3706 833 3758 externo
857 3694 944 3756 modo
971 3701 1103 3776 prestare
1132 3695 1220 3756 salet.
1249 3689 1311 3752 Nos

66 3784 126 3838 tam
142 3778 289 3854 dicerent,
303 3781 347 3842 vel
366 3783 469 3844 saltem
486 3802 553 3846 cnm
569 3785 670 3848 Hora·
712 3779 845 3860 quidem,
862 3778 904 3840 nil
917 3779 975 3841 tale
989 3778 1113 3860 experti,
1128 3777 1248 3840 modum
1263 3780 1310 3834 sat

39 3897 42 3904 Α
64 3860 126 3924 lein
145 3871 323 3937 assererent,
344 3864 568 3944 inspirationem
587 3869 671 3932 nullo
711 3865 790 3926 clare
799 3864 957 3945 concipere
967 3873 996 3926 et
1008 3863 1154 3943 explicare
1169 3875 1228 3922 non
1242 3876 1311 3937 pos·

65 3963 199 4026 uinquam
224 3947 312 4008 moda
332 3950 450 4028 probari
472 3969 570 4032 posse.
590 3951 670 4022 Con·
710 3966 826 4024 sanius,
839 3945 1038 4030 qnoSpirilus
1055 3945 1188 4008 infinitos
1204 3941 1234 4004 in
1249 3940 1311 4022 spi·

64 4036 109 4090 tra
129 4029 303 4092 aberrantes
317 4032 388 4093 istas
399 4036 562 4098 sententias
575 4035 668 4118 ipsam
711 4031 801 4094 ritum
820 4033 938 4111 linitum
957 4031 1029 4110 ogit,
1048 4030 1098 4092 sed
1119 4028 1162 4091 nil
1184 4025 1309 4103 magisa

63 4111 274 4194 inspirationis
292 4116 519 4196 possibilitatem
536 4120 671 4184 sindica·
885 4135 886 4138 ’

65 4212 97 4258 ‘⁰
121 4198 311 4281 ⁰t⁰ft³²lb
560 4264 563 4270 -
695 4185 1311 4307 -nt‘ff’dntlrdalntdpatfallatt:

91 4300 124 4362 ll)
141 4300 235 4364 diripiet
250 4306 266 4350 t.
282 4305 406 4366 l,.proleg.
424 4303 446 4370 1.
460 4307 597 4366 danem.
674 4349 676 4354 .
712 4297 1000 4367 ldsbermennaduotl,
1015 4309 1082 4366 adp.
1097 4307 1126 4367 ll,
1140 4319 1162 4353 c.
1176 4307 1194 4367 l,
1210 4306 1282 4354 erbl-
