2930 4736
451 219 524 264 rans
543 219 586 265 nr.
608 217 708 264 sncmo
725 219 758 264 11.
777 219 871 266 creor
888 223 921 267 ιι.
1202 203 1262 267 aab

103 301 179 367 ott:
193 300 224 364 2.
245 298 327 374 Quae
345 299 417 365 Luc.
437 299 526 377 XXII,
548 299 583 360 3l
606 310 663 361 etc.
706 299 849 361 bilitatem
863 301 893 362 in
906 299 961 362 hdo
975 308 1035 362 tum
1050 299 1148 378 Petro,
1162 311 1223 364 tum
1239 319 1306 362 snc-

58 385 215 462 dicuntur,
235 388 269 446 ad
296 388 388 447 solam
407 385 488 447 Petri
507 402 663 466 personam
706 383 873 446 cessoribus
892 387 957 446 eius
975 386 1157 467 promisisse.
1178 388 1209 450 S.
1227 386 1307 466 Apu·

60 469 367 550 pertinent.Christns
378 470 456 530 enim
468 469 602 530 oratione
612 486 665 528 sua
706 469 754 530 tho
771 467 851 548 Papa
866 471 897 530 in
915 469 1009 551 Epist.
1028 470 1064 530 atl
1080 468 1305 531 Constantinum

59 553 254 634 impetrarit,
279 562 311 615 ut
329 553 451 630 Petrus,
469 552 604 634 quamvis
621 559 667 612 ter
706 551 797 632 Imp,
815 571 892 633 quae
915 555 989 615 lecta
1008 562 1036 614 et
1058 552 1182 634 probata
1202 555 1257 615 luit
1275 554 1306 614 in

61 655 128 698 euin
149 656 202 699 ore
218 647 357 716 negaret,
379 646 476 699 tamen
496 655 512 698 a
530 636 587 697 lide
605 655 665 696 non
703 633 821 717 ¹Synotlo
846 646 927 698 sexta
951 637 1160 712 oecumenica,
1182 637 1304 698 scribit:

61 721 214 783 deficeret.
235 721 328 783 Sicuti
353 739 421 801 ergo
446 721 525 782 trina
547 719 665 798 negatio
708 719 912 783 ‹Consideret
935 721 1035 802 itaque
1054 729 1151 783 vestra
1173 721 1307 782 clemen-

60 806 155 866 solius
180 805 261 867 Petri
288 813 371 883 erat,
390 813 419 867 et
444 805 666 866 successoribus
706 804 766 881 tia,
786 805 934 884 quomodo
953 804 1096 868 Dominus
1121 813 1151 867 et
1176 803 1309 867 Salvator

60 890 205 970 imputari
233 891 358 972 nequit3
386 890 427 951 ita
453 889 543 950 etiam
571 887 665 949 oratio
707 889 854 965 omnium,
872 889 923 970 qui
939 889 1025 951 sidem
1041 887 1120 950 Petri
1140 908 1198 951 non
1220 889 1308 950 delu-

61 974 192 1048 Cbristi,
213 992 288 1055 quae
306 973 377 1034 fidei
395 973 563 1034 firmitatem
585 971 666 1033 obti-
708 981 802 1033 turam
817 974 965 1054 promisit,
979 975 1154 1036 confirmare
1167 991 1234 1036 oum
1250 973 1309 1046 sra-

62 1059 147 1133 nuit,
173 1057 209 1118 od
232 1057 465 1118 solum‘Petrum
486 1063 617 1136 spectat,
637 1063 667 1116 et
707 1067 767 1117 tres
776 1057 1031 1139 admonuit‚quod
1043 1059 1220 1139 apostolicos
1232 1057 1311 1118 Pon·

62 1143 98 1202 ad
123 1142 191 1202 eins
215 1159 401 1202 successores
425 1139 529 1202 referri
550 1158 666 1221 nequa·
707 1140 818 1218 tifices,
839 1160 922 1203 meae
945 1142 1113 1222 exiguitatis
1131 1143 1309 1223 praedeces-

62 1244 153 1307 qnam
178 1233 284 1305 potest.
706 1243 799 1298 sores,
813 1225 998 1287 confidenter
1009 1226 1126 1304 iecisse,
1138 1226 1252 1288 cunctis
1266 1233 1310 1287 est

103 1311 193 1388 Resp.
215 1309 257 1370 Ex
275 1308 339 1390 ipso
358 1314 493 1370 contextu
512 1313 668 1388 patetrer·
708 1309 895 1372 manifestum
914 1309 974 1390 (ι).
998 1330 1030 1380 ι,

63 1393 100 1454 ba
119 1394 213 1454 citata
230 1392 338 1455 Christi
356 1391 441 1453 Petro
464 1411 522 1453 non
542 1400 575 1453 ut
598 1409 667 1472 per·
751 1393 815 1456 Oti.
839 1394 868 1454 3.
897 1391 927 1454 Si
952 1394 1062 1456 valeret
1089 1391 1308 1472 argumentatio

63 1494 156 1538 sonae
173 1477 315 1557 privatae,
332 1477 383 1537 sed
398 1485 429 1537 ut
444 1475 594 1537 Ecclesiae
608 1474 669 1536 Pri·
707 1495 743 1538 ex
755 1477 852 1538 verbis
864 1475 971 1539 Christi
990 1477 1032 1540 lo.
1042 1477 1117 1555 lllll,
1133 1479 1172 1540 15
1184 1485 1240 1539 etc.
1254 1476 1309 1537 de-

62 1563 136 1622 mati
152 1561 233 1621 dicta
246 1579 322 1622 esse.
338 1559 409 1622 llam
427 1558 468 1622 ib.
482 1579 509 1621 r.
524 1560 564 1622 ιιι
579 1557 667 1622 Chri·
707 1561 998 1642 ducta,sequeretur,
1010 1561 1310 1643 singulosEpiscopos

63 1655 128 1706 stus
147 1644 186 1705 ad
204 1644 359 1725 Apostolos
378 1644 502 1705 dixerat:
523 1645 586 1723 Epo
604 1644 667 1706 (ιιι-
707 1642 1077 1708 inlallibilesessedebere.
1090 1645 1220 1717 Quilibet
1230 1645 1310 1707 enirn

63 1747 141 1808 porto
158 1729 248 1804 vobis,
267 1729 340 1791 sicut
360 1729 500 1808 disposuit
517 1727 592 1812 rnihi
608 1729 668 1790 Po·
706 1728 870 1810 Episcopus
888 1735 932 1790 est
943 1730 1150 1810 pastorgregis
1163 1731 1221 1805 sui,
1232 1729 1311 1791 unde

64 1823 110 1875 ter
127 1829 211 1874 meus
233 1829 384 1894 ceptrum:
403 1819 432 1872 et
450 1831 477 1872 ι.
499 1811 535 1874 31
557 1813 665 1874 iterum
707 1814 732 1874 si
752 1813 915 1890 aberraret,
935 1813 1097 1874 absurdum
1122 1822 1308 1893 sequeretur,

65 1898 102 1958 ad
122 1897 280 1976 Apostolos
296 1915 399 1958 omnes
414 1895 503 1957 dixit:
520 1898 593 1958 Eece
610 1897 668 1958 Su·
708 1897 754 1958 vel
766 1897 845 1977 quod
858 1905 937 1958 totns
949 1916 1018 1975 grex
1029 1899 1058 1958 in
1077 1916 1206 1959 errorem
1223 1897 1311 1958 indu-

65 1988 154 2042 tunos
166 1982 301 2060 repetivit
316 1998 376 2054 eos,
389 1988 423 2042 ut
437 1981 582 2043 cribraret
594 1981 669 2043 sicori
710 1991 839 2058 seretur,
864 1981 909 2042 vel
932 1983 1011 2062 qnod
1025 1999 1095 2058 grex
1116 1981 1145 2043 in
1163 1990 1310 2063 pastorem

65 2067 210 2127 triticum.
224 2064 326 2145 ltaque
338 2065 367 2125 in
381 2065 528 2144 hpostolis
543 2081 669 2142 regnum
709 2065 875 2142 insurgere,
894 2065 1082 2146 eundemque
1094 2067 1242 2144 corrigere
1254 2065 1310 2127 de-

65 2167 168 2224 suum,
182 2165 233 2209 seo
247 2147 410 2210 Ecclesiam
426 2167 443 2208 a
457 2165 489 2209 se
504 2147 668 2208 institutam
710 2148 805 2210 beret.

65 2232 278 2308 consideravit,
290 2241 493 2312 quamportae
506 2231 592 2292 inleri
602 2251 671 2292 eon·
750 2233 835 2312 Resp.
848 2231 929 2294 inter
939 2230 1102 2313 Episcopus
1113 2240 1142 2295 et
1154 2232 1246 2295 totius
1258 2231 1311 2294 Ec·

67 2317 153 2378 tinuo
182 2317 408 2396 oppugnabunt.
437 2314 511 2377 Dein
537 2315 669 2377 medium
709 2315 994 2380 clesiaePrimatem
1015 2317 1311 2400 marimaestdille-
1346 2319 1349 2329 “

67 2401 238 2477 assignans,
254 2419 313 2480 spuo
332 2419 390 2461 non
411 2399 597 2461 obstantibus
613 2397 669 2461 So-
710 2400 966 2482 rentia.Episcopi
977 2400 1055 2462 enim
1067 2401 1174 2480 singuli
1185 2401 1220 2463 ad
1231 2419 1312 2465 sum·

66 2493 158 2546 tanae
176 2484 292 2544 insidiis
311 2484 441 2545 Ecclesia
460 2484 543 2544 hrmo
569 2483 669 2544 consi·
711 2503 790 2546 mum
810 2502 918 2546 nocere
939 2495 1058 2565 possunt
1078 2485 1221 2567 peculiari
1240 2503 1310 2563 gre-

67 2577 138 2644 stat,
156 2566 274 2628 Petrum
298 2567 458 2648 alloquitur
474 2567 586 2628 dicens:
607 2569 668 2630 Ro·
709 2569 753 2646 gis
771 2568 913 2649 portioni,
934 2569 981 2630 cui
999 2577 1154 2652 praesunt,
1174 2589 1207 2630 ac
1230 2569 1311 2628 mul-

68 2652 336 2734 poct'proto.etc.,
356 2652 440 2732 quasi
460 2651 670 2732 discretoquia
712 2653 803 2732 tiplici
833 2662 987 2732 praeterea
1018 2653 1132 2717 ratione
1163 2651 1312 2714 eiusmodi

69 2735 197 2798 Satanas
229 2736 330 2806 multis
360 2735 476 2796 insidiis
506 2729 669 2797 Ecclesiam
712 2735 828 2816 partiali
855 2735 963 2800 damno
989 2746 1088 2818 posset
1112 2735 1248 2810 occurri,
1267 2734 1312 2794 uti

68 2837 168 2882 meam
183 2819 352 2881 subvertere
364 2820 479 2895 nititur,
492 2837 545 2896 ego
559 2838 612 2900 pro
630 2828 670 2896 te,
712 2821 770 2880 iom
782 2837 871 2899 saepe
883 2819 991 2881 lactum
1008 2830 1063 2898 est;
1077 2839 1145 2881 nam
1158 2819 1224 2881 irleo
1236 2836 1312 2879 con-

68 2921 159 2986 quem
173 2903 331 2964 Primatem
347 2903 496 2964 Ecclesiae
515 2904 670 2964 instituto-
712 2903 832 2964 stitutus
850 2911 895 2965 est
914 2903 1003 2965 totius
1019 2904 1168 2966 Ecclesiae
1183 2901 1310 2976 Primus,

67 3005 122 3050 rus
139 3005 219 3062 som,
232 2987 348 3065 rogavi,
364 2995 398 3048 ut
417 2996 460 3063 tu,
477 2987 671 3048 indefectibili
712 2986 764 3068 qui
789 2987 879 3048 etiam
905 3006 974 3049 oves
999 3005 1140 3068 pascere,
1161 2986 1312 3047 Praelatos

69 3073 131 3134 fide
151 3071 314 3152 praeditus,
330 3073 434 3133 tratres
453 3071 630 3132 confirmare
644 3078 673 3131 et
714 3089 836 3150 regere,
855 3079 885 3133 et
908 3071 1063 3153 Episcopis
1085 3071 1238 3148 invigilare
1256 3069 1313 3131 de-

69 3155 109 3218 ah
124 3173 226 3216 errore
239 3171 427 3236 praeservare
440 3155 544 3235 possis.
559 3152 674 3226 Quibus
714 3155 782 3234 bet3
802 3155 959 3236 adipsum
978 3153 1049 3234 ergo
1068 3173 1221 3216 recurrere-
1240 3171 1313 3234 pos-

68 3239 171 3301 uerbis
193 3238 424 3301 auditisPetros
442 3240 547 3320 plenus
565 3239 674 3301 hdocia
714 3249 780 3302 sent
794 3247 823 3301 et
836 3239 980 3300 deberent
996 3239 1109 3315 heleles,
1125 3239 1176 3319 qni
1191 3239 1314 3320 Episco-

70 3322 188 3386 Christo
206 3323 294 3384 lixit:
314 3323 453 3400 Domine,
473 3331 566 3386 tecum
578 3339 673 3402 poro·
714 3341 783 3405 pum
803 3341 890 3384 sumn
909 3333 1055 3384 errantem
1080 3323 1263 3400 deserentes,
1284 3329 1314 3384 et

71 3416 122 3471 tus
136 3425 203 3469 sam
217 3417 243 3470 et
261 3409 295 3469 in
309 3424 453 3470 corcorem
466 3415 492 3469 et
506 3408 538 3469 in
552 3416 675 3469 mertem
714 3425 830 3469 summo
848 3406 963 3468 Pastori
981 3408 1195 3484 adhaerentes,
1215 3426 1314 3487 neque

70 3509 131 3562 ere.
153 3490 285 3554 Christus
307 3499 405 3553 autem
431 3490 583 3571 reposuit:
603 3491 675 3553 Dico
715 3491 752 3552 ab
772 3491 909 3568 interno,
928 3509 1025 3571 neque
1044 3491 1081 3554 ab
1100 3501 1222 3554 externa
1239 3491 1314 3553 obe-

71 3577 145 3652 tiht'‚
164 3577 263 3652 Petro,
281 3593 342 3638 non
359 3576 486 3638 contulit
505 3575 590 3638 hodie
607 3575 675 3656 pul·
715 3575 825 3638 dientia
838 3574 1077 3654 seiungerentur,
1088 3577 1258 3656 nulliusque
1271 3575 1316 3635 in·

72 3661 148 3735 lus,
174 3661 264 3722 docter
288 3669 333 3722 ter
357 3662 479 3739 obrepas
504 3675 588 3722 nesse
617 3676 673 3721 me.
705 3659 911 3721 'ordinationis
928 3659 972 3720 rei
987 3668 1096 3722 essent.
1110 3660 1218 3724 Contra
1232 3677 1312 3733 vero,

71 3742 191 3816 Quibus
207 3744 304 3814 verbis
318 3744 418 3805 docuit
436 3743 576 3820 Petrum,
599 3763 676 3824 quo·
715 3743 741 3805 si
758 3742 844 3804 llom.
864 3741 1017 3820 Pontifex,
1037 3743 1143 3806 Pastor
1157 3759 1315 3823 supremus

74 3827 164 3890 modo
187 3829 367 3910 praecedens
386 3827 544 3909 promissio
563 3825 677 3890 intelli·
717 3835 747 3890 et
763 3827 956 3904 uniuersalis,
974 3829 1081 3891 laisum
1106 3829 1211 3908 dogma
1230 3825 1315 3885 evol-

74 3913 171 3990 gentle
192 3913 248 3988 sit,
268 3912 348 3992 quod
366 3912 478 3974 scilicet
501 3913 617 3972 loturus
641 3911 679 3972 sit
717 3919 798 3990 garet
813 3909 1073 3989 lidecredendum,
1087 3893 1315 3974 Ecclesiae⁸uni

75 3995 290 4058 indefectibilis
308 3997 338 4056 in
358 3996 414 4058 title
436 4003 468 4055 ut
489 3993 602 4056 Primas
620 3995 677 4056 Ec·
720 4013 819 4056 versae
832 3995 973 4058 damnum
986 3997 1119 4070 inferret,
1132 4012 1186 4055 noo
1200 3991 1315 4053 risibile

77 4082 208 4156 etesiae,
229 4098 287 4141 non
313 4091 411 4142 autern
430 4079 633 4159 impeccabilis
649 4087 680 4160 ot
720 4080 849 4142 tribunal
868 4090 958 4158 esset,
979 4099 1032 4162 per
1049 4080 1125 4160 quod
1145 4095 1228 4138 error
1246 4094 1315 4137 cor-

75 4167 206 4246 por-sona
229 4165 352 4245 privata,
376 4163 449 4224 llinc
470 4165 526 4222 iarn
550 4160 601 4224 SS.
622 4162 679 4224 Pa·
750 4178 780 4235 (a
797 4176 830 4224 cr.
847 4179 897 4225 ceo·
908 4179 933 4224 ιι
950 4181 972 4224 ιιι
986 4179 1056 4236 epra.
1072 4177 1078 4222 r
1095 4175 1124 4220 au
1141 4175 1315 4222 trictionem.

77 4259 139 4312 tres
157 4249 277 4322 docent,
294 4247 442 4312 Christum
460 4249 507 4330 (ι)
523 4247 680 4310 inc'electi·
721 4238 814 4344 {Sug-⁸
821 4231 1317 4354 Eff'pffi‘ffigaffffl{pecs-'iffi

110 4351 268 4418 ttltoctt,
282 4355 320 4404 &t
699 4357 771 4405 ros.
787 4371 810 4406 ιι.
825 4357 847 4405 ι.
863 4361 907 4402 ιιι.
923 4357 960 4401 ιο.

373 4458 411 4487 ..ι

356 4487 370 4515 p
389 4484 403 4494 ,.
