2918 4734
453 175 528 224 runs
545 176 578 222 u.
599 174 701 222 suerro
717 175 740 222 r.
759 175 854 222 canor
871 176 894 223 r.
1193 153 1284 248 ιιι,ι

63 252 180 316 scribere
197 250 304 334 voluit,
325 251 377 318 sed
393 254 505 321 nrdlius
522 253 652 336 scripto·
669 253 676 338 Ι
694 253 732 319 tis
752 255 853 318 addita
867 261 948 332 sunt,
967 274 1045 338 quaa
1056 259 1131 412 gott
1148 249 1298 320 &aanor

64 338 210 400 risnomeu
224 337 655 422 apposuit.-llispraenota·
694 347 817 404 mortem
837 338 1035 420 contigerunt.
1083 357 1137 402 uae
1153 336 1298 420 portorio·

63 421 94 484 tis
103 420 271 504 propositae
287 421 475 486 difficultates
492 421 580 484 etiarn
592 422 655 484 sin·
692 421 775 486 ribus
793 421 978 504 temporibus
997 423 1198 502 contigerunt,
1217 421 1296 486 scri·
1315 421 1317 430 ’

58 505 172 584 gn'llatim
202 503 328 570 enodari
351 513 496 588 possunt.
518 503 654 570 Dubitari
693 513 745 586 pta
756 514 826 570 sunt
839 505 876 568 ab
895 505 963 570 aliie
974 505 1141 588 Prophetis,
1156 504 1188 567 in
1204 522 1296 584 reguo

60 609 111 652 nou
125 597 238 672 potest,
255 588 343 654 Iosue
360 597 510 654 auctorem
530 609 595 654 esse
612 589 653 651 li·
692 589 776 668 Iuda,
790 590 882 684 autin
898 609 989 670 regno
1002 589 1091 654 brae!
1104 588 1208 671 quovis
1225 597 1296 654 tem·
1337 627 1340 636 ι

58 673 108 751 bri,
134 675 187 820 qlui
213 673 308 756 ipsius
336 692 445 736 nomen
461 673 555 752 gerit,
574 692 652 755 quo·
693 692 766 754 pore
779 673 986 752 existentibus,
998 675 1159 755 praecipue
1177 691 1246 735 nero
1258 673 1294 738 ab

57 757 129 820 niam
160 777 205 820 os.
218 756 319 834 XXIV,
328 757 369 820 ιθ
383 757 492 820 dicitur
504 758 541 820 de
552 755 650 820 losue:
691 757 771 820 lenio
785 757 832 838 (l)
854 765 920 820 eta
943 758 1086 835 Ieremia,
1108 774 1197 839 quem
1217 775 1291 821 nou·

57 841 172 921 Scripsit
184 859 298 922 propos
311 843 413 904 omnio
429 842 518 904 carlo
535 841 604 906 boec
619 841 653 904 in
692 840 766 904 nulli
780 840 925 904 librorum
939 840 1051 922 Regum
1064 850 1215 906 auctorem
1229 859 1294 910 esst

58 925 280 1008 uoluminelopt’e
290 925 654 1000 Dommimtlicolesiasti·
691 924 947 1004 voluntdliivero
959 924 1295 1007 putantllrdrcmlibros

59 1027 106 1070 uus
116 1028 180 1091 cap.
193 1003 282 1072 XLVI
295 1009 338 1071 ait
349 1008 387 1072 de
398 1009 495 1086 losue,
505 1027 575 1071 eum
586 1027 653 1070 susc·¹
692 1006 804 1088 Regum
823 1027 971 1088 exarasse3
991 1018 1104 1074 certum
1120 1017 1165 1072 est
1182 1017 1294 1090 summ,

59 1112 196 1156 cessorem
209 1091 316 1174 llopsis
329 1093 419 1156 luisse
429 1094 461 1156 in
472 1093 651 1172 Propltctt't's,
691 1092 788 1172 ipsum
802 1092 858 1174 boc
873 1111 959 1174 opus,
976 1093 1180 1158 consentiente
1198 1101 1228 1156 et
1244 1113 1294 1176 ap·

60 1178 85 1238 id
102 1186 155 1253 est,
169 1179 201 1240 iu
217 1178 376 1253 librorum,
392 1175 593 1258 quidiviuitus
607 1176 654 1238 iu·
693 1175 836 1257 probante
845 1195 991 1258 synagoga
998 1177 1179 1261 suscepisse,
1189 1187 1294 1260 etpras

58 1261 256 1342 epiroticum,
276 1261 448 1343 scriptione.
466 1258 582 1342 siquae
595 1280 652 1322 no·
694 1260 831 1324 manibus
847 1260 986 1324 babuisse
1001 1262 1121 1342 publica
1140 1279 1294 1324 commen-

59 1347 144 1424 mina,
159 1345 207 1410 rel
224 1345 302 1408 iacta
315 1354 474 1408 occurrunt
497 1344 583 1408 iosus
595 1345 666 1426 po-'
693 1343 779 1420 taria,
794 1363 829 1408 ex
842 1344 952 1426 quibus
963 1345 1096 1410 fortassis
1109 1363 1215 1408 omues
1225 1365 1295 1428 qua·

57 1431 188 1508 sterima,
208 1429 368 1492 dicendum
381 1438 436 1505 cst,
456 1447 520 1492 aaa
538 1427 651 1506 Iudice,
693 1427 863 1490 tuorlibros
877 1428 1009 1507 digessit.

57 1513 96 1576 rel
107 1513 256 1595 Propheta
274 1513 451 1596 posteriore,
468 1513 545 1575 iorte
561 1532 578 1575 a
596 1510 652 1574 Sa·
736 1511 801 1575 Obi.
818 1511 849 1574 i.
863 1510 896 1574 ln
910 1513 987 1576 libro
1006 1512 1092 1576 losue
1106 1531 1173 1595 cap.
1189 1511 1294 1576 Xnar·

57 1599 148 1660 muele
172 1598 274 1661 addita
292 1615 370 1660 esse.
386 1632 428 1644 -
442 1595 651 1674 Concedimus,
693 1603 786 1672 ratur,
806 1596 898 1658 solem
915 1605 945 1660 et
956 1596 1058 1660 lunam
1070 1597 1187 1660 stetisse
1198 1598 1235 1676 ad
1247 1617 1296 1662 ro·

57 1681 159 1744 librum
172 1682 307 1746 ludicuru
323 1680 360 1744 ab
374 1679 448 1761 ipsis
459 1679 609 1744 iudicibus
621 1679 652 1744 in
692 1696 755 1740 cem
775 1677 877 1756 losue,
898 1680 1067 1760 etquidem
1085 1681 1180 1763 spatio
1206 1683 1295 1746 ouius

56 1765 207 1843 eaiorrna,
226 1785 286 1847 qua
305 1783 384 1828 nuuc
402 1773 491 1840 extat,
506 1784 564 1828 uon
588 1783 653 1828 esse
693 1762 763 1826 diei.
783 1761 872 1827 Multa
896 1772 995 1826 autern
1023 1773 1108 1842 suut,
1129 1785 1207 1848 quae
1224 1786 1295 1849 pro·

57 1851 267 1932 conscriptum,
283 1868 351 1912 cum
364 1849 453 1911 unius
469 1857 601 1911 texturae
616 1868 652 1910 o·
692 1845 777 1924 bant,
795 1849 874 1910 istud
896 1848 1007 1910 facturn
1026 1849 1108 1912 nullo
1133 1851 1221 1914 modo
1239 1851 1295 1914 ad-

57 1952 107 2012 pus
120 1951 187 1996 esse
199 1942 353 2015 appareat.
367 1931 506 1995 Attamen
516 1932 654 1995 vetustis·
694 1931 770 1993 roitti
783 1950 881 2012 posse;
897 1933 997 2013 primo
1015 1933 1094 1995 euim
1110 1931 1141 1996 S.
1158 1931 1294 2015 Scriptu-

56 2016 157 2078 simum
180 2037 245 2080 esse
267 2017 398 2080 dubitari
412 2036 472 2078 nou
488 2025 653 2097 potest,at-
693 2033 726 2076 ra
740 2015 845 2078 fulsum
860 2016 994 2098 loquitur
1021 2018 1091 2080 dum
1107 2017 1180 2080 dicit
1207 2018 1295 2082 colam

57 2119 110 2180 que
129 2110 199 2166 aute
220 2102 380 2181 septimum
403 2099 524 2163 Doridis
541 2119 652 2162 anuum
691 2100 815 2173 stctr’sre;
829 2110 932 2164 notum
951 2101 1030 2162 euim
1045 2109 1102 2176 est,
1122 2120 1183 2164 uon
1202 2102 1295 2166 solem

57 2195 202 2248 exaratum
222 2184 334 2260 luisse,
353 2186 399 2248 vel
417 2205 452 2246 ex
475 2205 510 2248 ec
533 2184 653 2248 euidens
692 2183 771 2245 circa
790 2191 921 2260 terram,
940 2185 990 2246 sed
1010 2192 1118 2248 terram
1140 2185 1220 2250 circa
1244 2206 1296 2250 so-

57 2277 105 2341 est,
125 2270 203 2350 quod
224 2267 340 2350 caputi
356 2268 491 2332 lebusaei
516 2268 654 2330 dieantur
692 2265 750 2328 lem
773 2267 896 2330 moveri:
915 2271 1053 2343 secundo,
1073 2269 1098 2330 si
1116 2270 1206 2332 statio
1224 2271 1296 2334 solis

58 2350 185 2416 habitare
195 2353 226 2414 in
237 2353 399 2416 Ierusalem
418 2371 512 2435 usque
526 2353 557 2415 in
570 2371 654 2434 prae·
692 2360 721 2412 et
743 2351 833 2414 lunae
852 2371 919 2416 vere
938 2353 1120 2432 contigisset,
1144 2362 1236 2417 toturn
1257 2375 1296 2417 u-
1402 2386 1408 2396 ·

58 2447 162 2498 sentem
183 2437 262 2502 diem
280 2456 289 2499 τ
315 2444 430 2500 constat
448 2449 547 2500 autem
574 2456 608 2498 eu
626 2435 653 2500 11
693 2434 841 2496 nirersum
854 2436 1022 2516 perturbari
1036 2436 1198 2516 debuisset,
1218 2446 1248 2501 et
1265 2459 1296 2502 o·

60 2517 124 2598 lleg.
144 2519 234 2584 Vens
253 2541 270 2583 a
288 2519 398 2584 Doride
416 2541 450 2582 ex
465 2519 540 2582 urbe
561 2519 652 2582 luisse
693 2537 777 2581 mnes
786 2518 1007 2584 observationes
1017 2523 1234 2585 astronomicae
1242 2523 1296 2586 ial-

58 2603 198 2683 expulsos.
218 2605 262 2668 Er
285 2605 331 2666 bis
349 2605 512 2666 coniiciunt
530 2605 651 2682 eruditi,
692 2602 836 2665 leuentur:
850 2606 947 2681 tertio,
960 2605 1034 2667 baec
1048 2606 1135 2668 statio
1147 2606 1219 2668 solis
1232 2607 1297 2670 ubi·
1365 2669 1367 2674 .

58 2685 214 2754 Samum
235 2687 306 2751 libri
324 2699 474 2752 auctorem
493 2707 571 2766 esse;
596 2708 652 2751 ne-
692 2705 750 2766 que
765 2688 918 2750 observata
933 2688 1050 2766 fuisset,
1064 2698 1093 2751 et
1108 2690 1199 2753 totius
1210 2709 1296 2752 mun·

59 2787 108 2850 quc
126 2773 206 2834 enim
225 2771 381 2855 probabile
398 2783 455 2851 est,
474 2771 651 2854 Prophetam
692 2769 722 2831 di
740 2771 966 2834 adrnirationem
988 2773 1161 2850 excitasset3
1181 2782 1296 2836 constat

59 2853 147 2932 huuc,
175 2875 244 2920 curu
265 2855 479 2938 rempublicam
498 2853 652 2919 Hebraeo·
693 2853 1295 2938 autem,innulloproianoscriptorede
1346 2907 1348 2917 .
1425 2901 1431 2910 -

57 2954 116 2999 rum
137 2939 192 3002 Ilei
210 2947 286 3002 nutu
306 2950 336 3016 et
354 2941 477 3003 consilio
496 2940 653 3004 restitueu·
693 2956 728 3000 ea
742 2939 923 3003 mentionem
936 2941 1011 3002 deri.
1025 2940 1066 3003 Ne
1080 2959 1148 3018 ergo
1159 2938 1247 3002 Iosne
1259 2941 1296 3006 de

57 3019 117 3082 darn
135 3025 333 3106 suscepisset,
353 3025 579 3105 praeteritarum
601 3045 651 3088 re·
692 3021 818 3086 solemni
828 3024 980 3086 mendacio
994 3032 1178 3102 argueretur,
1192 3023 1295 3087 diceu-

57 3121 129 3183 mm,
145 3127 272 3190 quarum
283 3106 376 3170 Deum
392 3118 544 3172 auctorem
562 3127 653 3187 agno·
692 3105 762 3168 dum
781 3107 860 3186 erit,
884 3108 1019 3188 paralion
1037 3108 1068 3168 in
1096 3107 1180 3169 coelo
1201 3127 1296 3192 appa-

56 3190 162 3268 scebat,
175 3200 206 3254 et
216 3209 293 3274 quae
312 3192 347 3254 ad
367 3192 469 3273 populi
483 3191 653 3256 instructio·
691 3190 798 3267 ruisse,
811 3190 997 3254 etarudibus
1009 3190 1152 3254 Hebraeis
1162 3210 1218 3274 pro
1229 3195 1292 3256 sole

55 3291 118 3334 uem
142 3285 173 3338 et
191 3275 453 3338 commonitionem
474 3295 563 3356 quam
582 3279 651 3358 plu·
692 3273 825 3336 habiturn
843 3274 946 3337 luisse.

55 3356 156 3420 riorum
173 3359 324 3433 valebant,
344 3359 518 3424 memoriam
536 3359 577 3423 ita
596 3380 651 3422 ne·
731 3359 817 3438 Resp.
844 3358 888 3420 Ad
912 3358 989 3421 banc
1013 3357 1218 3424 difficultatem
1244 3380 1296 3424 re·

54 3441 193 3519 glorisso,
216 3452 250 3504 ut
274 3462 325 3506 eas
343 3443 491 3506 oblivione
520 3444 652 3523 extingui
691 3441 898 3521 spondendum
917 3451 973 3518 est,
1001 3442 1080 3523 quud
1099 3442 1233 3508 Christus
1247 3445 1295 3526 (2)

55 3535 212 3606 pateretur;
229 3527 280 3589 sed
299 3528 398 3608 potius
413 3547 447 3589 ex
465 3538 651 3591 commenta·
691 3525 774 3590 dicit:
792 3527 882 3606 Apud
906 3527 1000 3590 Dracon
1017 3527 1119 3600 omnio
1143 3529 1297 3608 possibilie

56 3608 99 3669 riis
112 3611 203 3672 uariis
222 3611 407 3691 temporibus
425 3611 551 3674 exermis
568 3612 650 3675 ludi·
691 3619 771 3672 sunt.
788 3609 877 3687 Deus,
891 3611 946 3692 ¹qui
961 3620 1069 3674 terram
1083 3618 1112 3675 et
1125 3619 1204 3675 astra
1216 3631 1297 3675 erea-

56 3707 115 3752 cum
131 3693 287 3756 historiam
301 3695 466 3774 collegisse,
484 3703 514 3756 et
527 3697 652 3758 concin—
691 3694 743 3769 uit,
767 3693 870 3775 eisque
890 3703 1002 3756 motum
1021 3694 1132 3758 indidit
1159 3715 1193 3758 ac
1210 3715 1297 3776 prae·

57 3791 134 3840 nasse
158 3777 341 3840 credendum
364 3787 418 3840 est.
432 3813 474 3825 -
492 3777 576 3851 Quod
597 3779 651 3842 de·
691 3778 821 3858 scripsit,
835 3778 938 3842 eadem
958 3778 1100 3842 facilitate
1114 3780 1230 3842 efficere
1245 3798 1296 3860 po-

58 3874 129 3920 mum
147 3860 208 3923 duo
231 3862 347 3943 priores
362 3861 432 3924 libri
460 3861 572 3942 Regum
592 3863 651 3928 So·
691 3861 766 3939 tuit,
784 3872 818 3922 ut
836 3881 890 3942 per
907 3862 1026 3945 aliquod
1048 3871 1164 3943 tempus
1181 3880 1294 3924 eorun-

58 3944 154 4007 muelia
171 3962 238 4006 esse
252 3945 401 4021 dicautur,
416 3947 491 4009 ratio
510 3956 566 4023 est,
581 3948 652 4028 quia
690 3945 757 4006 dero
774 3955 872 4009 motus
885 3945 1017 4009 sistatur.
1028 3944 1215 4008 Temerarius
1226 3963 1295 4022 ergo

59 4025 164 4102 primus
191 4027 270 4092 liber
294 4029 331 4092 ab
360 4030 483 4092 historia
506 4028 652 4093 Samuelis
692 4029 800 4090 mentis
818 4039 874 4106 est,
905 4030 1015 4092 iactum
1039 4031 1077 4092 ab
1095 4030 1223 4090 Auctore
1236 4029 1295 4090 tide

59 4107 167 4192 incipit,
186 4120 217 4174 et
236 4113 337 4194 priora
361 4113 458 4196 capita
478 4133 495 4176 a
515 4111 652 4178 Samuele
692 4112 781 4190 digno
800 4114 941 4190 relatum,
960 4113 1027 4174 ideo
1043 4120 1157 4174 tantum
1172 4129 1294 4190 negare,

60 4194 160 4274 scripta
178 4206 259 4272 sunt,
280 4196 389 4277 quibus
409 4197 478 4260 dein
497 4198 528 4259 in
547 4197 651 4260 eodem
692 4197 763 4280 quia
781 4196 812 4258 in
831 4195 883 4259 illo
909 4197 1084 4260 miraculum
1104 4193 1294 4277 omnipoten-

61 4277 202 4342 mlumioe
222 4281 384 4356 aNotbon‚
397 4292 426 4343 et
441 4282 506 4344 God
520 4281 653 4365 Prophe·
721 4305 753 4360 n)
769 4301 875 4351 nemu.
890 4300 927 4363 ac,
942 4301 992 4358 uc„
1040 4299 1074 4358 ra)
1090 4300 1170 4347 morou.
1186 4302 1223 4360 tn,
1237 4302 1274 4350 ao
