2918 4734
179 187 242 252 l38
579 199 763 248 rnouoouu
782 199 946 247 scammis

140 303 285 370 perquam
304 286 443 364 noxiam,
462 303 521 348 nou
544 285 738 361 attentasset3
778 290 894 359 rentur,
909 290 939 344 et
957 279 987 342 in
1003 277 1129 362 publicis
1143 277 1279 341 coetibus
1295 297 1401 362 prae-

135 369 166 429 si
180 370 287 446 malus,
303 381 361 432 tarn
378 387 481 452 puram
497 379 527 431 et
541 377 672 430 sanctam
687 367 740 428 do·
780 366 933 445 legerent?
946 365 979 428 ld
992 363 1108 426 admitti
1123 381 1184 428 nen
1200 372 1313 444 potest,
1331 367 1399 428 nisi

141 453 264 519 alrinaur
293 473 351 516 non
377 455 592 536 proposuisset.
619 447 694 527 laio,
713 451 739 512 si
778 451 858 512 inter
873 450 974 512 fideles
991 446 1399 514 statuaturuniverselisvel

141 537 333 600 achristiauo
343 538 472 618 quodam
486 537 554 602 libri
565 534 600 597 ll.
612 533 646 596 t.
659 553 740 596 com·
757 535 761 588 l
779 535 904 609 ruditas,
924 541 957 595 ut
976 533 1126 594 veritatem
1150 529 1303 612 inquirere
1327 551 1399 596 nen

141 619 242 702 pilati,
261 631 291 683 et
312 622 368 684 sub
388 621 560 684 nominibus
577 619 739 700 Apostolo·
779 627 912 699 possent,
923 617 968 680 vel
981 625 1094 699 torpor,
1108 624 1140 676 ut
1151 633 1216 675 eam
1229 615 1400 697 inquirere

140 699 207 765 nrm
225 705 368 788 publicati
387 706 532 780 luissent,
554 703 620 765 tulis
637 711 740 764 auctor
779 721 838 763 noa
861 703 982 764 vellent.
1002 700 1177 762 Nullatenus
1199 707 1301 760 autem
1331 703 1399 763 ad-

140 805 242 850 rerum
259 789 394 868 aenigma
409 799 498 866 esset,
515 787 595 869 quod
614 786 739 865 intelligi
779 786 858 847 mitti
882 793 996 868 potest,
1016 803 1121 848 omnes
1145 783 1254 864 primos
1278 785 1399 851 fideles

139 881 170 934 sl
187 871 263 934 solui
275 874 322 934 aix
337 883 449 954 posset3
467 891 534 934 uam
551 871 694 952 impostor
705 889 740 937 ex
780 870 900 951 penitus
928 869 1017 931 rudes
1044 877 1075 929 et
1103 867 1236 948 stupidos
1264 869 1397 950 luisse,

138 965 226 1038 parte
243 955 411 1020 intellectus
429 973 570 1034 magnum
594 954 739 1018 eruditio·
780 953 849 1035 quia
866 954 954 1018 etiam
972 953 1107 1014 homines
1123 952 1194 1032 culti
1209 960 1238 1014 et
1255 955 1396 1034 eruditi,

139 1040 186 1107 nia
201 1050 388 1123 apparatum,
405 1049 439 1101 ut
454 1048 569 1102 tantum
584 1057 658 1120 opus
672 1057 740 1099 mo·
780 1037 843 1100 imo
860 1048 889 1100 et
906 1036 1079 1117 Philosophi
1098 1035 1280 1114 Religionem
1295 1041 1398 1102 cluri-

138 1123 257 1200 licetur,
265 1125 415 1204 simulque
427 1124 574 1185 demotum
588 1121 750 1204 proderet·
779 1121 906 1186 elianam
926 1121 1052 1202 amplexi
1072 1129 1152 1196 sunt,
1169 1139 1220 1200 qur
1239 1121 1300 1184 iarn
1319 1125 1398 1205 pri·

140 1216 173 1269 nt
190 1209 336 1270 maiorem
353 1209 425 1270 urtis
442 1206 572 1288 speciem
586 1207 672 1288 operi
685 1227 740 1269 suo
781 1205 1198 1284 missaeculisegregiaopera
1209 1204 1395 1273 ediderunt.

139 1310 199 1353 nan
227 1291 393 1356 tribueret:
414 1311 449 1353 ex
468 1302 553 1376 parte
568 1299 667 1354 autem
687 1309 740 1352 ro-
779 1287 870 1352 ldulto
894 1291 993 1352 minus
1020 1288 1195 1350 universalis
1221 1296 1333 1370 torpor
1359 1293 1396 1354 in

139 1375 262 1438 luntatis
281 1394 412 1438 amorem
431 1376 549 1437 virtutis
566 1385 597 1438 et
617 1375 740 1454 religio·
779 1374 984 1436 examinandis
1009 1371 1173 1450 Religionis
1198 1371 1397 1439 christianae

140 1459 210 1535 nis,
231 1479 319 1540 quarn
345 1460 407 1522 suis
430 1459 549 1540 scriptis
574 1468 738 1540 promovet,
778 1458 966 1520 documentis
984 1456 1102 1519 admitti
1116 1464 1224 1537 potest,
1236 1475 1306 1518 curn
1323 1461 1395 1523 sive

140 1543 288 1626 simulque
299 1543 540 1620 fraudulentiam,
551 1561 610 1628 qua
622 1543 674 1610 loti
685 1543 740 1604 im·
778 1560 814 1604 ex
826 1541 988 1617 ludaismo,
1001 1543 1063 1602 sive
1073 1559 1108 1601 ex
1120 1539 1298 1603 Gentilismo
1311 1561 1396 1607 con-

140 1646 251 1707 ponere
264 1627 375 1690 rnuudo
390 1629 506 1704 nititur,
521 1627 673 1708 possidere
685 1628 738 1688 dc·
779 1627 871 1688 uersis
887 1625 1013 1688 maxime
1028 1625 1171 1688 interesse
1186 1623 1343 1704 debuerit,
1359 1639 1397 1691 ut

141 1711 266 1773 buissel.
282 1710 366 1772 Tales
379 1713 436 1773 iam
449 1719 583 1774 statuunt
595 1711 738 1772 librorum
778 1710 898 1772 nonnisi
925 1727 1028 1772 veram»
1050 1707 1212 1771 doctrinam
1241 1711 1397 1792 suscipe-

141 1793 175 1855 N.
191 1793 225 1856 Τ.
240 1803 376 1857 auctores
393 1795 551 1872 increduli,
567 1803 600 1856 ut
615 1813 699 1856 veros
711 1803 740 1856 et
779 1804 864 1870 rent,
883 1811 936 1876 pro
953 1813 1011 1875 qua
1030 1792 1123 1872 parati
1146 1811 1213 1854 csse
1229 1793 1397 1859 debebant

142 1877 180 1939 ab
199 1879 338 1940 omnibus
359 1888 494 1960 receptos
519 1878 690 1954 eliminent,
710 1887 740 1940 et
779 1879 815 1940 ad
828 1879 907 1939 dirus
922 1897 1042 1961 quoque
1054 1877 1277 1958 persecutiones
1292 1881 1396 1942 susti-

141 1963 224 2025 docoi
237 1962 349 2024 iaciunt
361 1962 740 2044 contradictiones,quibus
779 1963 902 2024 nendas.
921 1962 1055 2027 Ceterum
1070 1960 1260 2022 christianum
1279 1961 1397 2027 Eccle-

140 2048 316 2126 semetipsos
333 2047 496 2109 inuoluunt.
778 2047 852 2108 siam
873 2065 932 2108 non
951 2047 1016 2107 sine
1040 2054 1156 2106 maturo
1182 2045 1323 2108 eramiae
1349 2049 1397 2116 ti-

182 2130 213 2192 t.
230 2130 337 2211 Nequit
352 2131 497 2209 assignari
511 2139 622 2211 ternpus
635 2140 738 2195 almo·
779 2131 849 2192 bros
875 2149 973 2192 sacros
995 2129 1165 2210 recepisse,
1191 2129 1249 2190 iam
1274 2131 1396 2196 exinde

141 2214 195 2275 dau
212 2215 428 2294 satppusa‘to'onia.
445 2214 516 2276 Nam
533 2216 558 2276 si
573 2215 640 2277 libri
654 2215 689 2277 N.
701 2216 736 2279 T.
780 2223 914 2296 apparet,
933 2214 1003 2296 qrria
1022 2214 1122 2295 plures
1135 2213 1216 2288 libri,
1232 2213 1285 2293 qui
1302 2214 1396 2297 Apo-

141 2297 258 2360 coudeti
281 2299 425 2374 luissent,
448 2298 478 2359 id
503 2299 673 2377 contigisset
694 2302 739 2362 rel
779 2301 921 2361 stolorum
937 2297 1059 2368 nornine
1076 2297 1337 2379 praeseferebant,
1358 2311 1397 2363 ut

141 2381 306 2443 virentibus
317 2382 477 2463 Apostolis,
491 2383 535 2443 vel
546 2382 661 2445 bislato
673 2385 740 2446 lun·
780 2382 937 2466 apocryphi
956 2381 1060 2444 reiecti
1077 2389 1158 2443 sunt.

140 2465 215 2542 ctis:
236 2475 398 2546 utrumque
419 2485 489 2528 uero
514 2466 675 2528 absurdum
695 2478 739 2530 est
820 2469 909 2532 Nolo.
922 2465 1320 2546 lluioquuqueargumenlo
1334 2469 1396 2530 ad-

141 2557 171 2611 et
195 2549 391 2630 impossibile.
410 2549 482 2621 Quis
500 2550 579 2611 eninr
599 2552 738 2632 supposi-
779 2551 899 2612 versarii
919 2551 1062 2632 qraasdam
1080 2549 1267 2611 difficultates
1286 2569 1396 2632 oppo-

141 2633 253 2695 tiouem
271 2635 476 2716 Apostolorum
502 2643 645 2715 tempore,
667 2636 739 2716 ipsis
779 2645 874 2711 nunt,
901 2653 975 2715 quas
1000 2642 1099 2695 autem
1119 2633 1233 2695 solvere
1251 2634 1394 2698 arduum

140 2717 367 2794 docentibus,et
378 2718 529 2781 Ecclesiae
540 2737 655 2780 summa
668 2739 739 2782 cura
780 2738 838 2780 noa
858 2717 926 2780 erit.

139 2801 361 2880 invigilantibus
384 2802 550 2864 tentasset?
565 2801 640 2864 Num
660 2806 738 2884 passi
822 2803 886 2867 obt.
908 2803 937 2864 l.
957 2800 1063 2864 Notum
1084 2809 1145 2877 cst,
1164 2807 1277 2862 veteres
1295 2801 1385 2866 clari·

140 2884 265 2948 luissent
282 2886 436 2970 Apostoli,
453 2895 486 2947 ut
507 2887 617 2966 impius
639 2887 738 2968 impo-
779 2885 891 2949 suanos
909 2886 1046 2948 homines
1064 2885 1155 2947 inisse
1177 2885 1283 2963 rudeS,
1307 2890 1394 2952 artis

141 2979 204 3031 stor
221 2988 323 3034 eorum
347 2971 521 3032 auctoritate
546 2969 740 3034 abuteretur?
779 2969 1396 3052 criticaeignarus,nimisercdulcs,prae·

140 3052 245 3118 iisdem
273 3053 507 3116 reclamantibus
531 3053 613 3115 treus
639 3055 738 3116 statim
779 3055 898 3118 iudiciis
917 3054 1113 3135 mancipatos,
1128 3054 1165 3115 ad
1181 3053 1244 3134 pias
1258 3053 1394 3119 fraudes

142 3137 257 3200 detecta
276 3138 390 3200 luisset.
408 3137 451 3200 Ne
468 3137 622 3200 minimum
639 3147 737 3202 aulem
780 3157 961 3221 propensos,
987 3139 1059 3222 qui,
1085 3137 1228 3218 quidquid
1246 3140 1392 3218 speciem

141 3221 296 3299 vestigium
315 3240 351 3283 ex
367 3221 492 3284 historia
510 3234 643 3302 apparet,
660 3224 738 3304 quod
781 3223 898 3304 pietalis
917 3221 1146 3305 praeseferebat,
1165 3220 1313 3283 ambabus
1334 3227 1391 3286 ul-

141 3303 275 3384 hpostoli
302 3314 405 3368 contra
430 3306 665 3388 suppositionem
687 3325 739 3369 re·
780 3304 1390 3388 nisampleetebantumintalihominurn

142 3387 344 3464 clamaverint,
362 3391 497 3470 quamvis
515 3409 550 3451 cx
567 3392 671 3453 eadem
691 3391 739 3452 bi·
780 3398 864 3453 coetu
877 3389 1041 3473 suppositio
1052 3389 1196 3450 librorum
1208 3388 1296 3452 iacile
1309 3409 1392 3454 con·

142 3471 232 3532 storia
250 3481 375 3549 constet,
392 3473 469 3553 quod
484 3475 678 3554 gliscentibus
696 3494 741 3538 er·
781 3475 894 3552 tingere
912 3474 1018 3555 potnit.

142 3555 261 3616 roribus
274 3565 304 3617 et
318 3555 576 3638 depravationibus
589 3558 740 3621 doctrinae
820 3560 904 3639 llcsp.
923 3557 1102 3634 dictumest,
1123 3555 1178 3618 sub
1196 3555 1390 3636 imperatore

143 3638 321 3701 christianae
344 3649 464 3702 strenue
482 3659 514 3703 sc
532 3643 737 3722 opposuerint.
779 3640 910 3720 Augusto
931 3649 1009 3704 artes
1031 3641 1172 3702 liberales
1188 3649 1217 3702 et
1238 3641 1390 3708 scientias

141 3721 294 3784 —Etiam
310 3724 738 3805 postdpcstolorum'mortem
781 3725 1002 3808 philosophicas
1025 3725 1060 3786 ad
1087 3742 1236 3786 summum
1261 3726 1390 3808 apicem

144 3807 264 3869 saeculo
282 3809 426 3884 secundo,
449 3809 547 3884 tertio,
567 3818 618 3870 aut
636 3819 740 3892 quarto
781 3809 947 3892 pertigisse3
962 3828 1051 3894 quarn
1067 3817 1179 3870 temere
1192 3826 1261 3884 erpo
1276 3811 1391 3873 elami-

143 3891 308 3973 suppcsitio
322 3892 387 3953 deri
405 3910 465 3953 nen
484 3892 591 3973 potuit.
608 3891 740 3965 Quomo·
779 3902 845 3955 tant
869 3893 1035 3971 increduli,
1062 3892 1176 3975 primos
1201 3891 1391 3960 christianas

143 3975 182 4036 do
196 3975 275 4038 enirn
291 3975 395 4038 fideles
411 3976 524 4057 ubique
537 3976 668 4039 locorum
685 3979 740 4040 ad·
781 3977 870 4039 rudes
888 3987 918 4040 et
933 3977 1006 4039 artis
1020 3977 1141 4039 criticae
1155 3975 1273 4057 penitus
1291 3977 1389 4056 igna-

143 4058 211 4120 duci
231 4059 408 4142 potuissent,
428 4067 460 4121 ut
477 4059 581 4138 libros,
600 4068 687 4124 antea
705 4082 741 4124 o·
781 4080 830 4123 rcs
841 4061 948 4124 luisset
957 4079 1054 4142 neque
1066 4079 1173 4139 magno
1183 4058 1388 4126 scientiarum

144 4143 264 4229 mnibus
278 4144 403 4222 ignotos,
417 4151 450 4205 ut
463 4144 608 4222 genuinos
618 4144 743 4227 Apostc·
781 4156 924 4228 apparatu
939 4164 1014 4227 opus
1030 4153 1107 4222 erat,
1122 4152 1156 4206 ut
1173 4143 1274 4206 ildeles
1297 4157 1388 4210 certo

143 4224 239 4286 lorum
264 4228 360 4291 foetus
387 4237 600 4306 agnoscerent,
625 4237 654 4290 et
670 4229 742 4292 ‘sine
781 4238 1014 4308 cognoscerent,
1040 4247 1112 4290 num
1137 4228 1214 4290 liber
1230 4228 1345 4309 aliquis
1366 4251 1390 4294 a

145 4309 265 4387 praevio
284 4313 418 4374 examine
441 4320 599 4373 ut'saeros
616 4332 742 4376 venera·
782 4315 908 4394 quodam
927 4313 1066 4394 Apostolo
1084 4311 1268 4394 conscriptus
1280 4311 1322 4375 sit
1335 4316 1396 4379 veta
