2934 4736
433 201 507 248 rans
525 201 568 248 ιιι.
585 201 687 249 succro
703 201 736 246 u.
755 201 850 248 orror
867 201 900 246 ιι.
1185 179 1247 244 359

282 283 417 356 §.arm
469 353 471 360 Ι
691 277 823 358 prolecto
839 274 1036 342 temeritatem
1052 273 1224 352 ostendunt,
1238 271 1290 355 qui

692 362 879 442 operationes
902 361 1018 424 diuinas
1039 360 1224 436 diiudicare,
1244 357 1301 420 uel

691 445 780 508 etiarn
801 463 909 526 negare
927 453 1121 526 praesumunt
1138 444 1203 507 ideo
1221 451 1291 504 tau-

692 520 1292 695 ιι.

87 695 124 760 Ut
142 697 301 774 revelatio,
315 718 403 780 quam
419 689 498 764 Deus
516 719 551 762 ex
566 719 652 765 sum·
670 757 673 768 ,
693 699 789 760 mines
807 706 919 775 autern,
939 696 991 779 qui
1009 695 1180 760 omnimodo
1199 692 1303 757 alteo

51 801 96 844 ma
124 783 264 844 bonitate
294 802 346 866 pro
373 785 527 846 hominum
558 787 653 848 salute
693 782 881 862 dependent,
905 780 1139 862 supernaturalis
1163 779 1294 840 influxus

50 867 219 944 concessit,
240 867 270 928 in
290 867 527 949 omnitempore
551 870 653 932 incor·
693 867 786 928 diuini
804 865 970 948 reeipiendi
988 883 1111 946 capaces
1128 874 1207 926 sunt.
1223 863 1292 928 Mo-

50 961 135 1033 rupta
155 960 358 1031 permaneret,
377 951 546 1017 institutum
563 961 608 1016 est
623 953 655 1016 in
693 951 767 1014 reiis
780 950 911 1030 denique
927 949 1148 1012 infallibilitatis
1164 945 1294 1028 possibi-

51 1035 185 1098 Ecolesia
201 1035 403 1114 magisterium
419 1055 478 1098 rron
492 1039 587 1114 sulum
602 1057 659 1101 au·
695 1035 763 1098 litas
780 1034 1017 1098 luculentissime
1033 1042 1122 1114 patet.
1135 1029 1294 1094 lnlallihile
1322 1102 1324 1107 ,

52 1119 238 1194 theuticum,
259 1119 336 1200 qnod
361 1139 464 1182 omnes
485 1121 589 1184 audire
608 1131 655 1184 te·
696 1117 958 1196 enirn-Religionis
977 1117 1178 1195 magisterium
1199 1115 1294 1177 mari·

50 1213 173 1280 nentur,
194 1204 248 1265 sed
267 1204 356 1266 etiam
376 1204 544 1284 inlellihile,
561 1205 610 1268 oui
625 1225 657 1270 o·
696 1221 744 1264 me
763 1203 901 1266 conuenit
921 1203 1107 1277 horninibus,
1125 1209 1159 1262 ut
1177 1201 1206 1262 in
1225 1216 1295 1278 gra·

51 1307 135 1350 umes
154 1296 223 1351 tuto
248 1287 439 1370 acquiescere
461 1300 596 1370 possunt.
625 1323 658 1336 -
692 1287 935 1352 uissiruosalutis
949 1305 1020 1349 suae
1036 1285 1152 1364 negotio
1164 1283 1295 1346 debitam

52 1370 128 1436 ilaec
155 1380 259 1434 autern
279 1373 441 1454 propositio
461 1374 499 1438 ab
517 1374 658 1436 omnihus
697 1371 905 1435 certitudinem
921 1367 1294 1451 acquirant,Reoelotiuai,

52 1456 261 1537 impugnatur,
285 1457 357 1537 qui,
382 1467 482 1538 spreto
506 1458 657 1523 Ecclesiae
699 1475 787 1538 quae,
804 1454 881 1518 sicut
896 1473 913 1519 a
927 1454 1046 1518 Christo
1055 1451 1207 1515 infallibili
1220 1450 1297 1513 sarta

52 1540 181 1618 iudicio,
193 1542 239 1602 uel
254 1561 308 1602 sun
323 1542 367 1603 vel
383 1542 575 1604 sectariorum
592 1544 658 1625 pla·
699 1548 728 1602 et
752 1539 790 1605 ab
814 1537 963 1620 Apostolis
989 1537 1198 1607 infallibilibus
1224 1551 1296 1616 pro-

52 1625 108 1686 cita
130 1633 314 1707 sequuntur.
334 1624 398 1689 lruo
417 1627 572 1706 nonnulli,
589 1627 657 1708 qui·
700 1625 829 1702 mulgate
845 1621 970 1699 luit,'sic
987 1621 1080 1684 ‘etiarn
1095 1641 1112 1684 a
1128 1619 1297 1700 magisterio

54 1709 107 1770 bus
119 1708 207 1770 iuxta
219 1709 357 1771 hodierni
369 1711 566 1775 rationalisrni
580 1712 660 1792 prin7
699 1707 849 1776 infallibili
871 1703 1072 1771 conservanda
1096 1715 1159 1782 est,
1179 1713 1208 1766 et
1225 1705 1298 1781 Deo,

52 1793 131 1874 cipia
165 1802 274 1855 cuncta
305 1796 543 1876 supernaturalia
572 1814 659 1869 exosa
702 1793 752 1873 qui
773 1801 831 1855 tam
852 1791 985 1856 benefico
1005 1790 1139 1852 instituto
1159 1789 1299 1868 omnipo-

53 1885 135 1952 sunt,
152 1895 289 1958 eousque
303 1878 498 1955 devenerunt,
514 1888 548 1940 ut
564 1878 659 1961 ipsam
700 1875 846 1949 tentiam,
873 1875 1049 1956 sapientiam
1077 1883 1107 1936 et
1135 1872 1298 1936 honitatem

54 1961 287 2043 possibilitatem
310 1962 543 2041 infallibilitatis,
565 1963 660 2041 rnagi·
701 1979 785 2034 suam
812 1961 929 2040 egregie
955 1959 1136 2024 manifestat.
1156 1993 1198 2004 -
1218 1954 1300 2027 Quae

53 2045 145 2108 sterio
168 2045 301 2107 humano
317 2064 488 2125 concessae,
505 2053 658 2127 negarent.
702 2064 769 2108 curn
786 2045 827 2108 ita
842 2043 916 2123 sint,
927 2042 1030 2108 sedulo
1044 2043 1104 2106 iarn
1123 2041 1302 2118 inuestigan-

54 2129 118 2209 ιιι,
133 2129 189 2212 qui
204 2131 246 2191 ita
261 2131 405 2207 sentiunt,
421 2131 508 2196 facile
520 2133 667 2197 refellun·'
702 2129 772 2193 dum
788 2138 844 2206 est,
856 2148 896 2192 an
912 2127 1045 2195 Ghristus
1059 2135 1127 2190 actu
1145 2124 1302 2188 infallibila

56 2223 114 2278 tur.
131 2213 219 2278 Sicut
237 2215 315 2276 enirn
335 2213 499 2294 Revelatio,
517 2217 558 2280 ita
572 2216 661 2279 etiarn
703 2213 905 2292 magisterium
925 2212 957 2276 in
974 2212 1108 2275 Ecclesia
1125 2209 1300 2287 instituerit,

54 2300 193 2380 ¹praelata
228 2298 425 2362 infallibilitas
462 2301 662 2382 undequaque
702 2299 825 2380 quinam
842 2295 1303 2378 siut,quihocinlallihilema·

57 2383 212 2465 possibilis
230 2391 275 2446 est
292 2383 428 2446 dicenda.
448 2383 603 2450 Possihihs
617 2405 663 2449 sa·
702 2382 854 2462 gisleriunr
873 2381 1080 2459 constituunt,
1097 2388 1127 2443 et
1144 2381 1174 2441 in
1195 2378 1304 2460 quibus

58 2487 94 2530 ne
115 2475 162 2530 est
181 2467 281 2548 logice,
300 2469 369 2549 quia
386 2467 417 2535 in
436 2469 568 2530 eiusdem
587 2487 664 2546 con·
703 2468 795 2533 rebus
818 2466 959 2533 docendis
984 2465 1063 2531 donn
1084 2462 1305 2528 infallibilitatis

57 2561 147 2634 ceptu
174 2553 257 2614 nulla
282 2553 477 2615 contradictio
501 2551 662 2634 reperitur.
705 2551 832 2634 praediti
857 2551 934 2614 sint:
955 2549 1102 2629 agendum
1121 2563 1189 2626 ergo
1210 2556 1254 2608 est
1272 2546 1302 2607 l.

58 2635 186 2716 Physica
205 2655 326 2717 quoque
344 2637 495 2718 possibilis
519 2646 583 2715 est,
601 2638 664 2700 sive
704 2637 740 2706 ale
767 2633 993 2715 infallibilitutia
1019 2633 1199 2708 enistetctc'o,
1218 2631 1249 2691 E.
1270 2631 1305 2691 de

58 2739 96 2782 ex
108 2727 194 2802 parte
209 2719 274 2797 Dei,
288 2720 350 2782 sire
366 2731 496 2803 exparte
509 2721 664 2784 hominum
704 2718 930 2801 infallibilitate}
946 2719 1085 2795 conecto,
1105 2725 1135 2780 et
1150 2717 1180 2779 3.
1202 2715 1237 2778 da
1253 2712 1305 2776 in·

60 2803 280 2871 consideretur.
302 2803 332 2867 Si
351 2806 430 2868 euim
447 2805 527 2882 licus
541 2806 666 2887 scripto·
704 2803 894 2886 [militonis
911 2803 1019 2866 obiectu
1033 2801 1093 2884 (ι).

61 2907 108 2951 res
123 2887 342 2970 hagiographos
356 2889 396 2951 ita
412 2890 539 2969 dirigere
554 2891 664 2972 potuit,
1009 2930 1011 2938 ·

61 2981 94 3034 ut
111 2973 150 3034 ab
168 2972 250 3034 omni
269 2991 369 3037 errore
383 2983 621 3056 praeserventur,
637 2983 666 3039 et
793 3043 796 3050 ,
901 2995 1075 3048 narremus
1094 2993 1115 3042 1.

61 3055 184 3120 nonnisi
204 3073 274 3118 uera
296 3057 590 3140 doceantg'ourpro
611 3077 666 3134 sua
1012 3091 1034 3134 ·.
1248 3068 1251 3073 ’
1297 3093 1300 3100 .

61 3141 665 3224 omnipotentiaetsapientinintinitanon
820 3125 855 3172 Β·
869 3121 1044 3170 ¹⁰f³¹¹¹b¹¹¹¹³¹¹³
1060 3117 1192 3170 micantia,
1287 3175 1290 3182 ι

62 3225 118 3287 hoc
143 3225 226 3286 idem
245 3226 334 3288 etiam
352 3227 383 3288 in
402 3227 572 3306 magisterio
595 3246 612 3290 a
634 3245 666 3290 se
940 3258 970 3329 ς,
997 3262 1073 3311 m,

62 3309 201 3371 instituto
219 3311 361 3392 perlicere
380 3310 505 3393 poterit?
520 3310 665 3389 -Eous,
921 3354 923 3362 ι

63 3393 112 3474 qui
139 3411 202 3454 non
227 3394 323 3456 solum
349 3396 497 3476 integrum
522 3395 665 3458 mundum
749 3393 882 3461 Christus
909 3390 1062 3456 Ecclesiae
1088 3385 1229 3465 docenti,
1254 3403 1308 3448 seu

63 3477 250 3540 materialem
277 3479 364 3542 modo
389 3479 590 3563 pathologico,
614 3479 667 3542 sed
707 3479 877 3558 magisterio
896 3495 963 3540 ase
977 3475 1009 3536 in
1023 3473 1157 3538 Ecclesia
1174 3470 1308 3534 instituto

62 3561 256 3624 aimundum
274 3565 414 3627 moralem
432 3563 519 3626 ruodo
536 3563 667 3626 libertati
707 3560 929 3629 infallibilitatis
946 3558 1181 3642 praerogativam
1196 3557 1241 3618 ita
1256 3571 1309 3636 pro

62 3653 267 3708 consentaneo
280 3647 668 3730 sapientissimegubernat,
708 3648 790 3710 omni
801 3655 936 3728 tempore
946 3643 1105 3720 concessit,
1114 3650 1147 3704 ut
1155 3655 1311 3720 nunquam
1326 3667 1329 3675 ·

62 3738 92 3792 at
109 3727 166 3812 qui
183 3732 343 3813 praecipue
360 3733 391 3795 in
410 3733 499 3798 variis
517 3732 683 3794 israelita-e
708 3733 739 3794 in
759 3732 892 3795 docendo
911 3729 1049 3794 aberrare
1064 3725 1168 3808 possit,
1181 3732 1211 3786 et
1227 3738 1309 3783 sern-

63 3832 130 3878 rum
145 3813 215 3876 latis
227 3817 430 3898 providentiae
445 3817 672 3882 suaevirtutem
708 3832 761 3900 per
780 3815 899 3898 nonnisi
921 3821 999 3879 rete
1015 3817 1173 3894 proponat.
1194 3803 1310 3868 Veritas

186 414 351 495 Propositio
371 415 509 480 secondo.

63 3897 303 3962 luculentissime
318 3901 460 3980 ostendit,
475 3909 554 3965 certe
568 3901 668 3964 homi·
708 3896 1129 3965 haecsummimementitum
1139 3889 1221 3956 aas.
1231 3886 1311 3952 Scri·
1424 3903 1429 3916 ·

63 4001 138 4059 nes,
162 3981 215 4065 qui
241 3985 444 4063 magisterium
470 3985 667 4064 constituunt,
704 3980 1121 4068 ptarc‚tumemiioditione,
1136 3984 1311 4068 tumea-ro·

63 4064 106 4128 ita
119 4065 290 4146 gubernare
304 4079 413 4151 potes-t,
427 4078 460 4148 ut
476 4069 564 4132 saluis
578 4070 670 4132 ratio·
709 4070 789 4152 tione
797 4087 851 4150 per
862 4070 949 4152 fidem
964 4067 1113 4130 illustrato
1129 4057 1311 4121 solidissime

64 4148 112 4211 nis
137 4159 168 4212 et
191 4151 339 4216 libertatis
360 4155 476 4218 iuribus
499 4154 587 4216 linem
611 4153 668 4215 sibi
708 4155 877 4239 probatur.)
904 4202 918 4217 ,,
942 4203 945 4214 ,

64 4234 232 4332 Pmefkum.
249 4247 482 4334 ⁰.⁰.¹¹⁵⁰q¹¹³¹¹¹¹¹¹'⁵
507 4245 536 4300 ⁶¹
559 4236 669 4333 Ye‘i‘a'
741 4286 772 4347 (q
788 4283 821 4333 cr.
837 4285 954 4338 noemma
968 4280 1024 4326 rom.
1036 4279 1060 4337 ι,
1070 4274 1090 4336 ι.
1100 4276 1153 4324 ιιι.
1168 4275 1313 4334 mesina

65 4325 126 4381 tero
137 4320 338 4384 rulalhbrhter
347 4329 526 4416 proponant.
540 4317 668 4383 Nimiam
707 4347 774 4394 ne„
791 4339 1012 4399 enumerantem
1028 4335 1049 4399 e.
1064 4336 1101 4383 ra.
