2910 4732
414 264 487 309 nans
508 265 530 311 r.
554 265 656 312 suerro
677 266 698 310 1.
724 265 817 310 carun
837 266 870 310 n.
1181 241 1217 306 at

61 337 114 402 illud
126 339 310 406 Antisthenis:
331 362 347 405 ‹
364 346 522 426 populares
546 344 623 408 Deos
663 364 721 426 qua
739 343 909 422 deficiente,
921 341 987 426 ipsa
1001 339 1083 406 notio
1102 341 1178 404 entis
1196 359 1262 423 per·

60 426 154 502 nultos,
172 429 331 489 naturalem
354 447 446 492 unum
466 447 569 492 esse.»
589 429 622 510 b)
662 427 819 492 lectissimi
837 429 1052 490 destrueretur.
1103 497 1104 502 ἵ

60 505 120 568 lnter
134 509 204 590 ipsos
227 511 421 592 Polytheistas
440 513 501 575 lere
520 531 623 575 omnes
704 514 735 575 d.
756 510 786 574 Si
806 530 874 590 ergo
893 531 947 574 eus
966 510 1164 590 realissimum
1180 507 1265 588 eogi-

60 594 225 654 unumlleum
244 596 373 658 caeteris
396 597 622 659 eminentiorem
664 605 761 658 tamus
788 595 949 677 possibile,
976 595 1077 676 eoipso
1103 595 1265 672 cogitamus

59 692 186 770 agnoscere
194 689 423 753 consueverunt,
435 689 465 742 et
477 681 520 744 sic
534 681 623 742 etiam
664 683 803 744 existens.
815 678 871 742 Sed
883 678 1146 742 ensrealissimum
1164 696 1266 739 neees-

59 777 100 836 rpsr
114 759 137 819 rd
154 763 337 840 confirmant,
355 763 520 845 quadratio
536 765 624 826 cuili-
664 766 741 827 sario
757 763 919 844 cogitamus
938 761 1093 844 possibile,
1119 779 1189 840 ergo
1210 779 1265 822 ne-

60 841 97 942 bat
117 843 218 906 bomini
246 847 358 924 dietat,
377 849 503 910 existere
532 867 624 911 unum
664 849 795 912 cessario
811 849 975 926 cogitamus
999 848 1138 908 existens.

60 924 104 986 bns
118 946 288 1023 supremum.
705 933 793 996 Nolo.
803 932 1018 1010 Argumentum
1031 924 1196 1009 bocpostS.
1208 927 1266 989 An·

77 1011 142 1106 Ιθιιι
159 1015 186 1074 3.
212 1013 385 1078 Communis
408 1015 444 1077 de
471 1016 626 1078 existentia
665 1017 804 1089 selmum,
825 1025 855 1077 et
868 1015 1033 1078 Cartesium
1046 1013 1120 1075 rarii
1136 1012 1266 1075 Theolo-

61 1092 190 1188 dmmtatis
202 1099 357 1178 persuasio
372 1109 417 1161 sat
430 1100 627 1180 probabiliter
664 1100 706 1180 gi,
729 1103 759 1162 dt
776 1099 949 1181 Philosophi
968 1099 1182 1175 elaborarunt,
1203 1115 1267 1157 ma·

61 1177 179 1275 ¹luntrela
195 1181 482 1260 Legislatoribusad
500 1185 626 1265 populos
665 1185 776 1266 gnique
798 1185 944 1246 lecerunt.
972 1183 1030 1244 Alii
1051 1201 1120 1244 xero
1149 1199 1267 1242 omnem

61 1279 83 1320 nr
95 1264 374 1329 ollcrooontinendos
387 1268 625 1343 introductam!
666 1271 723 1330 vim
740 1268 884 1349 probandi
900 1268 945 1329 illi
964 1267 1160 1346 abnegarunt.
1178 1263 1268 1326 Leib-

61 1342 274 1414 aSacerdotibus
301 1351 376 1414 lucri
402 1371 492 1414 causa
515 1370 626 1434 propa·
666 1353 757 1418 nitius
773 1351 995 1427 animadvertit,
1021 1371 1076 1412 nos
1095 1350 1196 1411 stricte
1221 1349 1268 1410 lo·

61 1438 117 1504 llll·
666 1437 784 1519 quando
800 1435 1028 1518 possibilitatem
1043 1435 1120 1496 entis
1133 1432 1269 1495 realissi-

88 1515 158 1610 Reap.
176 1516 205 1598 a)
226 1517 282 1580 Dei
297 1518 425 1598 cognitio
438 1518 527 1582 etiam
542 1519 573 1580 in
590 1519 627 1581 lis
667 1522 706 1583 mi
726 1540 777 1584 seu
800 1520 915 1582 infinite
934 1520 1093 1600 perfectiva
1112 1518 1205 1600 priori
1221 1515 1270 1578 di·

60 1597 160 1692 elleratrs
176 1603 293 1683 populis
317 1604 437 1665 inventa
459 1612 522 1678 est,
548 1623 625 1684 quae
667 1606 799 1668 iudicare
817 1623 876 1665 non
895 1622 1000 1684 posse3
1018 1621 1091 1666 cum
1111 1603 1191 1664 enim
1220 1602 1270 1663 in·

61 1681 257 1779 nullrslegibus
273 1687 499 1750 coercebantur.
514 1687 551 1749 Et
569 1687 628 1748 nisi
666 1689 782 1752 finitum
802 1689 932 1769 perleete
959 1705 1019 1770 non
1042 1688 1271 1768 concipiamus,

60 1783 122 1859 pnus
138 1787 166 1864 ru
183 1771 301 1851 populis
317 1772 457 1850 viguisset
474 1771 627 1852 persuasio
667 1774 849 1836 infinitarum
868 1791 987 1854 quoque
1006 1772 1173 1834 realitatum
1195 1791 1271 1833 con·

61 1859 203 1943 existentiae
212 1855 447 1935 llei,uunquam'
461 1856 628 1936 potuissent
667 1857 846 1921 senientiam
866 1856 1033 1938 perspicere
1044 1857 1103 1918 rien
1121 1856 1267 1917 ualemus.

59 1931 212 2032 legislatores
230 1957 267 2000 eo
283 1941 381 2000 medio
394 1941 437 2001 uti
450 1939 486 2000 ad
502 1940 629 2020 populos
667 1977 708 1988 —
725 1941 802 2003 Kant
817 1941 944 2018 negavit,
965 1941 1152 2002 existentiam
1168 1957 1270 2001 reram

59 2034 81 2075 ιι
96 2021 177 2113 olllcro
195 2023 405 2085 continendos.
424 2023 458 2104 b)
472 2022 630 2084 Multomi·
667 2027 831 2088 realitatem
852 2044 939 2087 esse:
961 2043 1028 2086 curn
1044 2026 1123 2086 enim
1144 2024 1176 2084 in
1201 2031 1287 2084 ente.

59 2118 100 2162 uus
113 2105 156 2166 nlla
179 2107 331 2188 persuasio
358 2128 376 2168 a
395 2108 499 2168 lraude
521 2105 627 2168 Sacer·
670 2109 884 2192 perfectissimo
901 2109 983 2189 ipsae
1003 2107 1199 2190 perfectiones
1214 2125 1271 2169 eeu

59 2184 136 2278 dotum
152 2193 242 2272 repeti
265 2198 379 2271 potest:
401 2192 474 2252 alias
487 2191 630 2253 deberent
669 2193 827 2256 existentes
846 2193 963 2275 concipi
978 2193 1117 2268 debeant,
1138 2191 1220 2254 nuda
1236 2209 1271 2252 e·

59 2273 628 2366 pnussupponiSaeerdotes,quarnDeus,
669 2279 807 2341 xistentia
829 2296 923 2354 noxa,
947 2297 999 2340 seu
1018 2277 1157 2338 distincta
1180 2275 1272 2337 reali-

60 2353 85 2412 al
98 2374 172 2418 rurus
189 2360 302 2420 cultum
321 2357 492 2421 Sacerdotes
503 2359 630 2433 instituti
671 2373 715 2424 tas
740 2381 800 2424 non
820 2372 874 2424 est.
903 2362 985 2424 idem
1005 2361 1122 2437 asserit,
1143 2379 1159 2421 a
1177 2359 1273 2436 logica

61 2443 214 2533 tunt-quod
242 2451 288 2504 est
309 2443 482 2504 absurdum.
511 2441 633 2505 Sublata
670 2446 866 2528 possibilitate
893 2465 953 2508 non
980 2464 1066 2528 posse
1097 2445 1133 2506 ad
1161 2444 1274 2506 realem

60 2526 191 2586 enmrdea
202 2526 270 2603 Dei,
281 2528 394 2588 nullum
407 2527 633 2590 iamlocumba-
671 2530 820 2594 concludi.
837 2529 962 2607 Etiamsi
986 2529 1066 2592 enim
1081 2529 1273 2604 admittatur,

61 2601 114 2664 lere
133 2619 224 2687 potest
250 2610 467 2687 sacerdotium,
496 2611 575 2691 quod
595 2611 631 2672 ad
672 2613 1061 2696 interrealitatesrecenseri
1072 2611 1272 2686 existentiam,

58 2681 130 2750 baum
145 2692 349 2757 honorandum
365 2698 527 2757 assumitur
539 2694 598 2777 (l).
672 2707 803 2760 attamen
826 2718 861 2759 ex
879 2701 935 2774 do,
964 2697 1041 2779 quod
1061 2715 1114 2758 ens
1140 2695 1274 2757 realissi-

284 2828 314 2899 ς
331 2835 373 2882 3,
411 2814 413 2824 v
674 2802 754 2844 mum
780 2782 947 2844 necessario
970 2781 1096 2860 cogitem
1113 2779 1274 2860 possibile,

376 2864 384 2882 ⁸
674 2887 732 2929 non
754 2866 901 2946 sequitur,
922 2866 978 2928 nisi
1003 2863 1190 2946 quodetiam
1211 2861 1275 2922 eius

187 3030 193 3042 Ι
674 2953 860 3016 existentiam
881 2970 934 3012 cen
954 2949 1126 3031 possibilem
1146 2946 1275 3024 cogitare

58 3071 61 3080 .
100 3027 125 3088 l.
142 3027 290 3112 Quidquid
310 3032 431 3110 cogitari
448 3040 563 3113 potest,
582 3040 634 3094 ut·
674 3035 810 3097 debeam.
825 3034 910 3096 -ld
926 3043 1024 3096 autem
1044 3033 1100 3096 lroc
1116 3049 1275 3109 argumen-

61 3119 112 3184 pote
135 3124 217 3207 notas
234 3124 433 3196 repugnantes
459 3135 519 3178 non
538 3117 635 3178 conti·
676 3127 736 3180 tum
757 3127 899 3200 praestat,
919 3129 952 3180 ut
972 3117 1130 3192 ostendat,
1148 3113 1233 3208 pobis
1249 3113 1276 3173 i·

60 3209 126 3287 ιιιιιε,
143 3199 203 3260 ada
221 3201 308 3262 nobis
326 3219 379 3262 ceu
397 3201 540 3281 possibile
559 3219 634 3262 con·
674 3203 759 3264 deam
780 3203 815 3264 de
834 3211 903 3266 onte
930 3220 1093 3284 supremo,
1113 3209 1143 3262 et
1161 3197 1278 3260 infinite

60 3289 161 3376 cipitur,
187 3285 361 3365 etquidem
392 3286 562 3346 necessario
592 3285 635 3348 sie
677 3288 804 3367 perlecto
834 3288 955 3364 inesse,
979 3302 1067 3366 quam
1092 3303 1109 3346 a
1135 3281 1279 3347 creaturis

61 3375 215 3444 concipitur,
232 3370 303 3450 quia
320 3369 383 3431 lieri
402 3388 462 3430 non
481 3378 589 3450 potest,
603 3377 636 3430 ut
676 3371 795 3432 lraurire
814 3389 874 3432 non
894 3388 1052 3451 possumus
1066 3369 1125 3450 (b).

60 3450 232 3514 notaesimul
254 3453 312 3516 sibi
328 3463 506 3534 repugnent,
527 3463 635 3516 elnon

59 3543 214 3609 repugnent.
246 3573 248 3576 -
274 3567 285 3597 a
925 3509 955 3582 5·
979 3516 1068 3593 *Μ
1274 3586 1279 3591 .

90 3613 116 3674 i.
133 3615 186 3678 Sed
207 3639 261 3682 ens
277 3620 473 3683 realissimum
481 3669 493 3700 ,
511 3621 635 3684 infinitis
684 3634 707 3678 at·
725 3619 759 3666 vt.
774 3619 937 3678 argumentum
953 3602 1245 3690 expostulato—retronis?
1265 3625 1282 3668 ἰ
1307 3626 1309 3631 ’

60 3699 270 3792 perlectionibus
297 3705 487 3786 praeditum,
515 3707 637 3768 anobis
817 3716 820 3722 ·
858 3735 860 3740 ·
916 3681 1062 3737 practicae«
1282 3777 1285 3782 g

61 3787 163 3857 rogitari
184 3798 300 3868 potest,
322 3800 351 3851 et
374 3791 406 3851 in
429 3791 510 3852 illius
527 3809 637 3852 conce·
721 3789 752 3850 l.
775 3785 857 3849 Finis
885 3786 1015 3849 hominis
1034 3795 1078 3865 est
1099 3821 1141 3832 -
1157 3785 1285 3870 trenno-g

61 3870 99 3938 plu
115 3871 222 3932 nullam
247 3882 383 3935 notarum
409 3876 638 3956 repugnantiam
680 3873 729 3934 nia
746 3873 944 3948 moralitatis,
961 3881 991 3933 et
1009 3871 1160 3935 felicitatis
1178 3867 1284 3927 innixa'

62 3945 307 4036 deprehendimus,
326 3976 396 4038 ergo
414 3958 471 4020 hoc
496 3977 549 4020 ens
569 3977 639 4020 tere
680 3957 809 4019 ueritati.
826 3956 912 4017 Ratio
928 3957 1056 4036 practica
1075 3954 1159 4015 iubet
1174 3969 1228 4010 nos
1242 3948 1281 4008 'ad

63 4044 94 4090 est
109 4039 256 4114 possibile.
681 4041 760 4102 bunc
779 4043 866 4102 linem
878 4041 1011 4115 tendere,
1026 4059 1078 4100 seu
1090 4039 1198 4096 dictam
1215 4032 1286 4092 bar·¹

145 2927 169 2973 V.
184 2930 348 2987 Argumentum
364 2931 530 2988 antelogicum.

65 4193 70 4203 ,
92 4117 126 4212 3.·
135 4122 185 4183 Ast
200 4123 231 4212 in
244 4125 310 4186 idea
327 4127 404 4188 entis
420 4127 591 4205 realissimi,
611 4134 641 4188 et
682 4126 810 4186 moniam
825 4127 979 4204 perlicere.
994 4124 1032 4183 llt
1046 4139 1112 4182 cum
1126 4116 1201 4176 ratio
1216 4133 1287 4206 pra-f

63 4199 157 4290 tulinrte
175 4208 296 4287 perlecti
314 4212 401 4272 etiam
419 4213 575 4273 existentia
587 4229 640 4271 co·
681 4210 756 4270 ctiaa
777 4226 831 4267 ceu
856 4222 963 4287 praeeo
990 4203 1120 4265 veritatis
1139 4198 1286 4278 impossi-¹

62 4288 132 4354 atari
149 4289 248 4370 debet,
267 4313 344 4375 quae
363 4305 407 4357 est
422 4313 489 4357 nera
507 4296 640 4372 remites,
681 4293 753 4354 bilia
775 4292 969 4371 praecipere,
1000 4287 1055 4354 rel¹
1071 4290 1202 4343 statuere
1222 4297 1283 4339 non

58 4393 110 4474 ‘tlt
129 4399 153 4446 r.
169 4401 266 4450 renone
282 4403 354 4462 nn.L
496 4393 497 4398 ’
604 4403 614 4422 ²
634 4461 653 4472 ..
712 4400 741 4459 aar
758 4400 783 4448 r.
798 4365 1287 4450 annullarenalaa.exanimet

360 4542 377 4558 t
