2930 4736
1041 2 1457 11 ——j————

453 219 528 272 raas
542 225 587 270 ιιι.
606 223 708 269 secero
723 223 757 267 ιι.
778 221 872 268 cerer
888 221 922 267 rr.
1209 206 1271 269 lte

63 315 99 370 et
109 305 285 381 udiciaria,
295 323 385 387 quero
400 320 506 368 omncs
518 303 668 380 venerari,
709 301 792 362 tione
814 317 966 361 serrorum
982 309 1013 362 et
1029 319 1184 364 servarunt·
1196 300 1249 365 Ilei
1268 303 1314 367 in-

63 401 98 453 et
116 393 164 452 cai
176 391 375 453 aceubiicerc
389 389 510 452 alehem.
524 388 594 451 ldeo
606 388 670 469 ipse
711 384 865 446 laltibilem
885 401 951 446 ecee
969 385 1130 448 affirmant.
1156 385 1239 449 luter
1259 388 1314 452 hos

65 474 246 537 lluratarius
263 475 311 556 (l)
323 474 412 536 dicit:
435 471 549 536 «licet
565 472 670 536 Eccle·
712 469 855 533 armam
874 469 975 531 Genus
989 467 1039 548 (E)
1056 468 1140 531 dicit:
1156 489 1172 531 c
1188 469 1313 535 llultum

67 559 115 621 sin
139 560 199 622 lroc
224 559 255 621 in
280 559 391 620 iudicio
413 557 583 624 infallibilis
610 574 670 618 non
710 552 802 614 relect
819 553 856 615 etl
878 569 1053 614 communes
1073 552 1227 616 Ecclesiae
1245 575 1312 620 rrae·

65 643 142 705 sit·
163 675 183 692 -
200 642 397 704 nihilominus
424 643 528 705 tideles
555 641 668 718 libros,
711 655 770 713 res,
799 637 887 713 scire,
916 654 991 717 quus
1019 636 1129 699 dolrem
1157 635 1313 717 lleligiarre

63 745 144 807 (μοι
165 727 301 790 Ecclesia
316 726 505 807 proscripsit,
524 733 555 788 et
571 725 670 788 retnis
710 722 821 800 colere;
842 739 947 802 quare,
964 720 990 782 si
1007 719 1039 782 in
1057 721 1117 782 illis
1132 731 1245 783 erraret
1257 724 1313 786 Ec·

64 809 213 873 etaniana
228 828 365 873 execrare
379 810 504 888 debetne
515 809 667 872 nonenim
710 805 814 880 alesia,
837 805 1022 866 lemuribus
1040 823 1161 886 qnoque
1182 807 1313 884 graviter

64 895 169 956 solum
188 894 413 957 definitionibus
432 893 584 957 Ecclesiae
600 912 668 956 cre·
709 898 835 966 erraret,
852 889 1029 968 necdillert,
1045 889 1197 951 diabolum
1216 892 1310 971 colae,

65 978 218 1053 dendrun,
230 979 400 1041 sedeteius
417 969 582 1060 praeceptis
594 978 668 1040 obe·
710 992 747 1034 an
766 973 918 1035 hominem
934 973 1176 1036 condemnatum.
1201 993 1217 1035 ι
1237 973 1310 1040 Cum

65 1062 215 1124 dieudum
234 1075 289 1124 ast.
308 1081 324 1123 ι
340 1061 396 1135 Qui
411 1073 511 1126 autem
529 1063 616 1124 talem
632 1082 667 1125 o·
709 1067 810 1120 autem
828 1057 857 1118 id
871 1058 901 1118 in
915 1058 1075 1119 lucrinum
1088 1057 1241 1121 Ecclesiae
1254 1079 1310 1142 op·

65 1145 252 1212 bedientiam
273 1155 430 1224 recusant,
450 1147 556 1210 urerito
578 1147 666 1209 etiarn
710 1142 876 1221 probrium,
893 1142 924 1203 in
939 1141 1102 1220 Religionis
1120 1142 1261 1220 dedecus,
1280 1151 1312 1207 et

63 1229 424 1294 anathemateleriuntur.
434 1230 612 1294 Gravissima
624 1250 669 1293 er·
711 1227 740 1287 in
766 1225 901 1288 fidelium
932 1225 1144 1288 detrimentum
1167 1227 1309 1306 cederet,

65 1331 101 1390 go
123 1324 265 1377 errarunt
290 1323 320 1376 et
350 1325 513 1397 peccarunt
536 1314 668 1378 lansenii
710 1309 807 1386 Dens,
826 1309 878 1392 qui
900 1309 1051 1372 Ecclesiae
1077 1311 1108 1372 in
1131 1313 1311 1377 necessariis
1377 1331 1382 1342 ·

65 1397 217 1474 lautores,
231 1399 295 1478 qni,
308 1399 522 1480 licetquinqne
534 1400 669 1480 proposi-
711 1411 771 1454 nun
789 1394 885 1471 deest,
914 1402 1029 1458 tantum
1048 1411 1179 1456 errorem
1198 1396 1310 1459 adluit-
1361 1411 1364 1416 “

66 1481 169 1544 tiones
189 1502 207 1544 a
224 1479 366 1545 Romanis
379 1483 576 1546 Pontificibus
597 1503 670 1564 pro·
711 1485 773 1539 tera
785 1497 843 1539 uon
864 1487 973 1558 potest.
986 1511 1029 1524 -
1046 1478 1133 1541 dttud
1152 1497 1312 1558 amaneu·

64 1565 198 1646 scriptas
223 1566 415 1644 damnarint,
446 1577 547 1630 maren
581 1568 669 1630 lateri
711 1568 773 1622 tum
792 1560 831 1623 M·
855 1561 953 1626 Canus
974 1563 1105 1624 detumit
1123 1581 1220 1640 0¹0⁰,
1239 1564 1311 1644 quia

65 1648 246 1726 noluerunt,
262 1651 314 1713 tras
335 1653 468 1735 quinque
486 1652 670 1734 propositio.
711 1646 793 1707 nullo
812 1648 947 1728 exemplo
969 1646 1088 1709 ostendi
1116 1657 1230 1727 potest,
1250 1648 1310 1711 Ec·
1332 1703 1335 1716 .

65 1750 126 1794 nes
142 1733 176 1796 in
191 1734 267 1798 libro
282 1734 411 1798 lanceati
423 1753 497 1798 rere.
508 1736 667 1815 contineri,
711 1729 832 1791 alestam
844 1730 1226 1811 paraestimoniahumana,
1237 1735 1312 1816 quo·

64 1815 139 1878 licet
162 1819 253 1880 etiam
282 1819 339 1880 hoe
362 1820 479 1885 romoni
511 1820 669 1884 Pontifices
711 1831 776 1875 rum
789 1814 1013 1896 plurirnahisce
1030 1815 1312 1878 incaasisandiun·

65 1918 137 1962 curn
159 1919 267 1980 magno
291 1903 504 1985 Episcoporum
523 1899 671 1968 consensu
712 1907 773 1972 tur,
793 1899 947 1980 deceptam
972 1899 1077 1976 luisse,
1096 1908 1126 1962 et
1150 1917 1311 1962 erroneum

65 1992 98 2048 et
113 1983 311 2050 iudicaverint
328 1997 358 2050 et
371 1980 599 2052 declaraverint.
652 2010 654 2015 ’
711 1981 855 2045 iudicium
871 1983 985 2061 tulisse,
1002 1985 1081 2064 quod
1098 1983 1311 2050 reformatione

711 2065 870 2144 indigeret.
894 2066 927 2133 ld
950 2075 1048 2129 autem
1076 2067 1218 2130 adscribit
1231 2069 1311 2131 assi·

304 2129 435 2201 5⁸⁴¹·
710 2151 800 2212 stanti
828 2151 859 2213 in
892 2151 950 2213 lroc
976 2152 1095 2231 negotio
1123 2151 1248 2233 Spiritui
1276 2149 1307 2216 S.

112 2238 151 2286 tv.
167 2237 627 2346 npepveppprrpapppprpprpppppetpttone
712 2235 841 2382 (pulpa,
860 2235 970 2382 inppuit¹1
981 2236 1234 2318 peculiarissirnae
1245 2255 1313 2318 pru·

545 2329 550 2341 ’
713 2339 738 2380 ιι
759 2339 796 2382 en
813 2338 889 2381 raca
912 2340 950 2381 nn
974 2337 1048 2382 ema
1068 2340 1186 2382 numer
1206 2339 1312 2384 nmen·

110 2394 187 2464 Tum
205 2399 401 2480 Beatilicatio,
420 2411 484 2466 turn
505 2401 671 2467 Canopica-
713 2414 776 2466 taur
801 2411 858 2482 est,
887 2405 965 2486 quod
984 2339 1137 2486 nungaam
1161 2340 1313 2468 ingsrrmata

69 2485 111 2547 tio
126 2494 174 2548 est
193 2486 346 2567 publicum
369 2486 519 2552 Ecclesiae
537 2489 673 2550 testimo·
711 2497 757 2548 est
775 2488 848 2550 tides
865 2488 903 2549 ab
918 2488 1058 2552 humanis
1077 2489 1203 2551 testibus
1217 2490 1311 2551 semel

67 2570 154 2632 nium
180 2569 217 2632 de
243 2589 313 2633 nera
343 2571 500 2634 sanctitate
527 2581 557 2634 et
577 2572 673 2651 gloria
712 2571 742 2632 iu
755 2570 925 2634 lrniusrnudi
940 2572 1058 2635 iudiciis
1068 2582 1218 2654 suscepta,
1231 2573 1310 2668 quod

67 2654 199 2716 alicuius
217 2653 348 2720 hominis
370 2655 514 2718 defuncti.
539 2655 671 2720 Canoni-
711 2656 743 2716 in
757 2655 879 2718 casibus
890 2657 1027 2718 civilibus
1048 2675 1137 2738 saepe
1156 2657 1309 2718 accidit.»

68 2737 148 2798 ratio
174 2738 343 2814 estuttima
372 2749 402 2803 et
424 2739 575 2802 dednitive
600 2760 672 2804 seu·
712 2739 842 2800 Eandem
859 2741 1037 2802 sententiam
1061 2741 1310 2822 propugnatBt'l·

69 2821 168 2884 tentia
185 2821 222 2884 de
241 2823 398 2886 sanctitate
420 2831 450 2886 et
467 2825 562 2902 gloria
575 2826 672 2888 alicu·
711 2823 793 2885 luurt
809 2823 869 2904 (3),
889 2823 941 2904 qui
959 2834 1059 2887 autern
1081 2824 1171 2900 dicit,
1190 2837 1257 2884 eam
1273 2823 1312 2886 de

66 2904 128 2982 ius,
143 2906 492 2985 nonveruheatilicatio,
505 2919 671 2990 postquam
712 2907 770 2968 fide
789 2925 849 2968 riou
869 2925 946 2969 esse.

67 2988 269 3070 requiruntur
286 2989 384 3054 adhuc
402 3011 495 3056 novae
527 2993 673 3056 informa·
755 2991 787 3052 E.
808 2991 878 3068 Alii,
892 2987 1010 3053 statutis
1027 2990 1137 3069 regulis
1151 2990 1252 3072 stricte
1267 2989 1313 3053 in·

67 3073 180 3150 tiones,
198 3083 231 3135 ut
248 3075 440 3155 perveniatur
458 3077 493 3138 ad
512 3075 675 3140 Canoniaa·
713 3073 866 3149 sistentes,
882 3074 1045 3137 Ecclesiam
1066 3086 1167 3136 tenore
1186 3075 1313 3156 promis·

67 3157 197 3219 lienem:
218 3167 371 3237 praeterea
391 3177 444 3241 per
463 3159 674 3224 Canorriaatlo·
713 3157 830 3220 sinuum
861 3159 970 3222 Clrrlsti
995 3159 1024 3220 in
1045 3158 1264 3221 beatificatione
1282 3167 1313 3222 et

67 3259 139 3302 nean
152 3238 279 3304 Sanctus
294 3243 352 3324 (vel
365 3240 487 3324 Sancta)
504 3244 673 3308 totiEcclc·
714 3243 939 3306 canonizatione
966 3242 1154 3305 infallibilem
1174 3242 1233 3304 dici
1251 3262 1312 3307 non

66 3324 131 3387 siae
150 3326 295 3388 colendus
309 3328 498 3408 proponitur,
514 3327 673 3392 Beatilice·
714 3345 813 3406 posse,
832 3327 1027 3403 contendunt,
1054 3327 1177 3408 quiade
1197 3328 1311 3392 sancti·

68 3408 110 3470 tia
139 3417 240 3472 autern
269 3429 330 3472 non
353 3420 413 3476 tam
441 3421 487 3478 est
510 3414 672 3490 sententia,
713 3419 774 3472 tate
799 3420 828 3472 et
853 3411 947 3490 gloria
971 3411 1125 3473 horninurn
1159 3411 1314 3474 detuncto-

67 3510 160 3574 quarn
177 3493 375 3572 indulgentia,
389 3515 443 3558 scu
456 3497 626 3578 permissio,
640 3507 674 3559 ιιι
712 3513 792 3573 runt,
811 3495 848 3557 de
865 3495 975 3576 quibus
988 3514 1085 3558 sermo
1103 3503 1160 3570 est,
1171 3497 1213 3556 nil
1231 3515 1314 3559 rere·

67 3577 159 3639 alicui
189 3576 340 3640 deleratur
365 3579 463 3642 cultus
492 3581 673 3660 religiosus,
713 3579 804 3642 latum
821 3579 888 3642 luit.
910 3579 942 3642 ld
958 3581 1249 3660 sentitMurctorirte
1263 3580 1311 3658 (l)

68 3678 132 3723 non
148 3660 178 3722 in
196 3669 256 3724 tota
270 3662 416 3741 Ecclesia,
436 3665 541 3728 saltem
558 3666 674 3744 regula·
713 3664 764 3742 qui
784 3663 896 3725 idcirco
908 3663 943 3725 ad
955 3664 1114 3726 rationesa
1132 3663 1170 3725 lt.
1184 3663 1314 3727 Caucal-

68 3744 157 3819 riter,
172 3745 224 3808 sed
252 3744 283 3808 in
307 3747 409 3828 aliqua
434 3750 603 3830 provincia,
627 3751 673 3812 rel
713 3748 787 3808 letas
801 3748 842 3808 ita
856 3748 917 3808 lere
929 3748 1099 3828 respondet:
1113 3746 1143 3811 st
1156 3748 1311 3822 continge-

68 3828 227 3906 reiigione.
246 3828 288 3894 De
302 3830 359 3893 lroc
373 3832 432 3894 iam
451 3833 562 3896 iudicio
581 3853 673 3914 quae-
713 3839 802 3892 ιιι-ιιι
814 3839 935 3894 sanctus
948 3834 1074 3909 colatur,
1086 3834 1136 3914 qui
1152 3831 1181 3891 in
1196 3829 1312 3890 interno

68 3911 158 3988 ritnr,
175 3931 213 3974 arr
230 3913 272 3974 sit
295 3913 465 3990 irrlallibile,
487 3935 542 3980 nec
559 3918 614 3980 net
631 3951 674 3964 --
713 3913 807 3989 ardet,
826 3932 910 3977 error
926 3916 981 3978 iste
996 3935 1054 3978 non
1073 3922 1151 3978 essct
1170 3911 1227 3974 nisi
1246 3929 1311 3974 rna·

69 3993 154 4058 Circa
168 3995 245 4058 hanc
263 4015 332 4063 vero
348 4000 552 4078 qrraestionem
568 4002 674 4083 triplex
714 3998 837 4076 terialis,
856 3999 908 4081 qui
925 4019 979 4062 nec
992 4000 1022 4064 iu
1037 3997 1185 4062 Ecclesiae
1198 4013 1311 4077 oppro-

69 4080 219 4142 sententia
240 4080 320 4144 iuter
338 4082 504 4163 Theolugos
523 4085 612 4162 viaet
713 4082 824 4160 brium,
854 4103 908 4146 nec
927 4084 959 4146 in
978 4082 1139 4160 Religionis
1167 4080 1309 4156 dedecus,

113 4163 143 4258 l.
165 4162 308 4228 Nonnulli
327 4165 492 4231 Ecclesiam
508 4170 538 4231 in
558 4168 673 4232 lreatill·
712 4185 768 4230 nec
786 4168 817 4229 in
838 4167 970 4231 ddclintn
991 4166 1203 4228 detrimentum
1222 4166 1312 4228 cede-

71 4255 201 4323 ”¹¹⁰⁰0’
222 4257 252 4310 ⁰⁸
268 4251 430 4334 Pf³⁰⁰il³¹¹⁰
444 4251 487 4316 'in
512 4253 672 4317 ‘mm'
742 4299 774 4364 (ι)
789 4301 823 4348 na
839 4301 883 4347 roe.
899 4299 971 4346 tneor.
985 4299 1003 4344 ι.
1016 4297 1040 4356 a,
1051 4309 1071 4346 o.
1086 4297 1110 4358 a,
1124 4302 1203 4344 coner.
1217 4299 1239 4344 a

100 4349 133 4412 (tt
149 4351 204 4399 loc.
220 4353 260 4400 clt.
720 4401 722 4406 ,
741 4363 777 4418 ιδ)
790 4361 815 4408 l..
827 4371 852 4406 c·
864 4360 908 4406 ert.
923 4359 945 4401 8.
1096 4357 1129 4416 (t)
1143 4357 1197 4404 lec
1218 4356 1256 4408 ll.
