2930 4736
209 171 271 236 394
637 185 822 232 racouocns
843 183 1004 232 scaenicis

168 267 242 329 teria
261 265 330 328 fidei
355 274 385 327 et
409 283 524 328 morum
544 265 763 341 auctoritatem,
807 283 876 326 nam
896 264 1013 326 felicem
1033 261 1179 339 aorninat,
1199 261 1230 324 in
1249 279 1309 343 qna
1325 257 1410 341 Apo-

167 350 279 430 rogarit
297 348 386 412 etiam
404 368 457 430 pro
472 348 766 414 successoribusPe·
807 348 876 410 stuli
896 367 963 409 eum
995 366 1049 408 suo
1075 348 1218 425 sanguiue
1240 345 1410 407 doctrinam

168 436 218 496 tri.
238 433 431 515 -Denique
456 433 591 498 Christus
609 433 697 496 Petro
718 432 764 514 (l)
807 431 989 508 effuderunt,
1008 431 1106 494 ‹uude
1121 431 1340 511 nobisquoque
1356 447 1412 489 au·

168 517 252 580 dixit:
273 519 363 582 Paroa
380 535 585 598 ugnoomeoa-
600 535 686 600 posce
703 535 767 580 ovea
806 517 926 578 ctoritas
941 524 1059 598 praesto
1074 524 1129 577 εει.
1149 535 1166 575 a
1192 513 1255 577 Imo
1274 522 1343 594 post
1362 512 1411 573 la-

167 619 257 665 meos.
277 601 363 663 Petro
392 621 474 680 ergo,
500 604 624 684 eiusque
644 621 765 665 succes·
806 619 891 682 psum
910 619 997 662 suom
1016 600 1046 661 in
1070 599 1207 662 haeresin
1230 597 1268 658 de
1287 597 1409 659 decreto

167 686 285 748 soribus
303 686 404 747 datum
423 696 468 748 est
484 707 592 750 munus
610 686 762 769 pascendi,
805 684 972 762 dogmatico
990 703 1007 745 a
1022 681 1052 745 S.
1067 681 1229 764 zephyrino
1244 680 1327 760 Papa
1343 699 1411 761 pro·

166 770 196 832 id
211 779 268 846 est,
287 770 410 847 regendi
428 779 458 832 et
475 771 601 834 docendi
619 789 710 850 agnos
735 787 764 834 et
806 770 937 847 mulgato
966 767 1054 830 dicit:
1085 787 1101 829 ‹
1127 767 1244 844 Audio,
1273 765 1408 827 edictum

167 872 248 931 ores,
266 854 402 916 subditos
420 864 450 916 et
478 856 636 936 praelatos,
656 855 763 929 Eccle-
806 853 897 915 luisse
916 852 1146 933 promulgatum,
1168 861 1196 914 et
1212 849 1336 931 quidem
1352 867 1408 928 pe-

166 939 241 1000 siam
254 937 416 1000 discentem
433 946 463 1001 et
482 940 651 1002 docentem:
666 948 696 1001 et
709 941 766 1002 sio·
805 937 1010 1016 remptorinnr;
1038 953 1172 997 summus
1201 934 1351 1011 Pontifex,
1378 942 1408 995 et

166 1030 201 1083 ut
217 1021 332 1084 Primas
352 1041 455 1084 omnes
474 1025 581 1086 docere
598 1023 699 1101 debet,
722 1025 765 1087 sic
806 1022 971 1103 Episcopus
990 1019 1207 1102 Episcoporum
1221 1018 1326 1080 dicit»
1346 1028 1404 1081 eto.

166 1123 271 1168 omnes
284 1106 380 1188 ipsum
394 1106 497 1170 audire
508 1108 686 1186 obligantur.
703 1107 764 1172 Iam
796 1101 847 1152 ’-
876 1105 1017 1186 Origenes
1043 1104 1090 1184 (l)
1126 1105 1287 1185 explanans
1318 1103 1407 1165 ver-ha

177 1208 246 1252 vero
271 1191 296 1252 si
319 1191 383 1272 ipse
408 1202 534 1268 erraret,
552 1203 581 1254 et
602 1193 675 1255 lalsa
698 1213 766 1274 pro·
806 1189 1405 1268 illa,nonpruevoleluntodoerauseum,

166 1283 301 1355 poneret,
326 1275 486 1337 maximum
512 1295 630 1358 semper
655 1277 764 1339 absnr-
804 1274 983 1350 interrogat:
1002 1292 1017 1334 c
1039 1270 1134 1344 Quam
1149 1281 1248 1334 autem
1267 1271 1404 1333 eam‘lan

165 1359 236 1420 dum
266 1367 451 1440 sequeretur.
477 1357 531 1422 Vel
553 1362 633 1422 enirn
660 1381 764 1425 omnes
804 1357 883 1420 enim
900 1365 1025 1438 petram,
1045 1375 1135 1438 super
1157 1374 1247 1436 quarn
1266 1355 1402 1418 aedificat

164 1442 262 1525 ipsum
276 1443 443 1520 audientes,
457 1452 486 1505 et
505 1443 570 1507 eius
584 1446 762 1508 sententiam
804 1442 979 1517 Ecclesiam,
999 1460 1037 1502 an
1060 1439 1240 1502 Ecclesiam?
1263 1439 1402 1518 ambigua

166 1534 355 1606 acceptantes
372 1527 403 1588 in
429 1545 559 1590 errorem
582 1530 762 1592 induceren·
804 1527 915 1608 quippe
937 1525 1048 1587 locutio
1071 1533 1126 1588 est:
1148 1543 1185 1586 an
1203 1524 1288 1606 quasi
1313 1543 1401 1585 unam

166 1618 225 1685 tur,
245 1610 290 1672 vel
315 1629 384 1673 ores
402 1611 432 1673 in
452 1622 600 1693 pastorem
616 1633 702 1676 suum
719 1615 764 1676 in·
804 1611 989 1690 eandemque
1007 1627 1087 1685 rem,
1106 1617 1220 1690 petram
1244 1617 1274 1670 et
1296 1607 1401 1671 Eccle-

165 1703 321 1773 surgentes
338 1694 433 1776 ipsius
446 1716 602 1760 erroneum
618 1698 761 1760 iudicium
803 1695 895 1757 siam‘l
909 1693 964 1754 lrac
981 1712 1036 1772 ego
1051 1711 1152 1755 verum
1168 1711 1233 1755 esse
1251 1691 1399 1770 existimo:

165 1779 358 1855 corrigerent.
389 1779 520 1842 Primum
548 1782 587 1844 ob
612 1781 764 1846 Ecclesiae
804 1798 858 1841 nec
882 1778 962 1840 euim
988 1776 1129 1839 adversus
1156 1787 1282 1858 petram,
1313 1795 1402 1857 super

165 1861 764 1946 indefectibilitatemestimpossibile3se·
803 1860 1049 1945 quemchristus
1072 1861 1207 1924 aedificat
1223 1861 1399 1939 Ecclesiam,

165 1947 296 2008 cundum
332 1967 467 2026 magnam
498 1952 762 2014 contradictionem
803 1968 859 2010 nec
877 1946 1019 2010 adversus
1044 1945 1207 2008 Ecclesiam
1232 1954 1339 2026 portae
1357 1946 1401 2006 iu·

164 2031 299 2109 involvit:
316 2032 386 2112 quia
408 2041 478 2095 tuno
497 2053 570 2110 non,
584 2044 617 2097 ut
631 2035 763 2098 Christus
803 2033 859 2094 leri
886 2028 1109 2112 praevalebunt.
1129 2049 1145 2092 )
1165 2030 1202 2092 Ει
1223 2030 1255 2091 in
1272 2048 1329 2091 sua
1350 2049 1400 2090 ca·

165 2116 324 2191 ordinavit,
343 2114 447 2178 Pastor
462 2136 593 2195 gregem,
617 2119 670 2181 sed
694 2138 765 2198 grex
782 2093 785 2202 l
804 2113 997 2190 lena-scribit,
1011 2122 1138 2194 petram,
1150 2131 1342 2196 superquam
1355 2133 1401 2174 ae·

164 2197 316 2262 Pastorem
336 2214 481 2280 pasceret.
510 2201 603 2264 Sicuti
617 2202 709 2282 igitur
724 2224 763 2265 u-
803 2201 920 2262 dificata
939 2206 984 2260 est
1009 2197 1158 2277 Ecclesia,
1185 2199 1272 2260 talem
1291 2197 1399 2259 habere

166 2291 304 2362 trumque
322 2284 484 2346 absurdum
503 2287 619 2348 admitti
645 2287 760 2368 nequit,
803 2285 1021 2358 auctoritatem,
1040 2302 1056 2342 ι
1074 2292 1107 2343 ut
1124 2284 1189 2344 eins
1205 2283 1319 2345 iudicia
1338 2301 1398 2343 ma·

165 2367 206 2427 ita
224 2368 348 2430 concedi
366 2367 467 2445 debet,
484 2387 608 2432 romano
626 2369 763 2434 Pontifici
803 2370 987 2432 neantfirme
1005 2366 1090 2446 quasi
1104 2366 1164 2430 Deo
1182 2366 1336 2428 iudicante
1351 2383 1401 2447 per

165 2450 276 2514 clonum
309 2452 489 2514 inerrantiae
515 2473 532 2516 a
557 2452 673 2518 Christo
698 2475 762 2519 esse
803 2473 910 2516 eam.»
931 2455 963 2517 S.
983 2453 1211 2537 upprieooslo)
1226 2451 1399 2532 loqueusde

165 2553 354 2598 comessum.
802 2538 935 2600 Ecclesia
951 2559 1087 2618 rarnana,
1101 2557 1191 2621 quam
1209 2534 1289 2598 Petri
1301 2535 1400 2596 cathe-

162 2683 163 2688 ,
205 2617 237 2681 9.
259 2619 312 2683 SS.
332 2620 763 2686 Potreahaudohscureiner-
802 2623 944 2700 dram,et
956 2625 1118 2687 Ecclesiam
1136 2620 1332 2704 principalem
1346 2639 1399 2679 no·
1455 2641 1456 2700 3

163 2703 396 2766 rantiaedonum
411 2723 527 2768 summo
540 2706 690 2770 Ecclesiae
702 2707 764 2770 Pri·
803 2709 993 2782 minat,unde
1004 2710 1105 2773 unitas
1114 2704 1308 2768 sacerdotalis
1319 2721 1400 2764 exor-
1455 2703 1456 2772 l

163 2789 248 2865 mati,
268 2799 298 2849 et
315 2789 465 2851 Ecclesiae
493 2810 634 2855 romanae
653 2793 761 2856 adscri-
804 2795 832 2852 ta
848 2801 914 2865 est,
938 2792 1018 2854 inter
1033 2793 1090 2854 alia
1108 2791 1196 2865 dicit,
1222 2807 1238 2850 ‹
1260 2807 1314 2850 eos
1337 2806 1400 2850 esse
1455 2791 1456 2824 ³

163 2871 249 2934 bunt.
286 2873 318 2937 S.
350 2874 491 2937 Irerroeoa
515 2875 562 2956 (E)
593 2878 680 2954 dicit,
712 2897 764 2958 per
802 2874 974 2953 Romanos,
1000 2895 1126 2958 quorum
1159 2873 1232 2936 fides
1259 2871 1399 2952 Apostolo

162 2957 379 3040 successionem
409 2957 623 3042 Episcoporum
648 2962 679 3023 in
703 2961 762 3024 Ec·
803 2960 992 3039 praedicante
1022 2961 1141 3022 laudata
1168 2965 1231 3033 est,
1262 2957 1299 3017 ad
1328 2974 1400 3036 quos

164 3041 255 3103 clesia
276 3060 400 3106 romana
415 3043 557 3105 conlundi
575 3064 679 3107 omncs
698 3065 761 3122 eos,
803 3043 926 3123 perfidia
954 3063 1015 3106 non
1043 3043 1137 3126 possit
1163 3041 1275 3102 laabere
1297 3059 1400 3102 acces·

165 3125 242 3206 ‹qui
255 3145 374 3206 quoquo
391 3127 491 3204 modo,
505 3128 550 3190 vel
562 3146 615 3209 per
629 3129 687 3194 silai
702 3129 762 3210 pla·
782 3166 784 3186 ι
802 3147 880 3190 sum.
902 3147 918 3189 ε
937 3128 969 3192 S.
986 3126 1225 3206 Athanasiusffi)
1240 3125 1278 3186 de
1296 3125 1400 3186 catlre-
1454 3191 1455 3194 Ἴ

164 3209 274 3285 centia,
295 3212 461 3271 aetianam
481 3210 615 3289 gloriam,
646 3214 690 3274 vel
712 3232 763 3293 per
782 3190 784 3256 ἶ
802 3212 855 3273 dra
884 3229 1007 3274 romana
1035 3213 1155 3274 scribit:
1184 3229 1200 3270 c
1226 3207 1295 3289 lpsa
1322 3209 1399 3269 enim
1454 3253 1455 3286 ;

164 3292 352 3370 caecitatem,
380 3303 409 3355 et
438 3295 546 3356 malam
571 3297 760 3373 sententiam,
802 3299 1021 3358 firmamentum
1033 3317 1050 3358 a
1064 3297 1124 3358 Deo
1137 3295 1238 3369 ssxrrm,
1251 3301 1282 3354 et
1296 3292 1400 3353 immo·

164 3385 372 3456 praeterquam
392 3387 521 3459 oportet,
535 3381 689 3458 colligunt:
705 3400 720 3442 a
734 3390 763 3442 ει
803 3379 862 3446 bile
884 3380 1029 3460 percepit,
1056 3379 1198 3461 quoniam
1222 3377 1319 3457 ipsam
1340 3377 1399 3436 lor·

163 3458 256 3520 addit:
268 3461 509 3524 ‹Adtrancenim
521 3465 683 3530 Ecclesiam
696 3484 763 3547 pro·
803 3482 881 3526 marn
899 3464 1105 3526 universorum
1130 3460 1345 3525 lucidissimam
1363 3457 1395 3520 ll.

163 3551 230 3624 pter
239 3544 434 3623 potentiorem
448 3547 697 3629 principalitatem
712 3568 763 3611 ne·
802 3546 826 3609 l.
840 3547 1110 3610 Christus·restram
1123 3545 1318 3627 apostolicam
1330 3561 1399 3604 con·

164 3645 247 3689 cesse
268 3635 313 3688 est
335 3646 453 3692 omnem
467 3633 637 3695 convenire
656 3633 762 3696 Eccle-
802 3631 900 3694 stituit
913 3631 1028 3694 sedem:
1047 3632 1113 3713 ipsa
1128 3629 1207 3693 enim
1224 3641 1310 3690 sacer
1332 3643 1398 3688 uer·

164 3711 253 3787 siam,
274 3711 329 3772 hoc
352 3722 408 3790 est,
434 3733 496 3791 eos,
517 3716 653 3797 quisunt
671 3717 762 3779 undi-
804 3725 850 3777 tex
867 3724 923 3792 est,
935 3715 967 3776 in
980 3735 1038 3796 quo
1054 3734 1157 3778 omnes
1174 3712 1327 3776 Ecclesiae
1339 3728 1400 3773 rer·
1453 3729 1454 3803 q

164 3815 223 3878 que
240 3795 355 3874 fideles,
382 3797 413 3858 in
438 3818 497 3878 qua
514 3819 632 3883 semper
646 3802 683 3864 ab
702 3801 761 3878 his,
804 3808 918 3877 tuntur,
936 3808 1152 3876 sustentantur,
1178 3798 1360 3859 relevantur.
1383 3815 1397 3854 a

133 3882 135 3887 ’
165 3881 216 3961 qui
234 3888 304 3942 sunt
319 3880 462 3961 undique,
479 3894 650 3947 conservata
659 3895 703 3948 est
714 3905 762 3964 ea,
802 3884 835 3948 S.
849 3884 1035 3964 Basiliuaffl)
1049 3883 1090 3945 ita
1101 3882 1210 3963 Papam
1225 3879 1396 3960 alloquitur:

165 3984 242 4044 quae
257 3974 301 4026 est
309 3965 346 4026 ab
365 3965 525 4046 Apostolis,
541 3967 686 4033 Traditio.
702 3989 764 4030 ›-
804 3966 930 4030 «Pietati
941 3969 1212 4030 tuaedonatumest
1226 3968 1245 4026 'a
1259 3963 1397 4039 Domino,

169 4050 372 4113 Tertullianus
393 4049 441 4131 (3)
467 4049 633 4116 Ecclesiam
661 4072 763 4116 ruma·
802 4052 916 4114 scilicet
931 4060 975 4129 ut,
996 4052 1075 4132 qnod
1090 4048 1292 4113 adulterinum
1310 4056 1364 4123 est,
1383 4065 1398 4107 a

640 4179 642 4184 .
834 4151 866 4207 (dl
881 4152 906 4197 lu
922 4149 992 4208 Epist.
1008 4151 1037 4196 55
1053 4149 1084 4196 ud
1098 4149 1189 4195 Coraci.
1202 4149 1226 4194 P.

210 4204 229 4256 ll
245 4207 278 4254 lo.
293 4207 331 4256 21.
391 4206 420 4266 (2)
436 4207 462 4254 ι..
476 4208 491 4253 a
506 4207 558 4255 adv.
567 4207 632 4256 haer.
643 4220 665 4255 ε.
675 4209 699 4270 ὅ,
708 4218 732 4255 u.
742 4209 764 4258 2.
834 4209 867 4268 (d)
879 4211 903 4255 tn
915 4209 1017 4266 Epistola
1026 4208 1138 4268 synodica
1146 4209 1246 4254 concilii
1253 4203 1398 4254 alexandum

205 4261 228 4316 ὅ)
244 4265 269 4310 ι..
284 4267 314 4334 de
328 4269 496 4326 praeserlpt.e.
508 4267 530 4312 2.
804 4267 834 4315 ed
849 4269 874 4314 ll.
891 4270 914 4314 Ρ.
930 4268 1030 4314 Felicem
1046 4269 1070 4314 lt.

197 4321 227 4378 (tl
244 4323 268 4367 lo
283 4336 334 4375 can.
353 4326 379 4370 td
394 4327 474 4370 ιιειιιι.
490 4339 513 4372 u.
529 4324 567 4372 ll.
757 4369 760 4381 ,
835 4327 965 4375 dilituit
982 4327 1013 4372 cd
1025 4329 1156 4374 Damasum.
