2962 4736
367 193 370 201 “
422 216 559 268 eunoun.
580 221 894 278 sacrandorum.
1185 213 1243 277 sut

32 292 229 358 hotheranes.
246 290 327 358 ldenn
342 292 391 356 dic
402 293 440 357 de
451 295 639 376 Zwiugtianis
679 302 802 382 debent,
819 312 854 368 ut
866 303 905 368 ad
918 311 1071 370 aeternam
1083 307 1208 374 salutem
1222 329 1290 393 per·¹

32 379 640 460 exuraHeluetiaetractus,dellugenottis
680 377 811 473 pediau't.
824 385 946 474 Oportet
957 409 1038 469 ergo,
1048 395 1212 473 quemlihet
1224 415 1291 458 aas·

33 476 115 530 extra
129 463 248 529 Callias.
264 465 351 543 Angli
362 465 482 546 quidem
497 467 641 530 latissime
681 473 748 535 dem
760 491 866 559 sensus
877 471 1085 572 habersuam
1096 477 1157 540 iam
1170 479 1289 556 habuit,

34 551 240 627 dominantur,
252 550 302 612 sed
319 551 398 614 inter
411 551 493 634 ipsos
506 551 584 616 sicut
598 559 642 614 et·
683 553 1289 643 etexpresstts.Angusnnuutpcnnens:

35 637 135 698 iamin
150 633 641 717 provinciishederatisnnertcao
684 639 1293 726 ‹haltamma-tiammoeiustttecte·

35 721 184 803 plurimae
205 728 305 782 sectae
328 721 533 802 reperiuntur.
550 721 642 786 Aiunt
683 725 745 788 siae
760 725 943 807 Catholicae)
958 728 1074 808 gremio
1093 749 1142 794 me
1158 730 1291 791 iustissi-

36 805 156 888 quidem
169 804 319 883 nonnulli,
329 824 433 868 omnes
444 815 551 882 sectas,
565 811 642 889 quae
684 829 732 872 une
758 809 989 894 tenent.¹Tenet
1013 813 1170 876 consensio
1192 832 1292 894 popu·

36 891 177 954 articulos
212 885 450 953 fundamentales
490 893 641 968 credunt,
682 895 1293 976 lorumatqucgentium:tenetauctoritas

37 995 127 1039 unam
151 973 315 1038 Ecclesiam
345 975 536 1062 constituere.
567 973 643 1039 lluic
684 978 836 1041 miraculis
850 979 999 1060 inchoata,
1014 999 1067 1062 spe
1081 982 1206 1058 nutrita,
1219 981 1294 1044 cati·

37 1069 135 1123 autem
154 1061 320 1130 sententiae
338 1059 476 1138 obstant,
504 1080 581 1142 quae
605 1062 643 1124 de
684 1071 744 1126 tate
758 1071 857 1140 aucta,
876 1071 1021 1128 uetustate
1046 1066 1185 1130 firmatas
1211 1072 1294 1138 tenet

38 1147 150 1208 unitate
168 1143 319 1208 Ecclesiae
334 1145 503 1224 dictasunt,
525 1145 645 1208 eadem·
683 1145 722 1212 ab
734 1141 804 1230 'ipsa
824 1147 894 1211 sede
911 1147 992 1211 Petri
1009 1147 1156 1230 Apostoli,
1172 1150 1221 1212 eoi
1237 1169 1294 1230 pa·

37 1249 95 1311 quc
106 1231 254 1293 sententia
266 1229 361 1292 insius
372 1249 438 1294 mox
451 1229 642 1304 refutabitur,
685 1232 1295 1318 scendasovcssuaspostresurrectionem

38 1333 105 1377 cum
119 1314 156 1378 de
175 1315 378 1379 tolerantismo
389 1314 529 1396 religioso
546 1333 643 1378 sermo
685 1334 769 1380 suam
789 1313 935 1380 Dominus
953 1317 1185 1396 commendauit,
1199 1337 1295 1400 usque

39 1399 107 1462 erit.
686 1399 1295 1487 adpraeseutcmEpiscopatumsuccessio

82 1483 151 1547 out,
169 1481 200 1546 l.
219 1481 429 1566 Apostolicitas
446 1503 506 1548 nnn
526 1485 645 1562 elonga
686 1481 890 1548 sacerdotum:
919 1493 1001 1548 teaet
1024 1494 1173 1566 postremo
1195 1487 1293 1567 ipsum

39 1586 241 1630 successorum
258 1569 409 1647 serie,sed
428 1569 465 1631 ab
484 1569 647 1650 apostolica
687 1569 856 1633 Catholicae
875 1587 996 1632 nomen.
1017 1568 1061 1632 ita
1083 1589 1154 1650 ergo
1181 1577 1242 1646 tot,
1266 1579 1296 1634 ct
1353 1649 1355 1652 Ι

40 1651 173 1715 doctrina
203 1653 319 1716 desumi
345 1653 444 1716 debet:
469 1653 548 1715 hanc
577 1672 646 1717 uero
687 1663 770 1717 tanta
799 1653 930 1717 nominis
957 1653 1113 1716 christiani
1143 1655 1296 1719 carissima

41 1737 364 1813 tenentProtestantes‚
379 1737 431 1819 qui
445 1737 649 1800 exsolisscri·
686 1738 805 1820 uincula
825 1746 905 1800 recte
931 1737 1081 1800 hominem
1106 1746 1208 1802 teuent
1228 1757 1297 1800 cre·

42 1821 97 1900 ptis
120 1823 291 1906 apostolicis
315 1841 422 1905 purum
445 1819 499 1886 Dei
525 1823 647 1886 verbum
689 1823 808 1884 dentem
828 1821 859 1884 iu
877 1821 1027 1885 Catholica
1044 1823 1188 1885 Ecclesia.
1210 1821 1296 1903 Apud

41 1905 198 1986 hauriunt,
226 1915 256 1970 et
284 1906 322 1969 ab
350 1907 439 1969 huius
460 1907 649 1987 corruptione
689 1926 741 1968 ros
756 1905 950 1988 (haereticos)
964 1915 1077 1982 autem,
1094 1906 1145 1969 ubi
1158 1906 1297 1968 nihilho-

41 2009 92 2071 per
126 1991 293 2054 Romanam
333 1991 497 2054 Ecclesiam
528 1990 650 2054 inducta
688 2009 754 2054 rum
774 2000 830 2068 est,
850 1990 928 2072 quod
948 1990 1295 2068 meinvitetaoteneat,

43 2077 131 2139 alieni
149 2085 230 2141 sunt.
689 2075 751 2138 sola
763 2075 1045 2157 personatruritatis
1060 2073 1245 2155 pollicitatio.
1265 2073 1297 2136 Si

81 2162 167 2242 Rcsp.
178 2159 212 2224 In
224 2178 293 2224 vera
304 2157 411 2223 Christi
424 2155 650 2242 Ecclesiaprae·
689 2169 788 2221 autem
819 2159 1024 2222 tantummodo
1053 2158 1247 2240 promittitur,
1267 2169 1298 2222 et

43 2250 86 2306 ter
103 2244 269 2308 doctrinam
286 2242 477 2325 apostolicam
491 2243 580 2306 etiam
593 2243 649 2306 od·
689 2263 750 2328 non
767 2243 934 2322 exhibetur,
947 2262 1036 2304 nenne
1052 2262 1099 2305 me
1114 2243 1244 2306 movebit
1258 2243 1297 2306 ab

44 2346 105 2391 esse
133 2329 222 2392 debet
249 2329 411 2409 imperium
441 2345 584 2406 sacrum,
617 2327 649 2390 iu
689 2329 812 2405 aalide,
831 2346 908 2410 quae
930 2327 1063 2390 animum
1084 2335 1243 2391 mauratel
1268 2337 1298 2396 et

44 2411 192 2494 Apostolis
212 2413 393 2490 institutum,
414 2419 444 2474 et
461 2412 528 2474 ideo
544 2411 649 2493 requi·
690 2413 779 2474 tantis
800 2413 927 2475 nexibus
950 2411 1133 2476 Christianae
1150 2410 1296 2491 Religioni

43 2507 149 2560 rantur
164 2497 252 2562 etiam
280 2514 466 2558 successores
489 2496 650 2577 Apostolo·
689 2495 824 2576 adiungit
838 2515 867 2560 a.

12 2619 13 2646 t
44 2589 124 2659 rum,
135 2583 172 2644 ad
187 2598 355 2664 quossacra
367 2588 499 2662 potestas
519 2580 648 2642 transiit:

12 2696 13 2732 f
45 2665 87 2728 his
105 2662 398 2730 deficientibusuera
417 2662 526 2728 Christi
543 2663 651 2727 Ecole-
886 2683 1097 2744 Avmmx

12 2781 14 2814 ι
44 2750 85 2811 sia
103 2752 231 2814 existere
255 2747 370 2831 nequit.
395 2747 539 2812 Ecclesiis
560 2766 650 2829 perro
756 2797 795 2844 Μ
812 2797 1038 2844 mmmm
1055 2799 1212 2847 nmmo

12 2865 14 2902 ι
44 2831 273 2898 Protestantium
292 2835 382 2896 etiarn
401 2832 517 2896 ratione
537 2831 651 2894 doctri·
739 2843 742 2848 '
1214 2830 1223 2847 ‘
1273 2854 1279 2894 1

12 2943 14 2986 ;
44 2936 97 2980 nae
113 2917 323 3000 Apostolicitas
337 2917 432 2994 deest,
451 2927 513 2980 turn
534 2917 605 2999 qnia
616 2935 651 2980 ea
929 2925 960 2996 ς.
976 2931 1052 2980 20⁸.

13 3055 14 3070 ,
45 3012 186 3085 respuunt
214 3021 291 3085 quae
319 3000 455 3083 Apostoli
484 3020 535 3065 ere
563 3010 651 3064 tenus
807 3041 1176 3101 suumrantreugtonneuo.

12 3127 14 3162 ι
46 3095 157 3150 tantum
173 3087 394 3168 praedicarunt,
415 3094 476 3147 tum
492 3084 563 3167 quia
580 3085 653 3148 scri·

46 3179 91 3250 pta
106 3172 317 3254 Apostolorum
336 3169 455 3253 spiritui
474 3170 586 3251 priuato
602 3189 652 3234 ex·
731 3168 845 3251 Duplex
860 3167 1093 3232 Tolerantistnus
1119 3168 1297 3248 secernitur,

12 3287 15 3330 ς
47 3255 181 3334 ponenda
195 3256 361 3331 reunittunt,
375 3261 405 3317 et
419 3253 546 3318 sinistris
560 3255 652 3318 inter·
690 3253 796 3332 ciuilis,
811 3253 1018 3334 etrelipiocus:
1037 3254 1130 3335 prior,
1146 3254 1299 3336 quietiora

12 3377 14 3418 3
46 3340 259 3418 pretationibus
277 3347 482 3422 corrumpunt.
691 3339 850 3404 tolerantia
873 3339 997 3418 politico
1027 3338 1177 3400 nominari
1201 3340 1297 3416 solet,

691 3443 751 3486 nou
777 3433 823 3484 est
840 3422 897 3484 uisi
915 3422 1047 3499 licentia,
1073 3441 1127 3486 seu
1151 3424 1298 3500 facultas,

284 3481 315 3552 ς’
333 3487 409 3536 ²⁹¹·
642 3557 660 3592 .·
691 3527 780 3588 quam
795 3505 949 3588 Princeps,
968 3507 1012 3568 uel
1032 3504 1211 3589 Respublica
1228 3508 1301 3570 alie·

12 3635 14 3652 .
258 3583 432 3631 ⁰⁰¹¹⁰¹⁰⁸¹o
622 3613 651 3639 ..-.
691 3611 748 3653 nae
776 3591 929 3668 religionis
954 3591 1076 3652 asseclis
1095 3592 1243 3666 coneedit,
1267 3600 1301 3653 ut

12 3666 15 3736 ἶ
83 3673 127 3738 Ει
155 3673 241 3738 dictis
269 3681 363 3757 patet,
389 3693 476 3737 uerae
501 3671 651 3740 Ecclesiae
689 3675 865 3754 'religionem
885 3693 968 3737 suam
989 3674 1107 3756 publice
1123 3675 1255 3758 profiteri
1270 3683 1301 3737 ct

13 3785 17 3830 ι
49 3769 130 3822 netas
145 3759 177 3822 in
195 3760 329 3824 Ecclesia
352 3758 653 3823 Romano-catholica
693 3778 829 3823 exercere
837 3759 961 3841 possint.
971 3758 1013 3822 lle
1028 3759 1085 3823 hoc
1097 3757 1300 3823 tolerantisrno

13 3903 14 3922 ἶ
49 3860 151 3908 omncs
176 3842 341 3907 clarissime
369 3843 514 3921 inueniri,
543 3861 652 3925 easque
693 3843 771 3909 cirili
789 3843 838 3906 bic
850 3863 915 3924 ,non
928 3851 972 3907 est
986 3861 1098 3921 sermo,
1113 3844 1166 3906 sed
1181 3843 1217 3906 de
1232 3843 1303 3904 reli·

13 3975 16 4014 ᾖ
49 3925 149 3992 deesse
170 3928 277 3992 ceteris
305 3927 440 3992 coetibus
466 3927 653 3992 Christiano·
693 3928 787 4006 pinso,
809 3927 861 4010 qui
879 3936 923 3992 cst
939 3947 1024 3992 error
1042 3947 1157 4004 eorum,
1175 3926 1226 4008 qui
1245 3945 1320 4007 pu·-

14 4048 20 4096 ,
49 4027 123 4074 rum.
144 4011 221 4094 Ergo
238 4011 371 4076 Ecclesia
394 4012 653 4076 Romanu-catho·
694 4020 770 4088 tent,
790 4011 878 4074 etiarn
899 4021 980 4076 entra
994 4012 1156 4076 Ecclesiam
1175 4009 1304 4073 Catholi-

13 4133 21 4184 μ
49 4092 103 4158 lica
120 4105 166 4160 est
187 4099 250 4160 sola
267 4116 336 4160 uera
362 4097 469 4160 Christi
496 4095 652 4174 Ecclesia,
695 4115 759 4158 cam
782 4095 814 4157 in
836 4095 894 4159 ali'a
911 4095 1078 4174 Religione,
1096 4096 1141 4157 vel
1168 4093 1303 4158 Ecclesia

13 4197 21 4270 ’β
51 4195 137 4258 quam
158 4200 262 4244 omnes
276 4181 415 4263 amplecti
433 4180 586 4258 iubentur,
606 4181 655 4245 cui
696 4190 847 4243 aeternam
866 4181 991 4243 salutem
1008 4179 1135 4242 obtineri
1150 4197 1249 4260 posse.
1262 4211 1304 4224 -

13 4311 23 4356 ,
52 4279 153 4328 amnes
167 4265 280 4345 integra
307 4276 406 4330 moute
434 4265 610 4342 adhaerere,
627 4273 658 4329 et
696 4266 789 4328 Error
805 4265 876 4344 iste,
898 4273 973 4328 teste
990 4264 1129 4342 Eusebio,
1149 4263 1208 4326 iam
1229 4261 1305 4326 Soe-

52 4347 82 4410 iu
95 4369 155 4431 qua
166 4369 270 4415 ornnes
282 4360 452 4415 constanter
469 4370 657 4434 perseuerare
680 4393 682 4397 -
728 4373 760 4434 u)
773 4377 797 4422 c.
813 4373 886 4422 snut.
901 4370 1014 4420 renuam.
1030 4381 1081 4433 cap.
1093 4371 1116 4418 r.

12 3543 16 3588 l
