2910 4732
19 4361 30 4400 i

37 4477 73 4600 i

524 156 559 165 ...-

195 187 238 254 lt
607 208 791 259 mouounr
811 205 973 254 omniura

154 281 334 365 percipimus
345 307 360 364 ,·
381 287 695 370 repraesentationes,
720 297 757 352 et
796 285 852 366 pit.
868 282 1061 348 -ll'acultes
1086 282 1159 346 baec
1184 280 1250 348 curo
1275 303 1401 367 magno,

153 383 252 429 rerum
270 369 476 446 invisibilium,
496 391 572 454 quas
587 374 663 436 ratio
681 391 755 434 con·
796 378 827 430 at
841 368 1009 431 uehementi
1027 367 1149 430 stimulo
1164 370 1324 432 coniuncta
1343 382 1401 452 est,

153 453 324 531 templatur,
343 454 436 518 ideas.
458 454 609 519 Habemus
625 475 694 537 erpo
716 457 758 518 ia·
796 459 892 530 gratas
909 452 1062 514 sensionas
1084 451 1279 533 percipiendi,
1297 454 1401 534 iugra-

152 533 306 610 cultatam,
324 557 385 600 nou
403 541 499 602 solum
517 559 571 603 nos
591 540 684 621 ipsos,
704 538 755 601 sed
796 544 840 598 tas
854 552 926 598 raro
939 535 1117 616 refugiendi.
1134 533 1238 598 Nullus
1252 538 1332 599 anim
1350 541 1401 603 bo·

151 616 241 680 etiam
260 620 340 683 entia
359 630 440 684 extra
459 643 514 685 nos
532 624 687 688 existentia
701 643 754 686 oo·
794 621 910 682 minum
933 628 989 696 est,
1013 620 1065 701 qui
1089 637 1148 681 nou
1171 619 1284 700 impetu
1307 633 1401 685 natu·

150 704 323 782 gnosoendi,
347 714 442 788 aequa
468 708 551 770 iusta
581 715 650 769 note
668 708 755 770 uobis
795 703 848 765 reli
868 721 971 766 versus
986 703 1128 780 iucunda,
1142 703 1401 788 iucunditatisque

152 784 311 868 principia,
336 802 388 852 eeu
408 791 540 852 veritatis
567 791 688 853 criteria
705 791 753 853 di·
794 787 976 850 adminicula
1001 787 1101 848 animo
1126 797 1349 868 repraesentata
1369 811 1401 854 se

150 867 313 934 iudicandi.
329 871 470 956 Quisquis
484 874 564 936 anim
580 876 703 936 rationis
721 894 755 935 u·
792 869 952 947 stimulari,
970 870 1007 934 ab
1027 870 1170 952 oppositis
1189 880 1288 933 autam
1309 875 1400 937 relue-

150 969 185 1014 su
210 955 334 1034 potitur,
354 957 458 1019 intimo
477 959 614 1039 percipit,
638 959 669 1039 a)
688 976 752 1020 essa
794 965 909 1018 menter
925 973 957 1016 se
974 955 1085 1022 retrahi
1102 955 1222 1016 sentiat.
1246 955 1339 1018 Nemo
1360 979 1400 1020 u·

149 1044 313 1114 aeternam,
331 1040 651 1104 aoinoommutabilem
670 1044 751 1106 aeri·
792 1057 847 1101 nus
864 1047 918 1115 est,
940 1041 991 1122 qui
1010 1038 1160 1119 possibilis
1178 1057 1325 1116 summae,
1347 1052 1399 1103 at-

148 1127 256 1195 totam,
283 1124 321 1185 ad
344 1133 446 1204 quam,
469 1125 614 1207 quidquid
645 1127 749 1204 datrrr,
791 1141 849 1203 que
863 1123 1050 1204 perdurantis
1064 1122 1268 1198 iucunditatis,
1286 1128 1400 1190 seule-

148 1202 329 1284 diiudioare‚
359 1216 388 1269 et
417 1209 575 1272 aestimare
603 1211 747 1289 cogimur,
790 1207 909 1270 licitatis
933 1205 1081 1268 desiderio
1100 1223 1160 1267 non
1182 1207 1339 1270 alliciatur.
1355 1243 1398 1258 -

149 1287 188 1368 (i.
210 1290 263 1367 bd)
278 1300 308 1352 et
327 1291 360 1371 b)
378 1310 441 1354 esse
460 1311 580 1374 quoque
598 1302 749 1357 aeternam
790 1290 909 1355 Natiuus
927 1291 975 1352 bic
998 1291 1147 1370 impetus,
1172 1299 1203 1351 et
1222 1291 1325 1354 inuata
1345 1293 1397 1355 iu-

148 1372 290 1453 aliquam,
307 1384 337 1437 et
355 1375 522 1439 absolutam
540 1379 641 1458 lepem,
654 1380 703 1440 cui
719 1398 751 1441 o·
789 1376 897 1452 eunde,
914 1376 1059 1456 beateque
1075 1373 1192 1435 vivendi
1203 1374 1398 1455 cupiditas-

151 1474 234 1518 mnes
253 1467 337 1520 actus
356 1477 393 1520 er
410 1469 511 1523 nostro
531 1462 654 1525 arbitrio
673 1482 749 1542 pen·
787 1461 925 1523 sciamus
941 1459 1089 1540 felicitatis
1105 1457 1225 1534 dicitur,
1250 1467 1280 1519 et
1298 1462 1398 1524 tendit

147 1538 251 1602 dentes
274 1543 453 1605 conformari
490 1554 636 1627 oporteat.
662 1546 748 1609 Ratio
790 1544 951 1605 instalum
974 1543 1011 1605 ab
1031 1541 1113 1603 omui
1131 1542 1209 1603 malo
1227 1554 1394 1622 remotum,

147 1623 213 1685 ideo
230 1624 321 1686 dividi
332 1628 405 1688 solet
416 1628 446 1689 iu
462 1629 659 1706 theoreticam,
672 1649 748 1712 quae
788 1636 819 1690 et
835 1628 918 1690 omui
936 1629 1014 1688 bono
1032 1625 1187 1689 roiertum.

147 1708 228 1768 iuxta
241 1718 379 1773 aeternae
396 1713 528 1774 ueritatis
546 1731 679 1775 normam
699 1733 747 1791 ea,
829 1713 859 1774 3.
884 1711 966 1786 Licet
983 1710 1100 1772 obiecta
1128 1709 1244 1787 cognita
1270 1710 1316 1773 vel
1342 1712 1397 1773 iu-

147 1809 223 1872 quae
240 1802 320 1868 sunt,
341 1805 557 1875 perscrutatur,
578 1805 607 1859 et
625 1797 655 1858 in
673 1815 748 1878 pro·
788 1796 885 1856 cunda
896 1795 995 1871 uobis,
1012 1795 1058 1856 vel
1076 1794 1191 1871 ingrata
1205 1811 1270 1856 esse
1284 1797 1399 1857 seutia-

147 1876 261 1953 cte'com,
280 1897 356 1958 quae
375 1879 498 1942 liberam
519 1879 648 1942 hominis
670 1883 746 1943 acti·
790 1876 1399 1959 mus,nibilominus-absoluteloquen-

147 1959 265 2022 vitatem
278 1961 314 2022 ad
326 1965 578 2040 aelernamlegem
595 1965 744 2046 expendit.
787 1963 825 2024 do
837 1963 1016 2024 -iueunda
1035 1979 1176 2041 respuere
1188 1971 1206 2038 ,¹
1217 1970 1247 2022 et
1266 1964 1398 2026 molesta

147 2043 199 2106 llla
217 2045 387 2123 relationes,
403 2047 434 2109 in
451 2047 561 2128 quibus
579 2048 667 2112 homo
684 2068 748 2111 ver·
787 2048 925 2128 amplecti
935 2065 1106 2128 possumus,
1119 2046 1305 2126 proutuobis
1320 2065 1398 2108 sen-

147 2133 239 2204 satur,
251 2130 393 2206 aguoscit3
412 2131 484 2193 haec
500 2150 535 2192 ex
553 2133 748 2195 relationibus
787 2149 837 2192 sus
855 2131 980 2194 intimus
997 2139 1134 2192 testatur.
1154 2129 1276 2208 Praeter
1293 2131 1399 2193 lacul-

147 2211 272 2289 cogoitis
305 2214 401 2276 officia
429 2215 561 2277 deducit.
585 2249 621 2264 -
639 2217 747 2279 Errant
787 2224 876 2276 tatem
895 2215 1043 2276 sentiendi
1058 2224 1186 2293 astorgo
1198 2215 1230 2274 iu
1244 2213 1332 2276 uobis
1342 2218 1398 2294 fu-

146 2302 257 2368 autem,
274 2297 325 2377 qui
340 2299 483 2360 rationem
500 2300 705 2374 theoreticam,
718 2310 748 2363 et
786 2300 879 2362 cultas
897 2316 1017 2380 quoque
1042 2299 1212 2378 appetendi,
1238 2299 1396 2378 eligendi,

146 2380 304 2459 practicam
325 2383 367 2442 ita
384 2383 584 2462 distinguunt,
605 2393 637 2446 ut
659 2387 745 2466 quasi
786 2401 838 2446 seu
857 2384 986 2446 volendi.
1005 2380 1398 2460 Haeclacultas-negati-

144 2463 291 2544 duplicem
311 2466 469 2540 rationem,
494 2467 614 2530 realiter
637 2469 746 2530 distin·
787 2486 821 2528 ve
838 2468 1058 2529 immunitatem
1073 2487 1092 2528 a
1105 2467 1284 2528 necessitate
1299 2465 1399 2529 inter·

146 2555 221 2608 cum
236 2547 266 2607 in
283 2548 565 2614 bomineadstruere
578 2553 745 2615 videantur·
787 2569 837 2626 na,
858 2561 887 2613 et
905 2552 1060 2614 coactione
1074 2559 1208 2626 osterna,
1224 2556 1254 2611 et
1267 2551 1399 2630 positive

146 2628 209 2692 Una
224 2631 303 2692 enim
327 2642 371 2694 est
393 2634 522 2696 bominis
547 2637 640 2712 ratio,
669 2655 745 2718 quaa
788 2633 1399 2716 potentiamseipsumdeterminandiim-

145 2724 242 2776 autem
262 2717 341 2778 rarie
360 2727 521 2798 operatur,
541 2728 571 2782 et
595 2721 674 2783 varia
700 2722 745 2782 di·
788 2727 895 2799 portat,
916 2738 950 2780 ac
964 2719 1213 2790 libertaedicilur,
1229 2735 1306 2798 quae
1320 2735 1399 2782 ‘sese

145 2805 204 2859 ctat
227 2799 286 2878 (l).
314 2801 350 2862 Et
376 2801 448 2864 baec
473 2822 534 2864 una
555 2805 631 2866 ratio
656 2805 743 2867 seed
787 2803 894 2865 exserit
920 2804 1043 2864 tum‘in
1067 2803 1302 2876 deliberatione,
1329 2811 1398 2866 turn

145 2880 296 2945 raritatem
314 2887 548 2964 cognoscendam
567 2889 744 2950 destinatam
786 2887 817 2949 in
837 2887 993 2964 electione,
1015 2896 1077 2948 tum
1091 2886 1122 2948 in
1139 2886 1400 2966 decretoeapien-

144 2966 244 3042 sentit,
263 2987 351 3048 quam
370 2971 497 3031 naturali
516 2970 583 3032 nisu
601 2981 742 3047 sectatur,
786 2971 835 3032 do.
855 2970 938 3033 Licet
955 2981 1054 3032 autem
1072 2971 1146 3032 baec
1160 2970 1282 3032 libertas
1299 2970 1338 3030 sit
1365 2974 1399 3034 in

144 3049 202 3114 nisi
218 3053 360 3114 malarum
380 3054 677 3135 turbinepassiooum
693 3057 745 3118 ab·
787 3055 921 3131 bomine,
932 3073 991 3116 non
1003 3064 1116 3131 tamen,
1136 3071 1335 3134 quaecuuque
1351 3056 1398 3118 illi

144 3132 283 3214 ripietur.
786 3140 914 3219 placent,
929 3140 1050 3218 eligere,
1070 3147 1101 3200 et
1114 3139 1189 3200 velle
1205 3146 1313 3219 potest,
1333 3139 1400 3200 'ne-

185 3217 215 3278 i.
238 3217 574 3298 Praeteroognitionem
594 3221 681 3285 datur
708 3243 743 3286 a·
786 3241 843 3303 que
869 3241 988 3303 semper
1010 3223 1164 3285 stimulum
1198 3221 1401 3286 iucunditatis

145 3299 207 3362 liud
226 3301 322 3363 adbuc
344 3305 526 3386 percipiendi
547 3323 662 3384 genus,
684 3327 742 3388 quo
785 3307 870 3388 sequi
889 3315 941 3368 aut
962 3307 1180 3382 necessarium,
1201 3315 1254 3368 aut
1273 3306 1401 3370 licitum

143 3401 250 3464 nempe
270 3403 323 3446 nos
351 3387 431 3468 ipsos
455 3389 492 3450 ab
511 3389 636 3452 obiectis
661 3401 742 3452 certo
785 3400 840 3454 est.
862 3389 956 3472 Saepe
972 3391 1064 3468 enirn,
1085 3409 1162 3472 quae
1185 3389 1317 3451 iucunda
1333 3409 1400 3471 ap-

143 3468 624 3550 modoaliectospersentisoimus.
644 3472 744 3545 Quen·
785 3485 906 3555 parent,
928 3475 1045 3537 interno
1071 3475 1187 3536 monitu
1214 3474 1401 3554 reiicienda,

142 3551 179 3611 do
199 3552 278 3612 enim
297 3571 345 3614 res
361 3554 404 3616 vel
425 3557 603 3632 materiales,
622 3559 668 3619 rel
683 3560 743 3639 spi·
784 3577 947 3639 quaerero
976 3561 1103 3620 molesta
1131 3568 1223 3636 suut,
1254 3556 1401 3634 eligenda

141 3635 263 3696 rituales
291 3635 488 3716 percipimus,
514 3647 543 3699 et
565 3639 740 3719 cogitemus,
784 3661 849 3704 esse
864 3643 1082 3722 cognoscimus.
1103 3641 1215 3724 'iuopia
1233 3641 1326 3716 enim,
1355 3643 1401 3703 li-

142 3717 236 3780 oritur
258 3719 289 3780 in
313 3720 400 3782 nobis
422 3728 523 3798 grata,
547 3723 602 3784 'rel
627 3725 742 3802 ingrata
784 3736 831 3790 cet
861 3729 1002 3805 iucunda,
1022 3727 1127 3803 reiioi3
1153 3727 1279 3788 bouesta
1309 3743 1400 3804 reru,

141 3802 250 3878 sensio,
267 3812 355 3882 prout
371 3804 457 3867 nubis
471 3815 522 3866 'res
537 3807 583 3868 val
598 3806 739 3887 iucunda,
784 3810 853 3873 lieet
873 3812 1009 3888 molesta,
1029 3807 1132 3892 perleui
1153 3810 1276 3885 debere,
1295 3807 1401 3871 inler-

140 3887 184 3950 rel
203 3886 326 3948 molesta
346 3887 469 3951 videtur.
502 3887 592 3950 Adest
621 3909 691 3970 ergo
708 3893 739 3957 in
784 3912 822 3955 ua
843 3895 994 3976 quaedam.
1013 3913 1068 3956 von
1097 3897 1139 3958 ita
1157 3895 1265 3970 dietat,
1286 3901 1321 3954 ut
1348 3895 1400 3956 vix

140 3969 226 4032 uobis
243 3971 368 4050 facultas
384 3972 530 4034 sentiendi
542 3979 737 4054 -scnsuolis,
784 3978 843 4040 ullo
864 3978 951 4041 modo
978 3979 1059 4041 illam
1079 3997 1139 4041 non
1159 3977 1263 4040 audire
1293 3979 1400 4058 possi·

139 4071 216 4132 quae
237 4073 274 4118 ex
291 4054 505 4130 materialibus,
523 4063 554 4118 et
569 4061 737 4138 rationulis,
782 4080 860 4124 mus.
881 4061 1019 4124 Facultas
1038 4081 1108 4141 argo
1131 4061 1291 4144 appetendi
1318 4062 1400 4123 sub·

139 4153 215 4216 quoae
233 4155 268 4198 ex
288 4138 493 4219 spiritualibus
523 4140 648 4206 obiectis
665 4164 737 4222 gra·
773 4154 828 4210 ,est
845 4147 915 4224 legi,
936 4165 1014 4228 puae
1044 4147 1171 4209 honesta
1188 4143 1336 4222 eligenda,
1370 4155 1401 4206 et

138 4227 210 4295 tam,
227 4222 271 4281 vel
291 4221 435 4302 ingratam
455 4225 622 4288 sensionem
642 4229 737 4308 perci·
780 4227 938 4292 inhonesta
953 4231 1127 4309 refugienda
1142 4229 1298 4312 praecipit,
1319 4228 1341 4288 i.
1371 4248 1400 4290 e.

166 4323 195 4382 u)
211 4323 237 4370 v.
252 4325 316 4371 erut
332 4328 356 4374 e.
373 4327 399 4373 u.
416 4328 432 4374 t.
444 4328 460 4374 t.
476 4325 495 4388 a.
510 4327 540 4376 su
554 4351 564 4364 ·
578 4331 616 4378 ss.
780 4311 837 4394 leui
853 4313 1034 4378 honestatis.
1061 4333 1128 4390 seu,
1140 4312 1331 4378 mentulis.
1353 4312 1403 4384 ,Ει
