2930 4736
222 165 286 230 teo
536 209 539 218 .
625 177 817 231 remensum
834 169 998 222 cessarem

181 261 246 340 der,
259 275 331 341 poce
345 253 655 340 eccelesiasticam
668 261 783 325 dacem
823 255 912 319 bonis
922 255 1143 337 privatensem
1155 255 1216 318 lam
1230 261 1322 338 aeger
1334 265 1352 321 'a
1363 278 1426 324 me-

179 361 242 409 aaa
259 345 466 426 blasphemare.
483 343 708 409 -liotaadum
724 363 781 408 aa·
820 340 1213 422 animumanimumum
1225 341 1360 406 lindesia
1372 345 1425 426 ipsi

179 435 239 492 tent
258 437 322 508 est,
340 428 452 505 Deum,
474 447 513 494 ne
528 438 659 514 potestas
675 429 781 493 Eccle-
821 424 1021 486 libentissime
1038 425 1176 500 enaiim,
1196 427 1359 490 dummodo
1376 448 1424 491 se·

178 512 386 594 siaeaadique
400 514 779 590 atllistaerilesceret,eam
810 509 865 570 -rio
882 508 1061 574 emendatas
1085 507 1244 592 adipeam
1270 510 1423 576 mimititer

177 597 283 678 primis
303 598 486 679 temporibus
503 607 674 680 portentosa
689 599 782 659 inter·
819 599 955 656 mearent·
972 593 1033 676 (5).
1122 595 1126 602 ’
1170 597 1203 604 “’

177 681 249 743 dum
268 682 376 744 effecta
395 691 599 759 susten-tasse,
618 689 649 744 et
666 682 779 763 penni-

175 766 264 841 aisse,
281 775 314 829 ut
328 767 635 829 excommunicatione
649 764 778 846 perculsi
1010 757 1228 811 WWWW·

176 869 194 912 a
209 847 319 914 Sataoe
334 867 401 913 vero
414 849 637 926 obsiderentur,
651 867 687 911 ac
702 867 780 911 mor·
828 855 863 904 aa
875 855 939 904 mort
951 852 1047 914 tnoedt
1061 853 1230 913 monsone
1245 855 1269 902 n
1285 853 1411 917 emam

175 934 224 998 bis
241 935 368 1016 aliisque
382 931 534 997 aerummis
548 933 720 1014 gravissime
734 934 779 996 al·
857 918 902 976 ‘¹⁰¹
915 916 971 962 '⁰¹¹²
987 916 1037 962 ”¹¹
1049 915 1216 974 ⁸⁹⁰⁸¹⁰¹⁰¹¹¹²¹¹
1229 925 1387 964 'mmm

175 1019 360 1098 digerentur,
374 1028 436 1080 tam
453 1027 487 1080 at
502 1019 531 1079 ni
549 1018 700 1081 ellicaeias
713 1036 778 1080 cor-
1057 1007 1088 1077 i·
1109 1012 1185 1062 ¹⁴⁸·

173 1103 355 1182 rigarentur,
371 1112 433 1165 tum
450 1111 483 1164 ut
500 1101 552 1164 alii
569 1121 587 1166 a
605 1102 775 1164 contumaci
838 1117 839 1124 ¹
857 1099 922 1164 lion
937 1100 1096 1163 doluerunt
1111 1099 1193 1161 inter
1205 1097 1417 1180 protestantes,

172 1187 380 1250 inobediemia
397 1185 523 1268 aliisque
538 1186 702 1250 sceleribus
720 1187 775 1248 de·
816 1185 867 1267 qui
898 1185 1111 1259 admitterent,
1134 1183 1287 1264 laudetis
1312 1203 1420 1249 aerea

147 1335 151 1344 Ἴ,
173 1278 369 1334 terrerentur.
389 1271 430 1333 Ex
450 1271 506 1332 nac
525 1289 596 1337 sane
615 1287 704 1332 causa
727 1270 775 1332 la-
815 1269 933 1332 Cliristo
957 1287 1074 1332 sacrum
1098 1267 1258 1348 imperinm
1277 1269 1418 1334 coliatum

150 1353 255 1418 'ctam
280 1364 345 1433 est,
371 1364 405 1416 ut
425 1355 557 1418 Ananiae
581 1363 610 1416 st
635 1352 773 1436 Sopbira,
815 1353 920 1429 luisse,
935 1355 989 1416 sed
1004 1353 1175 1415 itautoum
1193 1353 1419 1434 ipsandmnor·

173 1457 248 1522 quos
265 1438 372 1502 Petrus
389 1457 487 1520 poena
509 1439 615 1517 diam
636 1456 773 1520 proriae*
815 1445 843 1499 te
863 1437 1032 1520 expiraret,
1050 1436 1127 1498 ucat
1144 1435 1302 1498 almadana
1320 1447 1418 1500 erma·

171 1524 280 1602 tinuit,
309 1523 446 1605 praecoci
472 1531 569 1586 morte
597 1522 772 1604 abriperen—
813 1521 985 1600 ordirraria,
1006 1521 1112 1602 primis
1133 1525 1247 1581 tantum
1266 1519 1418 1586 Ecalesiae

171 1615 221 1670 tue
234 1609 294 1690 (l),
314 1616 343 1670 et
360 1609 478 1688 Elymas
497 1623 602 1684 aragus
617 1607 653 1670 ad
672 1607 772 1669 incre*
813 1603 1418 1688 aasentistemporibusnecessoeiamea·
1453 1617 1454 1620 ’

170 1691 308 1772 potiones
332 1689 418 1757 Pauli
441 1693 605 1773 derepente
628 1690 773 1752 caecitate
812 1700 917 1752 sarum
932 1690 991 1772 (a).
1012 1688 1046 1751 ld
1060 1697 1160 1750 autem
1179 1687 1297 1751 admitti
1315 1690 1417 1752 unlla-

169 1775 309 1840 lerirctur
323 1777 383 1857 (E).
403 1773 486 1848 Quae
504 1774 605 1837 omnia
621 1783 667 1837 sat
684 1775 772 1836 lucu·
805 1782 900 1836 tenus
913 1782 1022 1856 potest.
1033 1772 1105 1837 Nam
1121 1791 1241 1834 sacrum
1254 1771 1416 1854 imperium

169 1858 269 1923 leuiter
288 1860 470 1936 ostendant,
488 1858 648 1940 Apostolos
671 1858 771 1921 diuina
812 1877 830 1919 a
854 1857 971 1922 Christo
996 1857 1028 1921 in
1053 1857 1202 1939 Apostolis
1230 1855 1414 1934 institutum,

169 1945 346 2007 auctoritate
364 1944 410 2006 ias
425 1944 568 2006 habuisse
582 1943 770 2006 refractarios
811 1959 930 2025 semper
942 1942 973 2005 in
987 1942 1120 2006 Ecclesia
1135 1939 1300 2022 perdurare
1312 1942 1414 2020 debet,

170 2029 330 2091 coercendi
347 2039 377 2091 et
394 2029 508 2091 seelera
526 2026 706 2090 vindicandi.
811 2035 901 2108 atqcue
919 2027 987 2090 ideo
1006 2027 1126 2088 transiit
1148 2025 1181 2086 ia
1201 2024 1414 2106 Apostolorum

103 2113 110 2127 '
210 2113 302 2176 Noto.
320 2113 472 2177 Ecclesiae
490 2111 609 2174 docenti
627 2111 695 2173 ia'eo
712 2128 769 2192 po·
809 2125 1009 2189 successores,
1025 2111 1076 2192 uui
1091 2119 1162 2172 sunt
1176 2108 1329 2190 Episcopi.
1342 2109 1415 2174 Esse

169 2201 260 2258 testae
284 2197 442 2262 coercitira
463 2195 602 2274 denegari
622 2213 681 2257 non
700 2202 769 2276 pot·
808 2203 909 2258 aetem
925 2213 1026 2260 reuma
1040 2193 1203 2276 Episcopus
1216 2193 1415 2271 legitimosb-

152 2289 225 2356 est,
237 2280 308 2362 quia
321 2282 452 2360 gladium
468 2297 528 2342 non
545 2288 655 2360 portat,
671 2289 700 2341 et
717 2295 770 2360 par
809 2281 1037 2360 postolommia
1050 2295 1136 2340 sacro
1151 2277 1277 2358 imperio
1293 2296 1413 2340 succes·

165 2381 199 2426 se
219 2365 277 2426 uim
302 2366 452 2447 physicam
477 2361 620 2426 adliibetc
641 2365 766 2445 trequit;
808 2382 904 2440 sores,
921 2380 960 2428 en
973 2365 1005 2429 S.
1021 2364 1180 2444 Scriptura
1194 2367 1226 2424 ei
1242 2362 1414 2426 Traditiottc

165 2465 235 2510 nam
256 2449 414 2531 manaret
433 2449 463 2509 ia
484 2447 665 2526 irrogatione
684 2449 766 2524 mati,
808 2448 963 2530 probatur.
1167 2465 1170 2471 ·

164 2533 212 2594 rel
225 2532 256 2595 in
272 2533 477 2596 subtractione
492 2532 565 2596 boni
578 2531 726 2606 consistit,
738 2540 768 2594 ot

164 2615 234 2680 ideo
264 2615 397 2681 Ecclesia
423 2615 505 2679 sicut
532 2616 660 2696 pluriora
687 2615 767 2678 bona
934 2641 936 2646 ·
1041 2589 1072 2660 ς’
1100 2595 1182 2700 ω’,

156 2700 350 2782 dispensare,
366 2701 409 2762 sic
427 2699 516 2762 etiam
533 2701 606 2762 baec
622 2700 766 2761 refracta-
968 2687 985 2736 ¹·
1000 2690 1143 2748 “dmm
1158 2689 1253 2736 ”bna
1453 2743 1454 2772 2

163 2785 218 2846 riis
237 2785 384 2863 denegare
399 2791 507 2866 potest.
521 2783 652 2846 -llaeo
666 2792 764 2846 actem
848 2779 1011 2863 imperium
1027 2801 1163 2864 sacrum,
1189 2803 1241 2848 seu
1262 2787 1412 2866 regendae

163 2885 261 2950 poena
278 2869 452 2931 retractario
468 2869 625 2947 infligitur,
647 2877 707 2930 tam
727 2887 765 2930 ne
806 2863 958 2930 Ecclesiae
973 2877 1149 2956 potestatem
1164 2887 1235 2932 cum
1248 2869 1411 2952 Apostolo-

164 2953 252 3015 bonis
266 2953 476 3016 ecclesiasticis
489 2953 640 3028 abutetur,
655 2960 718 3013 tum
734 2961 766 3014 ut
807 2966 873 3012 rain
898 2961 996 3015 morte
1021 2971 1080 3016 non
1107 2953 1275 3030 initeriisse,
1296 2957 1351 3017 sed
1372 2957 1411 3018 ad

164 3037 329 3098 eorundem
351 3037 464 3099 iactura
491 3036 665 3120 perterritus
686 3035 764 3098 resi·
804 3051 910 3096 eorum
924 3053 1124 3115 successores,
1141 3037 1192 3119 atei
1207 3047 1276 3099 sunt
1289 3038 1412 3120 Episco-

163 3120 766 3201 piscat,tumutlldeles‘ascandaloprae-
806 3117 854 3198 pi,
877 3121 1123 3197 transiissemus
1145 3139 1184 3184 ea
1201 3121 1299 3203 effatis
1316 3124 1410 3187 Cleri·

162 3213 329 3266 seruentur.
347 3203 429 3266 i'atis
445 3223 514 3282 ergo
534 3223 641 3284 poena
661 3223 697 3266 ex
715 3204 764 3266 ia·
804 3203 854 3276 stt,
874 3211 937 3264 tam
952 3223 991 3268 aa
1007 3209 1095 3289 sactis
1112 3214 1142 3269 et
1156 3207 1243 3270 dictis
1257 3205 1411 3288 Apostolo-

161 3286 217 3347 stis
232 3287 332 3349 causis
344 3299 376 3350 et
394 3289 432 3350 ad
448 3289 592 3370 optimum
607 3290 698 3350 tinem
714 3289 764 3350 in·
803 3303 876 3350 rum
891 3289 1000 3352 elucet.

162 3369 261 3447 dicta,
281 3372 399 3454 spiritui
423 3373 555 3448 caritatis
571 3380 602 3434 et
621 3389 763 3436 mansue-
794 3403 798 3410 ·
848 3371 878 3433 l.
898 3370 1034 3437 Christus
1055 3373 1136 3436 eoim
1162 3373 1313 3437 Ecclesiae
1331 3393 1409 3438 sune

162 3453 294 3533 tudinis,
314 3457 344 3518 in
365 3457 523 3534 Evorsgetio
542 3457 762 3535 commendato,
805 3463 983 3537 perpetuam
1008 3457 1197 3520 durationem
1226 3457 1301 3520 satis
1327 3460 1409 3521 ctare

160 3553 221 3600 noa
240 3541 413 3622 opponitur.
435 3539 571 3602 Christus
587 3540 667 3602 enim
684 3541 760 3624 ipse,
805 3541 1018 3620 pronuntiauit,
1039 3541 1159 3604 dicens:
1179 3543 1277 3622 super
1289 3551 1409 3623 petram

160 3623 408 3704 perlecti'ssimum
428 3624 559 3686 caritatis
572 3633 603 3686 et
621 3643 763 3688 mansae·
803 3625 961 3705 aedificabo
977 3626 1139 3690 Ecclesium
1155 3645 1269 3700 meant,
1287 3635 1314 3691 et
1330 3645 1408 3708 por-

160 3707 275 3769 tudinis
285 3708 447 3788 eaenoplar,
459 3707 635 3770 Pharisaeos
645 3718 674 3770 et
685 3707 765 3772 Scri·
803 3708 1409 3790 teeinleritronpreeenlabautadversus

159 3789 225 3867 bas,
242 3789 421 3873 hypocritas,
436 3791 501 3854 cliro
519 3801 549 3855 et
563 3793 684 3874 publice
697 3813 763 3856 cor-
802 3807 868 3877 eam
880 3795 941 3872 (l).
956 3791 1089 3857 Christos
1103 3805 1202 3857 autern
1222 3795 1336 3876 absque
1351 3799 1410 3858 du·

158 3875 252 3955 ripuit
270 3877 330 3954 (3),
351 3884 381 3937 at
398 3884 532 3939 enitentes
548 3895 584 3938 ac
602 3878 762 3942 vendentes
801 3874 855 3938 bio
868 3876 972 3952 coluit,
986 3886 1019 3941 at
1034 3878 1140 3956 eadem
1156 3878 1301 3956 Ecclesia,
1313 3897 1408 3960 quam
1453 3881 1454 3888 ’

160 3959 302 4040 etemplo
317 3957 405 4020 eiecit
417 3961 476 4040 (l).
491 3959 565 4022 llum
579 3971 761 4038 autemgra·
803 3959 833 4020 in
851 3959 1000 4042 Apostolis
1018 3962 1171 4040 laudavit,
1191 3981 1312 4044 semper
1334 3982 1409 4044 per-
1453 3961 1454 4038 Q

159 4039 240 4102 rium
267 4043 428 4106 criminum
457 4063 526 4106 reus
552 4046 761 4110 ecctcn'asticis
801 4042 899 4107 duret.
925 4043 988 4107 Sed
1016 4045 1179 4110 Ecclesiam
1206 4045 1343 4111 Ebrmurs
1365 4048 1410 4111 ita

200 4192 222 4250 1)
239 4197 286 4242 tet.
301 4198 324 4244 a.
502 4197 532 4260 tn
551 4199 598 4245 ret„
611 4199 650 4258 aa,
665 4198 702 4246 rr.
830 4203 975 4268 seruosne
993 4205 1051 4252 aut.
1072 4206 1155 4254 vertat.
1169 4205 1231 4253 aest.
1249 4205 1311 4266 prou
1330 4205 1349 4253 t.
1371 4205 1410 4258 rt.
1453 4197 1454 4214 ³

200 4253 372 4306 distantias.
504 4258 715 4318 obluctati·
800 4259 871 4322 2⁰⁷·

190 4307 223 4369 (a)
237 4311 269 4358 ce
285 4314 401 4377 nooman
416 4317 432 4364 i.
447 4325 469 4363 e.
483 4313 503 4374 e.
518 4315 570 4363 rae.
830 4319 995 4386 stuariam,
1007 4322 1081 4372 rear.
1092 4322 1261 4387 actuosam.
1271 4323 1414 4385 aucam
1453 4295 1454 4334 ³
