2910 4732
598 195 693 244 muna
715 195 735 240 r.
1235 205 1243 238 t

60 272 84 336 S.
101 273 251 338 Librorum
271 276 499 354 genitinitalem,
523 276 648 358 integri·
687 275 785 349 datae,
801 274 859 336 lata
872 275 1077 354 explorentur,
1094 272 1139 336 rel
1158 281 1191 336 ut
1209 273 1294 355 ipsae
1360 309 1361 314 κ

61 368 150 436 tatem,
168 372 197 422 et
220 363 431 424 auctoritatem
457 371 519 422 tum
544 363 649 422 huma·
688 358 829 421 veritates
847 378 866 420 a
883 356 1000 422 Christo
1020 358 1180 433 revelatae,
1195 366 1225 420 et
1240 376 1295 438 par

60 463 118 504 narn
136 464 169 506 ex
188 444 324 522 ingenio,
344 455 373 507 et
387 447 557 506 charactere
572 444 649 506 seri·
690 441 880 503 traditionem
898 441 935 502 ad
955 460 1008 504 nos
1031 441 1222 504 transmissae
1241 461 1296 504 co·

61 535 185 606 plorum,
208 539 270 590 tum
292 529 422 590 divinam
448 549 483 592 ex
507 525 651 612 peculiari
690 535 883 606 gnoscactur.
902 523 1071 604 Indaganda
1086 526 1212 606 proinde
1226 534 1297 588 sunt

63 612 105 673 liei
122 613 150 673 iu
167 613 363 693 scriptionem
383 614 497 674 influxu
517 613 633 693 probat.
690 645 732 658 -
750 618 811 672 tum
832 629 910 689 quae
932 609 963 670 in
983 605 1115 670 Ecclesia
1133 609 1298 672 christiana

94 695 122 756 t.
138 697 367 760 Hermencutirn
381 698 412 776 a)
430 697 586 760 theoretice
600 715 651 756 seu
694 705 824 776 peracta,
840 705 900 757 tum
912 694 1035 772 quaeda
1046 691 1200 771 Religioue
1213 693 1299 756 Chri·

64 779 168 858 docens,
196 800 274 860 quae
301 782 450 858 legitimae
474 781 654 860 interpreta-
695 780 732 840 sti
752 780 881 839 revelata
899 777 1067 858 conscripta
1087 787 1167 839 sunt.

64 861 140 926 tionis
154 866 275 942 regulas
293 865 483 944 praescribit,
496 873 525 926 et
544 863 655 944 b)pru·
738 862 768 939 a)
789 861 919 922 Primum
942 869 1071 942 praestat
1087 863 1222 926 Historia
1249 867 1308 926 cca

64 948 136 1024 cliro,
153 968 210 1011 seu
227 957 323 1022 arteris,
345 967 421 1028 quae
445 948 561 1024 regulos
579 948 609 1008 in
629 947 656 1008 i·
696 947 867 1021 clericaliter,
887 965 963 1026 quae
982 955 1027 1008 est
1045 947 1193 1009 enarratio
1209 965 1299 1028 prag·

66 1049 110 1109 psa
126 1031 155 1094 S.
177 1031 338 1094 Librorum
364 1033 546 1112 expositione
563 1030 658 1112 appli-
700 1031 818 1105 usatica,
833 1039 862 1092 et
873 1029 1053 1094 sistematica
1066 1039 1223 1092 eventuum
1238 1049 1300 1094 me·

65 1123 113 1188 eat,
131 1127 158 1178 et
177 1117 323 1195 Eaepesis
339 1116 397 1176 dici
417 1116 502 1178 solet.
700 1114 903 1189 morabilium,
920 1114 972 1194 qui
991 1123 1154 1194 atempore
1172 1115 1300 1196 Aposto-

100 1199 127 1262 Ε.
142 1203 339 1267 Momentum.
360 1200 554 1275 introductio,
570 1217 658 1280 prae·
701 1201 795 1260 lorum
810 1199 846 1258 ad
856 1207 987 1260 nostram
999 1216 1092 1277 usque
1105 1207 1232 1261 aetatem
1245 1200 1303 1261 cir·

68 1281 141 1364 cipue
159 1285 261 1365 quoad
287 1285 473 1346 sauciationem
499 1284 632 1346 criticam
650 1327 658 1356 ,
701 1303 735 1344 ca
753 1281 950 1360 Religionem,
963 1289 1001 1352 ,et
1015 1281 1177 1344 Ecclesiam
1194 1282 1303 1347 Christi

67 1385 192 1429 summae
208 1367 341 1447 prolecto
355 1377 415 1428 tum
434 1367 581 1441 utilitatis,
599 1375 659 1426 tum
702 1367 899 1442 contigerunt.
917 1399 958 1410 -
976 1363 1104 1428 Historia
1116 1367 1302 1430 ecclesiasti-

68 1451 245 1512 necessitatis
275 1461 339 1527 est,
368 1452 438 1531 quia
460 1459 660 1528 argumenta,
703 1469 736 1512 ca
755 1451 778 1512 si
798 1457 921 1510 euentus
939 1450 1147 1512 memorabiles
1166 1451 1303 1513 universe

67 1554 132 1612 qnae
143 1535 308 1613 Theologia
318 1535 466 1611 generalis
480 1554 532 1616 pru
542 1535 662 1596 veritate
703 1533 948 1615 conprehendit,
967 1535 1157 1611 urtiaersctis,
1176 1544 1206 1596 at
1223 1544 1303 1598 certo

68 1619 154 1680 luctae
170 1619 289 1680 divinae
315 1618 515 1680 Revelationis
534 1619 661 1699 prolert,
704 1618 850 1680 eiusmodi
870 1626 1028 1680 eventuum
1050 1621 1164 1695 generi,
1182 1621 1304 1701 periodo

68 1703 251 1778 genuinitati,
269 1703 443 1779 integritati,
458 1711 486 1764 et
497 1702 664 1764 auctoritati
706 1702 859 1784 temporis,
880 1709 931 1762 aut
950 1701 1014 1762 loco
1038 1703 1155 1779 alligata
1165 1705 1304 1784 pertica-

68 1785 94 1847 S.
111 1785 270 1850 Librorum
292 1787 473 1848 innituntur.
494 1821 536 1832 -
562 1785 664 1862 Magna
705 1790 778 1850 luris
797 1785 979 1848 nominatur.
1011 1783 1154 1856 -Qnod
1183 1788 1208 1848 si
1230 1789 1304 1850 ratio

71 1889 181 1952 quoque
205 1881 275 1932 sunt
292 1871 534 1932 Hermeaeuticce
548 1873 664 1931 ernolu-
705 1872 847 1951 teruporis
866 1870 1033 1946 habeatur,
1053 1869 1182 1932 Historia
1207 1872 1305 1934 eccle·

70 1965 173 2018 menta.
196 1952 272 2026 Quia
297 1956 376 2016 euim
396 1956 493 2016 ononis
511 1955 667 2033 Scriptura
706 1956 826 2016 siastica
853 1953 945 2016 dividi
973 1962 1069 2033 potest
1096 1956 1126 2016 in
1153 1956 1305 2016 historiam

71 2039 207 2102 diuinitas
222 2040 373 2119 inspiratu
398 2039 480 2101 utilis
497 2047 537 2100 est
556 2040 595 2100 ed
612 2039 665 2099 du·
703 2040 798 2119 princi
812 2039 876 2100 oeta
888 2039 1033 2100 asaecnlo
1049 2039 1144 2118 primo
1158 2058 1252 2120 usque
1267 2041 1305 2101 ad

73 2125 201 2198 crudum,
221 2125 261 2186 ud
283 2125 482 2202 crpore-tadum,
501 2125 540 2185 nd
569 2122 667 2184 curri·
708 2123 858 2184 saeculum
890 2131 1049 2196 octauum,
1069 2141 1121 2184 seu
1151 2143 1168 2184 a
1193 2123 1307 2186 Christo

70 2208 219 2285 piendam,
234 2209 273 2270 ud
286 2209 479 2270 erudiendam
496 2207 666 2281 iniustitia,
710 2213 802 2288 nsque
822 2207 859 2268 ad
882 2205 1016 2268 Caroluru
1050 2205 1199 2285 llaguum3
1218 2209 1307 2272 medii

74 2299 102 2352 ut
116 2291 265 2371 perfectus
293 2293 436 2354 sititomo
455 2292 670 2354 Deiuduncuc
708 2293 774 2354 ceci
802 2311 818 2352 a
851 2291 970 2352 saeculo
1005 2300 1107 2352 octauo
1144 2311 1238 2373 usque
1271 2293 1307 2353 ad

72 2393 134 2454 opus
151 2377 262 2438 botrum
274 2377 501 2454 instruc·tas(l);
522 2375 588 2436 ideo
604 2374 669 2434 cui·
710 2377 861 2438 saeculum
886 2375 1035 2442 decimani
1054 2387 1191 2451 sextum,
1221 2395 1308 2438 seua

73 2460 112 2520 ris
128 2457 316 2536 Christiano,
337 2470 366 2520 et
394 2459 551 2539 praecipue
571 2457 669 2518 Theo·
710 2461 813 2524 Curato
825 2459 861 2520 lt.
878 2478 971 2538 usque
989 2458 1025 2520 ad
1043 2457 1307 2536 Reiorrnatiunem3

75 2543 134 2620 logo
152 2555 307 2626 pergratae
324 2544 436 2628 peltant
458 2563 523 2604 esse
540 2542 672 2622 discipli·
710 2556 739 2607 et
756 2545 854 2608 attinet
872 2544 935 2606 ccci
953 2544 1226 2605 asaeculodecimo
1242 2563 1307 2606 sex-

75 2646 137 2704 nae,
157 2647 234 2708 quae
255 2638 365 2689 rectam
385 2625 416 2687 S.
437 2623 594 2688 Librorum
624 2628 670 2685 iu·
712 2641 752 2704 tn,
781 2649 834 2690 seu
861 2624 877 2690 a
902 2626 1123 2690 Resurrectione
1147 2646 1242 2708 usque
1273 2629 1308 2689 ad

77 2713 310 2790 terpretatiouem
332 2712 375 2772 uel
395 2721 520 2788 rerrtote,
537 2711 582 2772 vel
598 2729 669 2791 pro·
711 2724 845 2794 tempora
866 2721 979 2773 nostra.
1000 2745 1041 2758 —-
1071 2710 1230 2782 Quodlibet
1257 2731 1308 2773 ae·

77 2795 147 2856 rime
164 2795 285 2870 docent,
305 2805 334 2856 et
353 2798 465 2856 iuvant.
711 2818 778 2858 uurn
799 2798 828 2857 in
849 2796 944 2856 varias
963 2795 1090 2876 epochas
1116 2795 1308 2872 distinguere,

111 2879 198 2942 Noto.
225 2879 394 2942 Cavendum
422 2890 521 2940 tamen
550 2886 613 2954 est,
634 2897 672 2938 ne
712 2893 741 2944 et
766 2881 795 2942 iu
817 2880 951 2960 qualibet
968 2880 1083 2959 epocha
1100 2880 1136 2940 de
1161 2879 1229 2939 latis
1252 2878 1310 2940 Ec·

78 2962 137 3037 quis
168 2973 271 3043 putet,
299 2983 352 3042 pei·
378 2964 441 3024 sula
467 2962 600 3024 subsidia
624 2962 672 3022 hi·
712 2966 818 3028 clesiae
831 2964 992 3046 prosperis,
1007 2961 1236 3037 etadrersis,de
1249 2963 1311 3024 hie-

79 3042 148 3106 blica
161 3045 192 3108 S.
213 3046 397 3128 Scripturam
421 3047 499 3108 eirca
518 3066 566 3122 ea,
596 3065 672 3126 uuae
712 3049 842 3124 rarcbia,
862 3068 914 3110 seu
933 3045 1077 3125 regimine
1094 3064 1192 3123 sacro,
1211 3048 1248 3110 de
1266 3046 1311 3108 vi-

79 3127 155 3190 fidcm
182 3151 342 3211 moresque
374 3140 570 3206 concernunt,
594 3139 673 3192 recte
713 3135 755 3196 ris
774 3133 920 3208 doctriua,
941 3142 970 3194 et
988 3130 1097 3211 pietate
1127 3131 1310 3208 illustribus,

81 3215 177 3291 erponi
208 3234 310 3294 posse,
331 3215 410 3293 quod
436 3225 496 3275 tutu
516 3215 672 3295 experien·
691 3225 694 3252 l
713 3219 749 3280 de
777 3215 999 3288 schismatibus,
1021 3224 1050 3274 et
1067 3215 1260 3292 haeresibus,
1276 3216 1312 3276 de

81 3295 140 3372 tiae,
160 3307 222 3358 tum
244 3299 374 3375 dogmati
400 3299 545 3360 catholico
564 3299 671 3360 adver·
691 3262 695 3415 Ι
714 3302 861 3376 conciliis,
880 3302 915 3360 o'e
931 3299 1086 3380 disciplina
1099 3300 1310 3374 ecclesiastica,

78 3389 164 3458 satur,
181 3382 264 3462 quod
284 3383 447 3444 Ecclesium
469 3403 522 3444 ceu
542 3384 670 3444 authen·
692 3421 695 3482 t
714 3387 750 3447 da
769 3405 846 3455 nexu
871 3403 937 3444 cum
961 3383 1153 3445 societatibus
1176 3384 1312 3445 civilibus

78 3463 183 3540 ticum,
205 3477 235 3528 et
253 3465 441 3528 infallibilem
472 3466 554 3527 uerbi
579 3464 672 3526 divini
693 3487 696 3524 t
715 3482 771 3531 ete.
794 3479 850 3529 etc.
873 3469 1018 3529 disserere
1035 3475 1161 3548 oportet.
1237 3493 1239 3496 ·

78 3553 130 3605 lum
144 3551 261 3631 scripti,
277 3561 338 3611 tum
360 3551 459 3612 traditi
480 3552 670 3630 interpretem
692 3531 696 3600 i
757 3555 790 3630 b)
810 3551 845 3614 Ut
863 3562 961 3626 auteur
988 3553 1125 3614 veritates
1151 3572 1167 3613 a
1197 3551 1312 3614 Christo

76 3633 183 3696 statuit.
714 3637 869 3712 revelatae,
885 3645 914 3698 et
933 3653 985 3717 per
1004 3635 1190 3697 traditionem
1209 3636 1243 3696 ad
1261 3655 1313 3696 nos

324 3718 353 3788 h·
375 3725 426 3772 ¹⁰·
715 3721 905 3782 trairsruissac
934 3729 1172 3798 cognoscantur,
1192 3719 1313 3798 antiqua

212 3847 217 3852 -
247 3803 272 3850 ¹¹·
288 3804 365 3848 saucit
381 3801 493 3847 naturaei.
715 3814 909 3866 rrionnrnenta
929 3801 1115 3884 inspicienda
1129 3813 1209 3876 sunt,
1227 3804 1314 3862 iuimi-

110 3884 144 3946 Α.
161 3887 251 3951 Notio
269 3906 303 3950 uc
323 3888 449 3950 Diuisio.
471 3885 607 3948 Studium
628 3883 673 3944 hi·
715 3909 779 3952 ruta
800 3889 910 3968 scripta
928 3886 979 3948 SS.
995 3885 1128 3963 Petrum,
1150 3895 1216 3948 acta
1235 3885 1313 3946 Cun-

75 3969 225 4047 storicum,
242 3972 321 4051 quod
341 3971 519 4050 'llreolngiae
533 3966 671 4030 ceusuh·
715 3975 864 4045 ciliorum,
886 3971 1030 4051 symbola,
1050 3971 1182 4046 ritualia,
1202 3977 1231 4030 et
1246 3968 1315 4029 libri

77 4051 180 4114 sidium
199 4056 333 4132 inservit,
354 4075 389 4116 ex
407 4055 601 4134 duplici'srne
620 4071 673 4112 su·
715 4057 944 4116 sacramentales
956 4054 1168 4129 Ecclesiarum,
1181 4061 1270 4132 atqcue
1286 4072 1316 4113 e·

78 4136 145 4214 scipi
159 4147 267 4217 potest,
281 4173 323 4186 -
337 4142 381 4200 tel
401 4148 432 4199 ut
446 4137 609 4214 Religionis
627 4153 675 4195 re·
716 4141 816 4201 rudita
835 4139 1049 4215 Tbeulugornm
1070 4155 1173 4215 opera,
1193 4146 1221 4196 et
1234 4135 1316 4196 enin·

78 4219 194 4297 velatae,
213 4232 243 4283 et
261 4221 413 4286 Ecclesiae
432 4241 449 4284 a
468 4221 583 4285 Christo
602 4221 673 4282 iun·
716 4223 753 4284 de
770 4221 867 4284 variae
881 4221 1054 4300 disciplinae
1071 4219 1315 4280 historico-theo-

102 4324 132 4384 (ι)
146 4327 172 4374 tr.
188 4328 247 4373 arm.
261 4330 284 4375 s.
717 4307 829 4384 logicae
850 4309 997 4378 oriuntur,
1017 4300 1169 4362 videlicet:
