2934 4736
464 184 539 230 rans
555 185 598 230 nr.
618 184 720 230 sscrro
739 185 759 230 r.
779 184 873 230 cucur
889 185 911 230 ι.
1206 163 1262 226 all

82 259 355 340 atores-prophetas,
375 261 484 330 aliosne
500 263 665 344 praeclaros
705 261 913 336 adhaerentes,
932 259 962 324 in
981 279 1126 328 canonem
1145 279 1205 324 non
1223 267 1307 324 retu-

81 341 210 414 riros,vel
224 344 476 422 obargumeutuoa
490 347 665 427 pium,gra·
705 347 826 423 leruot3
853 345 978 410 ludaeos
1008 356 1107 406 autem
1130 344 1313 424 Helleaistasy

82 444 121 497 re,
141 424 347 494 theocratieunr
368 431 401 500 in¹
418 433 545 494 maxima
561 441 666 498 aucto·
706 439 794 512 atque
816 429 1048 506 Alexandrinos,
1070 429 1121 512 qui
1140 447 1194 510 per
1214 435 1307 490 totum

82 508 156 570 ritate
173 510 249 590 apud
268 511 392 584 iudaeos
413 513 545 579 luerunt.
565 513 666 595 Neque
707 515 765 576 late
787 509 937 574 Orientem
965 513 1064 578 diffusi
1083 520 1179 587 eraut,
1204 529 1308 576 ornnes

82 591 195 654 dubitari
209 604 316 674 potest,
330 597 455 664 Iudaeos
472 618 507 664 ex
525 607 667 662 coustan-
707 597 774 660 illos
795 595 830 658 V.
851 593 886 660 T.
915 596 1029 672 libros,
1059 614 1134 676 quas
1162 589 1308 658 Catholici

81 674 98 734 ti
114 673 277 760 synagogae
290 680 450 752 traditione¹
460 683 581 747 edoctos
595 682 668 744 iuis·
707 681 879 755 admittunt,
893 681 958 742 sine
970 680 1141 742 discrimine
1151 697 1204 759 pro
1217 696 1309 744 cauo-

80 759 243 841 se,quinam
255 763 410 828 interillos
422 765 526 841 libros,
539 766 589 846 qui
602 776 668 848 post
707 765 782 826 nieis
797 764 946 840 hahuisse,
956 763 1013 824 iam
1023 765 1124 846 plures
1139 761 1249 856 eruditi
1262 779 1310 821 as-

80 840 301 908 Penlatheucum
319 849 476 932 conscripti
492 851 622 926 luerunt,
637 859 669 911 ut
707 857 875 924 secuerunt,
890 857 919 910 et
931 847 1031 910 solidis
1044 855 1227 926 argumentis
1240 863 1309 926 pro-

82 925 160 986 dirini
172 927 301 992 habendi
319 933 589 998 essent.-Statim
602 943 668 1014 post
709 932 786 996 bavit
806 932 994 996 doctissimus
1012 929 1225 993 Turnenrinius
1245 927 1305 1010 (3).

82 1011 267 1088 captivitatem
286 1013 491 1099 babylonicam
512 1037 611 1082 sacros
628 1017 668 1079 li-
750 1015 780 1076 Ι.
800 1015 900 1080 Canon
917 1015 1134 1079 Catholicorum
1150 1013 1308 1092 clarepro-

83 1089 141 1153 bros
157 1097 298 1159 collectos
323 1108 352 1162 et
379 1101 410 1162 in
440 1101 538 1176 indice
567 1103 667 1182 aliquo
709 1099 829 1179 ponitur
846 1119 862 1160 a
879 1099 1010 1164 Concilio
1027 1098 1212 1172 Tridentino,
1228 1096 1307 1178 quod

83 1178 251 1260 conscriptos
266 1182 370 1257 luisse,
387 1194 526 1248 constans
545 1186 601 1247 lert
616 1185 667 1252 lu·
708 1183 893 1264 septuaginta
903 1184 1233 1257 iresliblosessufflesais
1243 1181 1313 1242 ¹¹⁰⁸*

81 1258 206 1322 dacorum
231 1274 262 1326 et
280 1265 514 1332 Christianorum
538 1263 666 1335 eonsen-
709 1286 767 1348 que
786 1287 889 1328 omnes
913 1278 946 1329 ul
971 1266 1129 1328 canonicos
1157 1265 1309 1328 habenti&

81 1341 666 1432 sio.Communisquoquesententiaest,
708 1345 1310 1432 essedeeernitSess.lll,quiuinterpro-

81 1424 191 1492 Esdram
211 1431 303 1495 huius
319 1436 502 1498 collectionis
517 1445 666 1500 auctorem
710 1435 938 1497 tocaoonieoset
950 1433 1233 1498 deuteroeanonieos
1245 1432 1309 1498 dis-

82 1509 177 1590 inisse,
196 1517 279 1595 quod
310 1519 479 1584 testimonio
510 1520 568 1584 Iao.
598 1521 668 1582 Fla·
709 1518 821 1580 crimen
835 1519 1017 1582 instituatur.
1032 1518 1195 1582 Concilium
1210 1526 1309 1580 autem

82 1593 112 1652 rii
124 1597 166 1675 (l)
179 1602 384 1665 confirmatur,
399 1603 441 1665 lta
458 1613 554 1666 tamen
569 1605 599 1666 in
613 1603 669 1666 hoo
711 1603 903 1663 tridentinum
920 1603 950 1663 in
963 1621 1077 1664 canone
1091 1603 1214 1664 texendo
1232 1621 1310 1664 non·

82 1694 176 1756 magno
193 1692 223 1744 et
238 1685 351 1746 dillicili
364 1706 453 1768 opere
465 1688 587 1750 Esdram
600 1707 669 1750 ver·
710 1685 767 1748 nisi
781 1695 953 1766 perpetuam
967 1695 996 1748 et
1010 1705 1200 1752 communem
1210 1685 1311 1748 Eccle-

82 1769 165 1824 satum
178 1766 269 1830 luisse
280 1770 440 1848 credimus,
454 1781 486 1834 ut
498 1773 598 1834 omnia
611 1773 671 1837 ius-
710 1771 821 1830 siarum
841 1769 1068 1832 consensionem
1082 1780 1217 1832 secutum
1232 1787 1309 1848 esse,

81 1856 152 1908 suet
169 1853 345 1916 auctoritaie
364 1873 488 1931 magnae
507 1875 669 1936 synagogae
711 1853 797 1914 facile
816 1853 937 1934 probari
958 1863 1063 1933 polest.
1086 1853 1159 1920 Nam
1178 1854 1208 1935 a)
1231 1853 1310 1916 Con-

82 1925 147 1991 iacta
162 1932 286 2011 inerint,
305 1956 382 2018 quae
397 1939 668 2019 conquirendorum
710 1937 812 1998 cilium
834 1939 1066 2018 Corthopinense
1087 1937 1138 2012 ΙΙΙ,
1159 1957 1237 1999 annu
1250 1939 1310 2000 307

82 2019 106 2070 et
121 2013 377 2082 instauraudornm
402 2022 547 2085 librorum
568 2043 671 2086 sacro·
711 2041 728 2082 a
745 2021 785 2082 ll
806 2021 960 2102 Episcopis
978 2031 1201 2099 congregatum,
1213 2021 1243 2083 in
1259 2039 1312 2082 ea·

81 2110 136 2155 rum
158 2103 342 2180 provinciam
368 2105 478 2168 Esdrae
505 2107 670 2170 demanda-
711 2124 820 2166 nonem
836 2125 923 2168 suum
944 2106 1063 2172 eosdem
1080 2106 1174 2171 libros
1196 2106 1310 2184 retulit,

82 2189 168 2259 verat,
192 2194 221 2246 et
243 2196 364 2268 peracto
383 2190 485 2252 labore
508 2211 669 2272 expensum
711 2208 786 2270 quos
804 2209 899 2256 canon
920 2189 1098 2252 tridentinus
1108 2189 1210 2266 hahet,
1225 2190 1312 2252 addi-

83 2278 146 2340 opus
171 2271 396 2352 comprobarit,
417 2283 446 2335 et
464 2275 583 2354 publico
603 2276 670 2336 usui
712 2281 741 2335 ta
759 2273 892 2352 ratione:
912 2273 939 2338 A
964 2275 1103 2340 Patribus
1121 2276 1180 2338 iste
1198 2274 1312 2354 occepi·

83 2355 251 2415 consecrauit
269 2355 328 2435 (E).
349 2353 435 2419 Teste
461 2357 585 2439 tosepno
609 2359 666 2422 Es·
711 2375 776 2418 mres
793 2358 827 2419 io
843 2359 973 2422 Ecclesia
991 2359 1123 2438 depende.
1145 2357 1314 2436 h)(1umex

83 2427 140 2491 dras
156 2431 337 2518 Scripturam
356 2439 386 2500 in
411 2441 591 2519 vigintiduo
618 2462 671 2504 vo·
711 2441 787 2502 votis
812 2442 930 2503 concilii
960 2441 1199 2519 Carthaginensis
1225 2443 1315 2504 index

83 2509 183 2579 lumina
203 2522 350 2584 distinxit.
371 2522 497 2596 Quinam
518 2535 616 2588 autem
641 2526 670 2587 hi
711 2525 747 2584 ad
757 2525 955 2588 occidentales
967 2527 1129 2606 Episcopus
1139 2526 1254 2588 delatus
1268 2546 1315 2588 es-

84 2595 170 2672 viginti
181 2603 238 2665 duo
254 2606 324 2667 libri
337 2607 460 2685 luerint,
474 2607 610 2672 accurate
622 2611 671 2672 de·
711 2615 767 2682 set,
787 2617 820 2668 ut
836 2610 872 2669 ab
892 2609 965 2685 illis,
983 2612 1142 2690 praecipue
1158 2629 1175 2670 a
1189 2629 1313 2676 romano

84 2677 149 2772 liniri
167 2704 224 2748 non
245 2698 354 2770 potest.
374 2691 518 2772 Iosephus
536 2713 671 2756 summa·
712 2690 853 2753 Pontitiee
869 2695 1106 2769 confirmaretur,
1123 2693 1314 2762 Innocentius

84 2767 127 2822 tmr
146 2775 255 2832 tantum
270 2773 361 2835 libros
373 2783 539 2854 enumerat,
560 2779 673 2840 scilicet
712 2773 724 2834 Ι
743 2787 809 2836 eum
827 2793 881 2836 suo
896 2784 925 2836 et
943 2777 1021 2837 sedis
1042 2776 1238 2858 apostolicae,
1253 2776 1314 2840 imo

84 2842 200 2914 blibros
217 2855 337 2934 Moysis,
359 2859 397 2921 l3
417 2859 591 2940 Prophetas,
609 2862 672 2922 etl
712 2865 741 2918 et
760 2858 850 2920 totius
869 2859 1060 2922 occidentalis
1087 2859 1238 2922 Ecclesiae
1256 2879 1314 2921 no-

84 2925 163 2995 libros
181 2941 321 3003 morales.
338 2941 531 3005 Commuoior
548 2953 671 3008 senten·
714 2942 792 3002 mine
815 2942 999 3022 approbavit,
1025 2943 1068 3004 uti
1093 2951 1208 3006 constat
1226 2963 1261 3006 ex
1279 2963 1314 3006 e-

85 3011 117 3072 tia
135 3016 200 3082 huie
222 3027 331 3096 canoni
354 3028 473 3090 eosdem
499 3028 590 3094 libros
616 3030 671 3090 tri·
712 3025 826 3087 iusdem
850 3026 975 3107 epistola
1005 3026 1041 3087 ad
1068 3025 1254 3105 Exuperium
1279 3047 1315 3090 e·

76 3093 158 3177 huit,
181 3124 258 3185 quos
280 3111 525 3190 protocanonicos
557 3112 671 3194 antiqui
713 3109 867 3191 piscopum
887 3109 1065 3172 Tolosanum
1085 3110 1240 3173 annulos
1259 3112 1315 3174 da-

85 3177 198 3250 loederis
211 3210 366 3270 vocamus,
389 3195 420 3255 in
439 3195 549 3257 nostris
564 3195 672 3266 hodie·
713 3202 754 3270 ta,
769 3194 892 3275 ipseque
906 3194 1044 3254 similiter
1056 3193 1221 3256 doctrinam
1238 3196 1315 3258 hanc

85 3261 145 3326 dam
159 3269 260 3336 bibliis
275 3276 422 3340 hebraicis
438 3287 603 3342 contentos:
620 3299 672 3360 pro
713 3295 746 3338 en
759 3279 918 3341 traditione
930 3297 962 3340 se
974 3276 1110 3340 hausisse
1122 3279 1174 3340 ait.
1191 3279 1221 3358 c)
1235 3279 1316 3342 Eun·

85 3344 133 3410 hoc
156 3359 302 3422 sententia
318 3370 397 3423 stant
423 3373 541 3442 praeter
557 3365 672 3426 versio·
712 3360 778 3424 dem
789 3361 1084 3422 librorumcanonem
1098 3373 1316 3429 recensetcon·

84 3445 129 3524 nes
147 3433 218 3501 Lxx
239 3443 365 3524 interpr.
381 3445 519 3526 Aquilae,
530 3446 671 3512 Theodo-
712 3441 812 3506 cilium
825 3447 1102 3520 Romerettot,annu
1117 3447 1178 3510 tol
1190 3449 1245 3510 sub
1261 3447 1317 3512 Ga-

85 3518 162 3608 ttqnis
174 3541 206 3584 ae
220 3523 402 3607 Symmachi,
416 3530 505 3600 etiarn
516 3527 671 3609 Origenes,
714 3527 990 3594 lasiocelehrelum.
1004 3525 1314 3614 d)S.hugustinus(d)

85 3591 269 3687 Hieronymus
282 3620 311 3672 et
323 3609 421 3677 Melita)
434 3611 589 3679 Sarderlsis'
603 3635 673 3678 sae·
712 3612 816 3692 positis
836 3625 904 3684 aule
920 3613 1031 3692 regulis
1050 3615 1088 3678 ati
1103 3616 1315 3682 discernendas

86 3683 136 3742 culi
152 3685 176 3748 ll
193 3694 322 3776 scriptor
347 3695 418 3778 (qui
442 3707 540 3762 tamen
564 3699 670 3768 librum
713 3696 877 3778 scripturas
894 3716 1011 3777 sacras,
1035 3717 1179 3762 canonem
1200 3699 1314 3762 subne-

82 3755 179 3832 Esther
195 3777 321 3858 omisit).
338 3813 381 3826 -
395 3779 516 3846 Praeter
531 3782 620 3848 hosce
634 3783 672 3849 li·
713 3781 776 3856 ctit,
796 3781 846 3865 qni
859 3781 979 3849 eosdem
993 3801 1047 3846 nec
1060 3785 1160 3864 plures
1175 3801 1315 3861 neopatr-

87 3841 146 3912 hros
161 3857 245 3938 alios,
264 3861 407 3923 nimirum
427 3866 673 3936 eleuterooanoni-
713 3864 809 3932 ciores
828 3865 919 3929 libros
937 3865 1261 3948 complectitur‚'-quam
1281 3865 1314 3930 in

87 3944 140 4009 eos,
158 3941 297 4021 extitisse,
318 3946 474 4010 indubium
494 3957 556 4024 est;
573 3951 625 4020 sed
644 3951 672 4012 i·
712 3945 843 4022 Concilio
866 3947 1040 4018 Tridentino
1060 3948 1206 4018 numerati
1230 3957 1311 4022 aurat.

87 4019 138 4078 slus
154 4020 271 4105 ludaei,
291 4029 321 4090 in
343 4029 510 4102 Palaestina
532 4032 673 4112 degentes
712 4028 856 4115 e)-Quam
882 4035 1030 4125 generalis
1056 4033 1146 4102 luerit
1173 4050 1190 4096 a
1210 4031 1314 4116 primis

89 4103 113 4156 tl
127 4111 226 4172 caooui
244 4108 282 4175 ah
307 4113 401 4176 Esdra
419 4116 553 4184 conlecto
571 4117 673 4182 stricte
1351 4177 1354 4196 Ι

741 4187 773 4294 (ᾖ)
789 4187 823 4238 Cl.
838 4190 912 4238 Walbl
927 4189 1052 4248 liogmcllls
1061 4192 1083 4237 7.
1096 4188 1210 4236 hbhandl.
1222 4187 1245 4237 Ι.
1257 4191 1314 4238 Bell.

47 4303 60 4332 θ
112 4225 352 4346 peremptor.
713 4262 779 4297 n..
828 4313 829 4316 Ἴ

133 4301 139 4348 Ι
154 4294 178 4342 v.
188 4299 321 4353 llanlluet
333 4305 482 4368 t’rop.ll‚de
494 4318 547 4356 ean.
559 4307 601 4357 llb.
612 4321 672 4358 sacr.
744 4308 775 4370 (t)
791 4308 815 4356 l..
829 4306 845 4354 2
860 4307 889 4353 da
903 4306 981 4356 doctr.
992 4306 1071 4356 christ.
1085 4318 1137 4368 cap.
1153 4309 1174 4355 8.
