2930 4736
406 194 481 240 nans
503 195 546 239 nr.
566 191 667 240 suerro
682 192 717 237 n.
737 191 831 237 cnnur
849 189 892 235 m.
1168 175 1230 242 ltu

12 270 405 336 minorismnnrcntisunt.
422 273 458 336 Et
475 272 586 336 Paulus
603 273 634 334 in
675 271 756 334 enim
776 274 909 350 pugnant
930 263 1063 346 Apostoli
1084 275 1114 330 et
1133 269 1271 356 Episcopi

11 355 166 437 Epistola
185 377 238 419 sua
257 359 293 419 ad
313 357 465 420 Romanos
482 375 541 419 non
556 358 636 418 salu·
676 373 814 428 munera3
834 352 968 432 Apostoli
996 351 1144 433 siquidem
1165 375 1272 421 munus

12 447 64 500 tat
86 439 230 518 Petrum,
244 443 323 523 quod
340 453 438 504 tamen
457 441 570 522 absque
582 441 636 503 du·
676 439 765 516 exigit
782 436 857 499 nulli
876 435 1019 516 peculiari
1038 439 1102 499 loco
1120 440 1272 505 addictum
1365 449 1369 456 '

13 522 73 584 bio
93 525 233 603 lecisset,
252 527 277 588 si
303 525 410 588 Petrus
433 525 633 591 Romanorum
676 542 754 599 esse,
772 518 1017 602 Episcopioutem
1035 529 1147 584 certam
1158 525 1271 604 sedem,

15 607 202 689 Episcopus
222 609 339 672 luisset.
676 615 706 670 et
725 607 907 688 peculiarem
926 621 1045 682 gregem
1070 609 1212 686 exposcit.

60 693 160 773 Resp.
178 691 260 764 Quae
272 693 635 771 nobisobiiciuntunnon
717 691 804 770 Resp.
819 687 945 752 Omnino
964 689 1072 750 salsum
1087 699 1143 766 est,
1157 691 1271 752 nullum
1317 769 1324 776 ρ

17 784 98 836 sunt
121 777 181 838 nisi
201 786 375 856 argumenta
392 779 543 857 negativu3
563 779 636 838 baec
675 774 883 855 Apostolorum
898 773 1076 852 peculiorum
1095 774 1220 851 gessisse
1235 775 1273 837 E·

16 869 133 921 autem
146 879 207 922 non
223 862 389 940 infringunt
403 863 538 944 positiva,
559 879 635 942 quae
677 859 873 940 piscopatum.
895 853 1037 919 Universa
1050 857 1195 937 siquidem
1215 879 1272 920 an-

19 943 88 1004 iam
114 963 153 1006 ex
176 946 352 1008 testimoniis
370 947 429 1009 fide
455 943 635 1024 dignissimis
678 942 906 1022 tiquitasdocet,
929 937 959 1000 S.
978 938 1116 1004 Iacobum
1132 943 1273 1004 luisseE-

18 1027 119 1088 allata
129 1029 262 1106 luerunt3
273 1032 445 1112 praesertim
461 1049 528 1091 cum
545 1029 633 1091 etiarn
661 1025 831 1106 'piscopnnr
855 1023 1004 1088 Ecclesiae
1028 1025 1272 1106 llierosolymita·

18 1113 188 1173 sufficiens
200 1113 311 1175 silentii
329 1113 634 1194 ratioassignaripos·
677 1129 744 1172 nae.
765 1107 875 1181 Quodsi
887 1109 997 1188 reliqui
1010 1108 1144 1190 Apostoli
1160 1119 1271 1176 certam

19 1197 75 1257 sit.
113 1195 147 1258 Si
162 1197 248 1258 enim
274 1196 347 1259 Acta
362 1199 571 1280 Apostolorum
587 1195 634 1258 at·
676 1194 733 1255 sibi
751 1194 852 1256 sedern
869 1211 929 1255 non
949 1195 1122 1272 elegerunt,
1153 1195 1273 1258 utisibi

19 1287 115 1341 tente
139 1281 384 1360 considerentur,
412 1283 500 1344 facilc
522 1287 634 1357 cogno·
675 1277 780 1341 Petrus
797 1277 962 1340 Romanam
981 1277 1107 1356 delegit,
1127 1277 1194 1339 ideo
1213 1287 1270 1356 cst,

22 1365 141 1440 scitur,
160 1363 269 1426 Lucam
287 1365 343 1430 sibi
357 1385 416 1428 non
431 1366 633 1447 proposuisse,
676 1363 747 1442 quia
764 1362 795 1422 in
813 1361 873 1423 illis
891 1381 951 1422 non
971 1363 1089 1423 extabat
1114 1363 1272 1443 peculiaris

23 1448 138 1509 omnia
158 1467 310 1527 enarrare,
331 1469 407 1531 quae
425 1449 557 1530 Apostoli
569 1467 635 1532 per·
676 1447 726 1507 illa
743 1447 837 1521 ratio,
855 1465 913 1525 qua
930 1445 1034 1508 Petrus
1053 1447 1090 1508 ad
1106 1465 1190 1508 suam
1215 1447 1271 1508 oli-

25 1541 175 1611 egerunt.
197 1531 254 1595 Sed
280 1533 317 1594 de
342 1534 482 1596 omnibus
509 1535 635 1614 Aposto·
674 1531 801 1607 gandam
826 1529 930 1591 debuit
960 1531 1140 1610 permoveri.
1167 1529 1272 1594 Petrus

23 1616 64 1676 lis
86 1618 179 1697 plura
207 1627 337 1695 enarrat,
368 1619 510 1700 quamdiu
529 1619 558 1678 in
582 1617 634 1680 lu·
675 1614 754 1675 enim
779 1622 897 1694 praeter
913 1613 1116 1694 Apostolatum
1133 1615 1273 1677 omnibus

25 1700 108 1761 daea
124 1701 241 1762 collecti
255 1702 392 1763 luerunt:
413 1710 634 1784 postquamau-
675 1699 795 1776 collegis
831 1697 894 1758 suis
922 1715 1135 1774 communem,
1169 1699 1274 1762 babuit

26 1794 170 1864 temper
194 1786 295 1848 orbern
323 1786 449 1867 dispersi
480 1794 566 1862 sunt,
598 1785 634 1846 de
674 1781 836 1843 Primatum
856 1781 886 1842 in
906 1782 1071 1844 universam
1094 1783 1270 1862 Ecclesiam,

23 1868 162 1948 reliquis
180 1870 259 1945 silet,
276 1878 306 1930 et
330 1869 517 1932 solummodo
535 1868 631 1944 Pauli,
675 1884 763 1946 quem
779 1884 845 1926 cnm
875 1866 945 1942 alii,
972 1867 1043 1928 dum
1062 1867 1126 1947 ipse
1149 1867 1181 1928 in
1200 1868 1272 1930 vivis
1302 1927 1310 1938 ,

26 1953 122 2013 cuius
142 1952 313 2015 individuus
331 1973 430 2017 comes
451 1962 532 2030 erat,
551 1962 634 2032 gesta
675 1957 792 2027 ageret,
820 1949 939 2012 tradere
962 1970 1021 2012 non
1040 1960 1148 2032 posset,
1169 1951 1273 2013 debuit

26 2047 167 2098 enarrat:
185 2038 293 2098 mirum
313 2057 383 2118 ergo
398 2057 458 2100 non
477 2046 534 2112 cst,
554 2036 634 2118 quod
675 2033 843 2095 necessario
860 2043 969 2096 certam
983 2035 1092 2112 eligere
1110 2036 1224 2111 sedem,
1240 2035 1271 2098 in

27 2119 75 2181 nil
96 2121 215 2201 scripsit
233 2122 269 2182 de
296 2122 354 2198 iis‚·
384 2141 460 2204 quae
487 2120 635 2183 llomaea
674 2136 734 2199 qua
757 2118 900 2199 primatus
928 2119 987 2180 sibi
1010 2119 1150 2182 divinitus
1172 2121 1273 2182 collati

27 2202 123 2265 Petro
139 2213 220 2281 gesta
239 2207 422 2268 luerunt-
437 2207 532 2270 Etiam
552 2223 634 2267 eno·
667 2203 858 2283 relinqueret
867 2202 1035 2280 haeredem,
1055 2223 1121 2266 cum
1136 2222 1171 2266 ex
1185 2203 1271 2266 Chri·

29 2288 127 2348 missa
143 2287 224 2350 Petri
244 2289 422 2352 salutatione
445 2290 477 2351 in
501 2288 635 2371 Epistola
675 2287 713 2349 sti
730 2287 916 2349 institutione
943 2296 1103 2370 perpetuus
1133 2307 1200 2350 esse
1217 2289 1271 2351 de-

32 2373 72 2432 ad
92 2369 245 2434 Romanos
260 2374 301 2435 nil
327 2375 429 2435 inlerri
449 2381 545 2456 potest
559 2393 633 2435 con·
675 2372 780 2433 beret·
797 2369 899 2451 Neque
921 2372 1000 2435 iuter
1020 2373 1224 2454 Apostolatum
1243 2380 1273 2436 et

31 2466 81 2516 tra
110 2453 277 2517 llomanurn
306 2457 384 2519 Petri
409 2459 632 2540 Episcopatum.
674 2455 884 2536 Episcopatum
906 2475 1004 2538 pugna
1022 2458 1122 2533 datur,
1139 2475 1208 2519 nam
1233 2478 1272 2521 u-

30 2539 138 2600 Potuit
156 2541 235 2601 enirn
256 2539 364 2604 Paulus
384 2543 477 2618 scire,
500 2541 633 2619 Petrum,
677 2549 815 2620 trumque
831 2540 919 2602 etiarn
932 2539 963 2603 S.
975 2540 1099 2604 lacobus
1115 2543 1146 2604 in
1160 2561 1273 2604 secun»

30 2623 88 2704 qui
107 2641 195 2704 saepe
214 2627 257 2686 vel
283 2626 320 2686 ad
344 2625 574 2708 praedicandum
593 2625 634 2688 E-
675 2624 780 2688 iunxit.
802 2622 850 2686 Sic
867 2625 981 2705 optime
997 2627 1094 2706 potuit
1114 2625 1220 2688 Petrus
1238 2645 1273 2688 u·

30 2708 219 2786 ampelium,
240 2710 285 2770 vel
302 2711 337 2770 ad
356 2710 516 2772 visitandus
534 2710 635 2772 Eccle-
675 2717 814 2787 trurnque
829 2714 939 2770 munus
962 2710 1161 2788 coniungere,
1192 2709 1272 2789 Apu·

32 2790 97 2852 sias
116 2790 225 2855 itinera
245 2792 394 2870 instituit,
417 2794 455 2856 ab
484 2795 558 2856 urbe
583 2794 635 2856 ab·
675 2791 779 2854 stoliet
793 2791 943 2874 Episcopi.
958 2790 1208 2855 constitutaenim
1224 2811 1272 2854 se·

32 2883 152 2936 sentem
175 2895 251 2938 esse.
274 2877 386 2940 Eadem
412 2896 499 2960 porro
520 2879 634 2942 saluta·
676 2875 1132 2956 melEcclesiaRomanapotuit
1146 2877 1271 2956 Episco-

33 2959 81 3020 tio
100 2959 240 3040 Episcopi
259 2960 289 3021 in
306 2963 502 3043 aliisquoque
518 2961 635 3042 Episto-
675 2969 775 3042 patum
803 2979 858 3041 per
881 2961 1021 3021 vicarium
1049 2959 1269 3038 administrare,
1374 2955 1377 2963 “

34 3043 77 3104 lis
91 3041 175 3103 Pauli
188 3044 384 3106 desideratur.
401 3043 449 3108 Sic
461 3047 491 3108 in
502 3045 635 3128 Epistola
674 3063 709 3106 ac
727 3045 822 3106 varias
847 3045 961 3106 interea
990 3045 1180 3105 excursiones
1207 3043 1271 3124 ipse

33 3126 72 3187 ad
91 3125 242 3189 Hebraeos
261 3147 319 3190 non
334 3131 480 3191 salutatur
494 3129 632 3208 lacobus,
674 3130 783 3190 lacere.
803 3127 873 3190 ldeo
886 3127 1103 3188 nonnullieum
1123 3125 1271 3207 Papcbro-

32 3209 258 3291 Hierosolymam
271 3213 447 3295 Episcopus;
462 3213 523 3274 imo
536 3215 633 3278 necin
673 3213 741 3278 cbio
756 3231 790 3274 ex
807 3212 939 3294 antiquis
954 3211 1155 3274 monumentis
1173 3220 1271 3274 osten·

33 3293 171 3374 Epistola
189 3296 225 3355 ad
246 3295 393 3376 Ephesios
412 3298 550 3362 salutatio
561 3300 634 3377 legi·
673 3298 759 3373 dunt,
779 3316 796 3358 a
818 3296 851 3358 ll.
872 3295 961 3357 Petro
980 3295 1107 3357 adscitos
1125 3295 1217 3357 luisse
1233 3296 1271 3358 ad

33 3386 85 3439 tur
103 3397 156 3458 pro
175 3378 348 3457 Timotheo,
368 3381 521 3442 carissimo
548 3382 633 3444 Pauli
672 3381 824 3446 Ecclesiae
854 3379 1006 3442 llomanae
1033 3379 1269 3442 administratio-

33 3461 195 3543 discipulo;
215 3481 303 3525 nemo
322 3473 421 3530 tamen
443 3465 511 3526 ideo
531 3476 631 3544 negat,
672 3485 740 3526 nem
750 3465 900 3526 adiutores
916 3463 1023 3525 binum
1038 3463 1268 3542 etClementem‚

31 3545 120 3606 illum
147 3545 387 3629 Hierosolymo,
415 3549 495 3610 bunc
523 3548 632 3632 Ephesi
672 3568 748 3629 quos
767 3549 954 3611 ordinaverat
972 3547 1153 3629 Episcopus,
1180 3558 1213 3613 ut
1237 3567 1270 3612 sc

32 3629 215 3710 Episcopum
242 3633 345 3695 luisse.
370 3631 560 3698 Probabilius
580 3653 631 3696 sa·
672 3633 797 3696 absente
814 3631 926 3695 Rornae
944 3632 1126 3715 episcopalia
1145 3651 1269 3696 munera

31 3713 140 3774 lutatio
159 3715 297 3797 Episcopi
316 3719 361 3778 rel
386 3736 440 3798 per
464 3718 562 3794 illum,
579 3717 631 3800 qui
669 3718 800 3779 obirent.

30 3796 197 3877 Epistulam
225 3801 392 3880 atterebat,
424 3801 629 3879 nuntiabatur,
714 3800 780 3864 ott.
799 3799 832 3862 3.
847 3798 912 3861 llon
926 3799 1107 3864 conveniunt
1124 3799 1225 3862 Patres
1237 3796 1269 3862 in

31 3883 78 3941 vel
92 3883 223 3944 caterius
241 3885 350 3967 scripta
365 3896 441 3964 erut,
452 3903 492 3948 ne
505 3886 631 3948 interius
671 3893 805 3965 tempore
821 3883 1060 3962 determinando,
1079 3903 1139 3965 quo
1164 3882 1269 3946 Petrus

30 3963 177 4027 insertam
215 3968 280 4049 ipse
315 3969 479 4052 Episcopus
512 3971 633 4052 publice
670 3968 793 4031 Romam
809 3969 901 4044 venit,
917 3977 947 4030 et
965 3987 1018 4048 per
1035 3969 1114 4048 quod
1137 3966 1179 4028 ibi
1202 3965 1269 4046 Epi·

29 4050 204 4130 praelegere
223 4065 390 4130 cogeretur.
503 4093 506 4098 ι
669 4061 822 4134 scopatum
832 4052 1017 4132 pessimatur
1031 4052 1143 4113 iactum
1160 4060 1206 4112 est
1218 4050 1268 4114 iu·-

79 4133 144 4196 Obi.
166 4134 196 4196 E.
213 4135 530 4218 NullusApostolorum
543 4156 631 4218 pecu·
671 4148 797 4200 certum.¹

28 4215 136 4278 liarem
156 4220 247 4294 gessit
264 4219 488 4304 Episcopatum:
512 4240 581 4300 ergo
601 4221 629 4284 i·
712 4223 797 4302 nep.
818 4220 849 4302 a)
861 4219 950 4282 Multa
965 4220 1041 4280 iacta
1059 4215 1178 4293 dantur,
1194 4236 1269 4299 quae

26 4307 117 4382 nepte
135 4301 167 4364 id
183 4305 326 4367 asseritur
346 4307 384 4369 de
403 4306 503 4372 Petro.
522 4303 629 4372 Securo
671 4305 836 4370 certissima
854 4313 941 4381 sunt,
970 4301 1041 4366 licet
1060 4310 1190 4384 tempus,
1210 4323 1270 4386 qno
