2934 4736
493 185 567 232 rans
588 188 632 234 ιιι.
656 189 757 236 suerro
778 191 811 237 ιι.
1171 171 1233 236 349

0 254 250 340 pertissimum
276 255 393 338 signum
416 269 480 342 est,
504 265 628 327 eandem
671 266 870 331 deselationis
893 268 1005 330 iontem
1025 265 1201 344 coniunxit,
1221 285 1275 329 nos

1 344 41 405 ad
69 342 282 404 traditionem
311 344 441 408 divinam
472 366 532 412 nou
560 367 630 432 spe·
672 371 792 434 quoque
815 371 882 416 cum
904 352 1032 415 lectione
1050 347 1081 412 S.
1102 347 1275 431 Scripturas

2 436 102 488 ctare.
122 442 130 450 ·
398 441 400 446 '
672 437 828 500 lectionem
844 434 897 500 88.
908 435 1029 498 Patrum
1045 434 1272 514 coniungarnus.

48 512 149 574 Noto.
172 506 211 572 Si
234 510 457 575 consideramus
483 513 543 578 iam
569 523 630 578 tum
672 517 774 599 Magna
803 522 936 604 prolecto
964 518 1167 581 emolumenta
1189 518 1276 582 affert

8 595 117 656 modos
138 592 223 655 satis
239 613 360 658 securos
372 597 545 661 traditiones
559 599 634 663 divi·
673 605 792 666 assidua
814 603 867 668 88.
892 604 1012 670 Ριιιιιιιιι
1031 601 1140 677 lectio,
1159 619 1194 663 er
1214 621 1283 683 qua*

8 698 62 740 nas
80 679 297 740 conservandi
317 690 345 742 et
362 684 557 764 propagandi,
570 693 631 746 tunt
673 697 783 750 rectam
803 686 835 752 S.
858 688 1021 751 Bibliornhr
1038 684 1272 766 expositionem,

8 764 135 842 regulas
152 761 237 824 satis
255 773 360 840 certas,
374 765 515 828 divinitus
526 769 634 831 tradita
673 772 824 835 doctrinas
837 783 897 836 turn
918 770 1111 852 dogmaticas,
1127 777 1190 831 tum
1207 765 1283 831 mo·³

9 847 368 930 ahhumaniscts'puriis
380 851 636 929 secernendi‚ma·
673 856 764 934 rales,
782 867 844 920 tum
864 857 1008 919 asceticae
1026 872 1060 916 ae
1078 853 1198 915 demum
1220 871 1274 932 ge·

10 933 126 994 nilesto
143 940 280 1014 apparet
297 951 449 1016 perperam
464 934 636 999 Protestan·
674 941 796 1002 nninarn
815 959 917 1004 sacrae
932 937 1121 1021 eloquentiae
1142 937 1274 1000 indolem

11 1025 55 1078 tes
75 1019 263 1094 clamitare,
276 1016 404 1080 admissa
416 1020 586 1098 traditione,
603 1031 636 1084 ut
674 1023 827 1089 addiscere
851 1043 1021 1109 possumus.
1046 1021 1090 1084 Ad
1110 1017 1167 1083 hoc
1190 1039 1274 1084 corn·

11 1102 140 1163 divinae
168 1099 375 1164 Revelationis
400 1103 501 1181 fonte,
520 1105 635 1168 cunctis
675 1109 810 1171 mundari
828 1109 987 1192 praecipue
1002 1114 1154 1169 merentur
1174 1104 1274 1166 homi-

11 1188 179 1250 erroribus
191 1189 313 1248 ianuam
328 1188 447 1270 aperiri.
461 1185 543 1252 Sicut
553 1190 633 1253 enim
675 1193 744 1267 liae,
762 1212 836 1273 quas
849 1191 880 1256 S.
895 1193 1119 1274 chrysostomus
1133 1191 1164 1251 in
1177 1189 1274 1253 varios

13 1273 48 1333 ad
65 1271 310 1352 distinguendas
327 1272 488 1354 scripturas
508 1275 633 1335 canoni·
674 1274 705 1339 S.
726 1275 897 1359 Scripturas
914 1277 1006 1344 libros
1023 1274 1164 1338 exaravit.

15 1375 62 1418 cas
81 1357 125 1419 ab
143 1355 342 1438 apocryphis,
361 1356 404 1417 sic
423 1358 512 1419 etiam
531 1357 567 1419 ed
586 1358 634 1420 di·
702 1373 705 1380 ·

16 1441 228 1538 stinguendas
237 1440 411 1538 traditiones
420 1442 633 1538 rerasalalsis‚
853 1491 1024 1556 sufflo
1053 1492 1090 1556 n

17 1543 175 1603 genuinas
204 1543 220 1584 a
239 1544 368 1606 spnrns,
384 1525 499 1588 drvrnas
520 1527 558 1589 ab
576 1527 635 1588 bu·
1016 1587 1028 1620 ἲ
1092 1538 1102 1557 ·

18 1609 120 1672 minis
142 1607 250 1671 media
269 1619 298 1670 0¹
314 1610 434 1706 &stlat
450 1610 570 1673 damur·
583 1611 637 1675 Asi
674 1646 713 1692 nc
734 1644 881 1692 rumorem
899 1607 1064 1690 ncnoronrs
1082 1638 1300 1689 cnnrsrnnas·

19 1714 77 1756 ⁰⁰¹¹
95 1711 268 1792 negamus,
288 1703 396 1757 f³l¹⁰¹l¹
417 1694 635 1793 humanam·
716 1729 920 1788 nsounarrvo,
942 1728 997 1774 suu
1017 1728 1056 1774 nn
1077 1726 1218 1772 nocensne
1238 1724 1276 1769 nr

19 1787 253 1860 optatissimum
274 1795 359 1852 esse,
382 1786 416 1840 ut
433 1788 634 1856 magisterium
715 1815 754 1864 „E
771 1814 866 1859 nmo
884 1812 1019 1859 mmm
1036 1812 1091 1857 usu
1104 1812 1135 1857 ,N
1149 1808 1276 1856 mom

21 1857 343 1943 publicum,Spiritus
354 1858 385 1924 S.
403 1863 573 1926 assistentia
587 1865 635 1926 di·
717 1897 884 1944 ffiffiwppg
911 1896 1086 1944 mmm
1113 1896 1151 1942 gp
1179 1892 1276 1939 pugo.

20 1957 167 2024 rectum,
191 1947 308 2024 existat,
323 1945 413 2026 qnod,
437 1947 514 2010 sicut
531 1948 568 2010 de
585 1967 636 2010 sa·
717 1983 837 2029 mum,

21 2050 149 2093 crorum
170 2030 315 2093 librorum
331 2031 529 2093 canonicitate
540 2051 574 2093 ac
587 2051 636 2095 re·

22 2123 68 2176 cto
85 2134 203 2186 sensu,
215 2112 257 2175 sic
271 2113 359 2176 etiarn
376 2115 412 2181 tle
428 2115 637 2188 traditionibus
910 2083 941 2154 8·
965 2087 1042 2135 ¹⁰⁴·

24 2199 141 2262 divinis
165 2199 311 2260 iudicium
334 2198 489 2264 iulallihile
506 2201 592 2264 lerat.
718 2201 845 2266 Probata
862 2201 1058 2265 iuridicinae
1074 2198 1276 2263 Revelationis

648 2295 650 2299 '
677 2287 846 2363 existentia,
863 2287 1003 2369 illiusque
1025 2285 1164 2366 genuinis
1182 2285 1275 2347 lonti-

677 2372 734 2433 bus
751 2372 921 2450 assignatis,
934 2390 1052 2434 surnrno
1067 2370 1165 2434 studio
1176 2369 1277 2450 inqui·

677 2455 789 2518 rendus
808 2465 852 2518 cst
871 2457 989 2531 modus,
1009 2474 1097 2538 quern
1119 2454 1277 2517 observare

69 2533 121 2598 Ex
138 2537 639 2621 propositaiamdoctrioascquen·
677 2547 795 2620 oportet
812 2540 850 2602 ad
875 2539 1015 2602 coelestia
1038 2539 1176 2618 dogmata
1199 2546 1275 2615 tuto,

30 2619 72 2683 tia
91 2630 201 2681 nostra
223 2623 319 2688 officia
338 2631 476 2686 manant:
502 2625 532 2705 a)
550 2623 639 2688 Grato
678 2633 708 2684 et
726 2632 805 2686 recte
821 2643 857 2685 er
875 2624 1034 2704 praedictis
1051 2623 1182 2685 lontibus
1200 2621 1277 2710 hpu-

32 2706 639 2787 animoagnoscamusbenignitaternllei,
679 2707 801 2784 cienda,
832 2726 904 2784 seu,
930 2741 945 2754 -
971 2709 1089 2786 cognito
1117 2705 1278 2784 Religionis

34 2787 253 2869 providamque
264 2791 344 2853 illius
359 2811 473 2869 curam,
488 2792 568 2873 quod
580 2813 639 2856 nun
679 2792 860 2854 christianae
872 2792 1022 2872 principio
1033 2791 1230 2865 constitutivo,
1246 2789 1278 2848 in

36 2891 110 2944 una,
130 2872 186 2934 sed
204 2874 316 2952 duplici
329 2875 388 2952 via,
401 2875 540 2938 nimirum
556 2896 640 2939 sacra
680 2895 740 2956 quo
768 2876 920 2938 doctrinae
947 2895 964 2936 a
987 2875 1102 2938 Christo
1131 2873 1278 2935 revelatae

33 2952 194 3037 Scriptura
204 2966 232 3018 ct
240 2957 409 3021 Traditionc
420 2959 456 3022 ad
468 2961 640 3022 coelestium
681 2959 891 3038 continentur,
916 2958 1115 3037 indagandum
1134 2965 1179 3018 est
1195 2955 1279 3018 eius·

37 3040 358 3118 dogrnatumnotitiarn
375 3044 643 3107 adducerenusvo·
682 3043 748 3106 dern
772 3043 959 3125 principium
980 3041 1198 3125 copulativam,
1228 3056 1280 3120 per

36 3123 143 3200 luerit,
164 3133 198 3185 ut
211 3124 248 3187 de
264 3126 371 3189 divinis
389 3129 562 3190 veritatibus
574 3148 641 3192 cer·
682 3128 762 3210 quod
787 3128 941 3190 doctrinae
962 3147 979 3189 o
995 3126 1109 3190 Christo
1134 3125 1280 3187 revelatae

1 3251 3 3259 ι
38 3209 133 3270 tiores
146 3210 245 3272 ellecti
259 3228 316 3272 non
332 3212 512 3278 haesitemus
527 3213 555 3274 in
572 3214 642 3291 tide,
682 3221 761 3274 recte
781 3213 984 3293 percipiuntur
1002 3219 1031 3273 et
1048 3216 1278 3294 pertractantur.

38 3311 140 3372 neque
159 3295 190 3354 in
205 3296 383 3373 evangelicis
398 3294 644 3378 promissionibus
683 3295 922 3374 Investigandum
950 3313 1018 3372 ergo
1042 3293 1140 3370 venit,
1168 3311 1229 3374 an,
1252 3300 1283 3354 et

38 3376 642 3462 diffidamus.—b)Summo‚quoparest,
684 3381 801 3460 qualem
829 3380 950 3442 modurn
978 3378 1096 3440 divinus
1119 3375 1283 3456 Religionis

39 3461 140 3523 studio
154 3463 278 3544 parique
291 3465 409 3544 pietatis
423 3465 646 3546 allectuample·
684 3465 863 3526 christianae
890 3463 1001 3526 Auctor
1036 3462 1282 3544 praescripserit,

43 3554 174 3622 ctarnur,
193 3549 532 3630 quaecunquchpostoli
550 3549 643 3611 tradi·
685 3567 744 3630 quo
764 3566 868 3624 omnes
893 3548 931 3610 ad
949 3547 1109 3626 genuinam
1129 3546 1282 3609 doctrina·

43 3629 153 3691 derunt
168 3630 230 3692 sive
253 3631 317 3694 viva
340 3651 422 3709 voce,
435 3634 496 3694 sive
516 3634 642 3694 calamo:
684 3651 749 3694 rurn
769 3633 894 3694 coelitus
916 3632 1128 3713 patelactarum
1147 3631 1282 3693 notitiam

43 3711 90 3775 bis
101 3715 229 3776 enimes
241 3715 371 3778 lontibus
384 3717 480 3778 omnis
490 3718 646 3780 sanctioris
686 3717 855 3798 pertingere
887 3716 1001 3798 possint
1028 3735 1062 3778 ac
1081 3715 1220 3777 debeant.
1249 3711 1281 3772 ln

45 3795 199 3860 doctrinae
214 3800 342 3877 cognitio
360 3800 525 3862 accuratior
541 3803 577 3863 ud
593 3820 646 3862 nos
687 3803 741 3862 hac
759 3818 829 3862 vcro
848 3800 1042 3882 inquisitione
1060 3798 1184 3881 patebit,
1203 3793 1284 3858 Chri·

10 3897 14 3906 ’
44 3879 221 3944 dimanavit.
236 3884 266 3964 c)
285 3881 405 3946 Veteres
422 3883 574 3947 christiani
591 3905 646 3967 po·
686 3894 763 3947 stum
783 3884 945 3950 Ecclesiam
957 3884 1134 3959 instituisse,
1147 3891 1177 3944 et
1188 3880 1217 3940 in
1233 3877 1284 3939 illa

45 3966 106 4046 puli
122 3968 292 4045 magistros,
311 3969 477 4031 traditionis
496 3977 596 4046 testes,
609 3969 646 4030 de
689 3968 888 4046 magisterium
913 3967 1202 4032 sacrumordinasse
1221 3961 1283 4023 tali·

46 4053 124 4111 omni
155 4069 188 4112 re
215 4052 396 4130 christiana,
419 4053 586 4136 nostrisque
610 4054 647 4114 de
689 4054 743 4115 bus
761 4053 931 4134 conspicuis
955 4052 1075 4114 dotibus
1096 4054 1283 4122 exornatum,
1290 4093 1301 4137 p

46 4136 213 4200 commodis
232 4137 381 4216 praeclare
396 4137 527 4212 meritos,
545 4145 577 4198 ut
596 4154 649 4217 par
675 4145 732 4212 ut,
756 4136 833 4199 sicut
848 4156 951 4199 ornnes
969 4156 1000 4198 se
1019 4131 1225 4196 illi'subiicere
1243 4138 1284 4193 te·
1355 4199 1362 4206 s

47 4229 100 4292 est,
121 4237 330 4296 revereantur,
348 4229 376 4282 et
395 4221 465 4302 quia
484 4221 562 4283 Ileus
579 4238 646 4284 curn
689 4225 810 4296 nenturg
828 4222 871 4283 sic
890 4221 946 4302 ipsi
965 4219 1051 4279 etiarn
1075 4225 1135 4276 tuto
1161 4213 1285 4295 acquie-

45 4297 75 4362 S.
91 4300 246 4384 Scriptura
265 4303 465 4368 l'ruditiunenr
478 4314 511 4367 ut
523 4307 647 4368 alterurn
689 4323 773 4367 scere
783 4306 908 4385 possint.
917 4303 1089 4364 Nullatenus
1097 4299 1286 4368 autemChri·

280 2340 311 2410 ς.
327 2346 403 2427 108.

242 2442 299 2489 brus
310 2441 439 2490 doctrtnae.
