2918 4734
204 168 267 232 m
602 183 967 232 monumen

161 261 761 346 Christioreprodnrernntatqueilla,
801 260 941 326 uanibm
961 258 1079 338 babuit,
1096 258 1415 344 desnipeisae,etin

160 347 274 430 quibus
287 347 369 410 orbis
384 349 526 410 romono
538 357 598 424 est,
608 346 719 412 Cbn'sti
732 356 764 410 et
800 345 1012 426 compendium
1036 345 1198 424 redegim,
1219 347 1299 410 uude
1321 367 1416 412 eun-

158 431 372 512 Apostolorum
391 432 538 494 miracula
550 431 663 513 reperit
679 431 762 493 chri·
800 429 868 491 dem
875 429 1014 492 Hattbaei
1025 429 1222 494 breviatorem
1233 433 1414 513 appellant:

159 516 288 590 ιιιιιιιιι,
307 516 395 578 cnius
411 515 538 598 proinde
555 514 687 578 officium
702 524 759 592 est
778 545 785 598 Ι
800 514 852 574 alii
869 532 938 576 roro
954 513 986 576 id
1006 531 1068 575 non
1085 513 1257 592 admittunt,
1276 516 1354 597 quia
1375 515 1413 580 S.

140 597 254 660 'libros
270 600 344 662 istor
360 609 500 662 accunto
515 617 714 677 cognoscere,
731 609 763 660 et
799 595 915 660 {arcus
931 598 1067 660 ordinem
1085 597 1328 676 chronologicum
1351 620 1415 663 ac-

159 682 281 744 maximi
298 683 469 746 aestimare.
492 682 635 746 Nonnulli
650 682 760 744 distin·
799 683 933 744 ouratius
948 690 1057 758 serrat,
1075 689 1108 744 et
1119 683 1276 763 quedam,
1291 703 1380 765 quae
1393 706 1414 748 a

140 807 144 814 ,
158 766 287 828 ctionem
302 767 448 830 hhrorum
466 765 500 828 t.
514 766 550 828 Τ.
567 768 657 828 etiam
674 766 761 830 libris
798 763 830 828 S.
846 765 934 828 Petro
952 767 1113 846 prolixiore
1129 783 1267 828 somnne
1282 769 1414 848 prolata

139 847 194 927 ‚lh
213 849 249 912 T.
268 853 431 932 applicant.
450 851 555 914 libror
575 851 681 931 kpolcr
704 869 760 932 ap-
799 850 946 926 audierat,
965 849 1061 912 lusius
1082 859 1195 924 uenat,
1214 868 1304 930 quarn
1322 851 1414 914 Hat-

158 933 270 1014 pellaut
284 944 413 1014 quatuor
426 934 600 1013 Evangelia,
614 954 669 1016 pro
683 934 760 998 libro
799 933 916 996 thaeus.
935 931 967 996 S.
984 931 1074 994 larci
1089 934 1281 1012 Euangeliou]
1300 937 1413 998 credi-

139 1017 525 1082 .biatoriroallerunthcta
535 1018 758 1098 Apostolorum,
798 1027 847 1080 tur
871 1017 984 1080 Romae
1008 1018 1153 1098 scriptum
1177 1017 1256 1078 circa
1282 1037 1410 1082 wnum

138 1133 142 1140 ·
157 1102 247 1164 tidros
255 1101 553 1181 soprerttiolcodicout
562 1121 629 1166 esse
638 1103 759 1184 Episto-
797 1102 840 1164 ιι
850 1111 903 1164 aut
912 1102 1081 1180 dbgraeco,
1094 1111 1128 1164 ut
1140 1100 1328 1182 probabilius
1342 1113 1411 1180 est,

157 1183 243 1248 lasS.
255 1185 342 1248 Pauli
353 1185 591 1266 quatuordecim,
601 1197 633 1248 et
643 1197 758 1269 septem
797 1187 951 1248 idiomate.
960 1185 1328 1266 Videtoreopotissimum
1340 1189 1411 1250 col·

138 1270 330 1347 'canonicas;
349 1287 443 1332 unum
461 1270 591 1351 deniquo
607 1272 759 1335 adducunt
797 1273 937 1346 lineasse,
953 1280 986 1333 ut
998 1269 1096 1332 lesum
1113 1287 1212 1347 mem
1230 1287 1410 1344 summum,

157 1353 267 1416 librom
279 1353 496 1432 propheticam,
514 1373 623 1436 nempe
638 1357 758 1438 hpoca-
796 1373 958 1435 rerumque
974 1352 1108 1416 omnium
1122 1352 1284 1416 Dominum
1297 1365 1410 1418 osten·

156 1437 253 1518 lypsin
278 1435 309 1498 S.
328 1436 460 1499 loannis.
485 1436 637 1519 Quidquid
659 1441 699 1502 sit
720 1441 759 1503 de
796 1441 892 1504 deret.

156 1519 214 1582 ista
231 1520 390 1598 divisione,
408 1522 519 1584 sommi
538 1524 672 1604 prolecto
689 1543 757 1586 mo-
838 1525 869 1586 3.
889 1523 985 1584 Leone
1002 1519 1124 1582 natione
1141 1516 1243 1600 Syros,
1256 1517 1289 1583 S.
1309 1519 1410 1584 Pauli

156 1605 250 1666 menti
268 1614 325 1681 est,
344 1614 378 1666 ut
393 1605 519 1668 istorum
538 1607 683 1670 librorum
702 1627 759 1669 au·
796 1607 916 1670 adiutor
932 1615 963 1668 et
979 1623 1080 1667 comos
1096 1603 1278 1681 individuus,
1292 1623 1329 1666 er
1350 1606 1407 1684 iis,

156 1689 277 1751 ctoritar
293 1688 471 1765 vindicetur,
495 1709 548 1753 seu
571 1700 606 1752 ut
627 1692 757 1754 demon·
796 1710 873 1773 qnae
890 1690 928 1752 ab
945 1688 1094 1770 apostolis
1109 1697 1275 1769 acceperat,
1295 1689 1407 1752 Eran-

156 1781 280 1850 rtretur,
299 1773 393 1836 hhros
409 1773 445 1836 h.
463 1773 498 1836 Τ.
516 1793 583 1837 esse
598 1776 755 1855 mulsos,
794 1777 904 1853 getium
929 1791 1018 1836 suom
1038 1774 1218 1853 composuit.
1236 1771 1326 1834 Plura
1348 1793 1407 1836 re·

155 1858 288 1938 intepror
304 1866 335 1918 ot
348 1858 432 1920 ortui
446 1859 504 1938 fide
519 1860 636 1940 dirum.
652 1859 758 1923 Prius-
795 1862 872 1936 lert,
894 1875 972 1938 quae
987 1856 1150 1918 desiderari
1165 1856 1349 1918 ridebantur
1372 1859 1408 1920 in

157 1959 247 2022 quam
261 1949 361 2002 aetem
378 1942 416 2003 ad
435 1941 512 2004 banc
528 1943 757 2006 demonstratio-
795 1945 854 2006 iam
873 1942 1017 2020 evulgatis
1032 1939 1173 2002 ldatthaei
1193 1949 1224 2001 et
1242 1938 1336 2002 ldarci
1358 1941 1408 2004 E·

155 2043 235 2088 nem·
254 2025 453 2102 accedamus,
477 2025 605 2090 breviter
624 2026 757 2105 singulos
794 2027 950 2105 vangeliis.
969 2023 1094 2106 Scripsit
1108 2041 1215 2102 praece
1238 2024 1308 2086 otilo
1323 2043 1408 2104 per·-

154 2108 251 2172 lihros
276 2127 433 2171 recensere
458 2109 540 2172 iurat
566 2110 647 2172 iurta
673 2113 756 2174 ordi-
794 2130 883 2194 quam
902 2108 996 2192 polito
1012 2110 1091 2170 circa
1108 2127 1221 2169 annum
1237 2108 1292 2170 53.
1307 2107 1409 2171 Teste

156 2210 239 2269 nent,
252 2211 313 2273 qoo
330 2192 361 2254 in
376 2192 502 2272 Vulgata
518 2195 719 2258 continentur.
796 2198 924 2277 θήρεια
944 2211 999 2275 pro
1015 2192 1182 2257 Gentilibus
1206 2192 1406 2272 potissimum

199 2277 230 2338 l.
251 2277 434 2353 dlcudoctra,
458 2277 516 2340 aha
541 2279 663 2342 nomino
685 2281 758 2344 Levi
794 2279 985 2357 Evangeliuro
1004 2274 1144 2351 exaravit,
1162 2275 1277 2356 hocque
1298 2277 1408 2338 niaxi-

156 2360 336 2441 appellatus,
349 2362 668 2444 primusErorrpcliom
679 2365 756 2426 scri·
795 2383 843 2428 ine
861 2363 1026 2425 intendisse
1047 2360 1173 2435 ridetur,
1192 2367 1225 2421 ut
1243 2359 1405 2422 Christum

155 2445 220 2589 ἕειι
230 2445 309 2539 circa
328 2463 439 2541 anuum
458 2465 545 2508 aerae
560 2448 688 2525 uulgaris
700 2449 754 2511 tu.
793 2467 861 2512 rere
871 2447 982 2522 lesuin,
994 2446 1023 2506 iol
1035 2454 1080 2506 est
1093 2441 1273 2506 Salvatorem
1288 2446 1406 2508 mundi

149 2537 553 2700 rothllrathtt
567 2541 756 2680 hlhth
794 2531 1407 2706 rihhilt..nnn....1..

155 2696 233 2778 plexi
253 2697 384 2773 lucrant,
403 2696 531 2780 ideoque
549 2698 681 2778 linguam
699 2701 756 2762 ad·
794 2701 833 2764 ab
846 2699 934 2762 Αειιο
947 2697 1102 2779 Episcopis
1119 2705 1239 2774 rogatus
1256 2713 1405 2758 omniurn

150 2779 253 2862 ἰιιιιιιιιι
271 2779 454 2859 hebraicam,
473 2784 518 2846 rel
536 2783 756 2864 syro-chaldai-
794 2783 974 2848 norissimus
989 2781 1181 2859 Euangelium
1199 2779 1332 2859 scripsit,
1350 2782 1404 2842 vel

149 2863 756 3029 tzhttlll‘'tltthhhhhllll
794 2861 1405 3032 ³llllhithrrhthllltt‘

150 3009 216 3113 ‘qua
234 3033 377 3114 scriptum
396 3043 453 3111 est,
469 3034 570 3113 lingua
588 3053 648 3098 uon
663 2999 754 3114 erut}
795 2973 866 3098 ¹rium
879 2971 933 3098 (ιρι.
947 3031 1119 3098 Communis
1132 3041 1178 3094 est
1191 3030 1311 3092 Patrem
1324 3047 1406 3094 sen·

154 3114 283 3180 liabetur
294 3126 392 3180 autern
405 3118 500 3180 versio
514 3136 619 3197 graeca
629 3118 756 3200 Aposto-
794 3121 900 3195 tentia,
910 3136 978 3180 eoin
994 3119 1051 3180 hoc
1064 3134 1140 3197 opos
1151 3114 1318 3195 suscepisse
1329 3122 1403 3176 turn

150 3193 252 3274 lorum
279 3208 412 3282 ternpore
437 3211 566 3265 exorata.
590 3201 755 3268 Matthaeus
795 3214 827 3266 ut
841 3203 985 3285 quaedam
1002 3222 1019 3262 a
1034 3199 1184 3282 prioribus
1197 3197 1405 3275 Evangelistis
1455 3247 1456 3260 2

154 3282 186 3343 id
213 3283 371 3364 praecipue
395 3285 558 3350 intendisse
576 3287 704 3364 videtur,
722 3297 755 3352 ut
794 3288 904 3349 omissa
922 3287 1084 3367 suppleret,
1098 3292 1160 3344 turn
1176 3291 1208 3344 ut
1221 3291 1325 3344 contra
1338 3281 1402 3344 Va·

90 3427 93 3434 ,
156 3365 274 3429 Iudaeis
297 3366 452 3446 probaret,
471 3370 567 3432 lesum
593 3390 658 3434 esse
676 3370 752 3434 bles-
793 3371 959 3448 lentinum,
982 3368 1153 3442 Ebionitas,
1173 3375 1203 3428 ct
1219 3364 1400 3428 Corinthum

155 3448 230 3512 nam
249 3469 266 3511 a
284 3448 344 3512 Deo
363 3454 552 3533 promissum,
572 3465 602 3516 et
623 3457 753 3538 prophe·
794 3455 954 3536 probaret,
972 3453 1070 3516 lesum
1099 3469 1165 3512 rere
1193 3467 1258 3512 esso
1282 3447 1400 3510 Filium

155 3531 416 3598 tiasV.'l.ineo
437 3539 668 3620 csseimpletas.
793 3537 948 3602 Dei.1deo
971 3534 1400 3618 aquiloeinstarsomoxah
1454 3541 1455 3560 ³

199 3615 230 3679 ι.
249 3619 372 3684 Morcus
393 3619 423 3682 S.
448 3619 528 3683 Petri
546 3623 709 3704 discipulus
726 3632 755 3686 et
793 3623 878 3685 initio
897 3622 1040 3686 extollens
1057 3619 1152 3701 primo
1170 3626 1343 3693 aeternam,
1362 3635 1402 3678 ac

152 3698 315 3784 interpres,
328 3712 362 3767 ut
379 3704 420 3766 ait
437 3704 469 3768 S.
483 3705 693 3787 Hieronymus,
705 3708 754 3769 iu·
793 3708 861 3770 dein
881 3707 1040 3769 humanato
1060 3702 1150 3768 Verbi
1169 3702 1400 3782 generationem

156 3796 203 3850 xta
222 3787 301 3868 quod
317 3786 438 3848 Petrum
456 3787 631 3852 referentem
648 3793 755 3856 audic-
793 3791 944 3854 describit.

155 3878 214 3947 rat,
227 3880 347 3948 rogatus
358 3869 649 3936 Rornaeahatribus
666 3876 754 3939 breve
835 3877 866 3938 5.
886 3873 1007 3938 Praeter
1030 3869 1221 3949 Evangeliom
1244 3869 1276 3934 S.
1298 3867 1403 3933 Ltrctw
1453 3839 1454 3877 ἒ

155 3954 274 4036 scripsit
292 3954 495 4033 Evangelium,
513 3959 677 4037 quodcum
696 3959 754 4022 Pe·
793 3958 881 4021 etiarn
900 3954 1351 4038 scripsitAuoolposrotornn,
1365 3954 1400 4015 in

156 4045 220 4100 trus
238 4037 410 4115 audivisset,
430 4051 459 4101 et
476 4041 629 4121 probavit,
648 4051 678 4104 ct
695 4044 754 4105 Ec·
793 4038 1227 4124 quibusvidemusodrnirando
1240 4037 1401 4100 Ecclesiae

124 4165 133 4190 .
156 4121 265 4184 clasiae
279 4121 435 4200 legendum
452 4143 505 4186 sua
517 4125 692 4190 auctoritate
704 4127 755 4188 do·
792 4127 899 4192 Christi
914 4125 1045 4201 exordio,
1061 4124 1186 4204 eiusque
1201 4122 1405 4203 propagatim.

157 4203 211 4266 dit.
224 4203 363 4268 Nonnulli
375 4207 530 4289 putant,S.
542 4207 669 4270 Marcum
683 4229 756 4272 non·
793 4229 859 4274 nein
878 4209 1108 4291 perhpostolos,
1121 4217 1151 4269 et
1165 4206 1323 4286 praecipue
1341 4222 1405 4286 per,

149 4275 215 4376 {uisi
227 4287 417 4388 hraugcliorn
429 4289 580 4371 Matthaei,
593 4293 671 4381 quod
683 4313 754 4376 prae
769 4295 1001 4378 ¹‚ilrpostolorum
1034 4292 1183 4375 principes
1208 4290 1401 4378 'Petrumqet
