2918 4734
199 174 261 238 llo
588 182 773 234 rumpemus
793 183 956 232 emerant

156 263 279 334 etiama
308 271 421 336 Victore
446 265 483 333 de
503 269 695 352 corruptione
719 268 758 330 li-
796 267 992 364 Anostosinm
1015 265 1088 350 imp.
1120 259 1342 349 corruptionem
1371 269 1405 334 iu

154 354 273 417 brorum
283 374 433 418 sacrorum
445 355 628 416 intellectum
639 353 704 415 init.
716 353 759 415 Ex
797 349 1017 428 ssnvangetits,
1031 370 1108 432 quae
1117 352 1325 416 universaliter
1334 373 1406 434 pro·

158 439 270 502 Victore
283 448 386 502 atatem
406 439 437 504 S.
460 440 593 504 Isidorus
612 437 758 500 narratio·
798 443 902 516 pagata
920 435 1022 510 luerit,
1037 435 1264 500 inductamesse
1276 439 1403 501 eviden-

155 542 222 584 nem
242 524 414 604 exscripsit,
443 523 527 584 cuius
551 521 705 584 veritatem
725 520 758 582 in
796 519 910 581 tissime
928 526 1055 580 constat.

156 605 296 690 Hispania
314 606 455 688 indagare
473 625 532 667 non
553 604 659 687 potuit.
673 603 757 667 Cete-
811 611 813 618 '
839 603 904 668 ott.
925 603 955 665 3.
973 601 1138 664 llotliedum
1157 601 1189 664 ln
1206 603 1291 666 libris
1307 603 1344 667 N.
1362 603 1399 672 T.

155 709 219 752 rum
239 691 314 752 alius
332 693 460 771 scriptor
474 689 591 751 *Victori
609 707 754 766 coaevus,
794 687 940 766 quaedam
960 687 1162 770 reperiuntur,
1178 689 1300 768 quaein
1317 692 1400 752 mul-

154 789 260 856 nempe
274 773 592 850 Liberottts,diaconus
606 769 756 850 Cartbagi-
795 771 832 832 tis
850 770 1003 834 codicibus
1022 770 1093 832 olim
1107 797 1109 802 ·
1121 790 1181 832 non
1209 772 1400 851 legebantur,

154 859 430 938 nensis(l)oarrat,
446 857 585 936 subimp.
598 856 755 919 Anastasio
794 863 826 916 ut
844 873 890 917 ex.
911 873 955 932 gr.
977 854 1101 917 luistoria
1120 855 1253 916 mulieris
1277 857 1397 919 adulte-

152 943 356 1005 Mocedoot'ttm
382 939 584 1004 Patriarcham
605 939 753 1004 CPtanom
793 957 843 1000 rae
862 937 944 1001 loan.
959 936 1036 1016 Vlll,
1050 947 1140 1020 atque
1158 939 1284 1018 insignis
1300 943 1395 1002 versi-

153 1045 240 1087 unnm
258 1034 370 1088 tantum
384 1026 512 1087 litteram
527 1021 750 1086 intentull'im.
792 1022 903 1084 culusl
921 1021 964 1084 lo.
984 1021 1021 1085 V:
1045 1024 1114 1086 Tres
1136 1031 1223 1098 societ,
1243 1023 1295 1103 pai
1311 1027 1400 1088 testi·

152 1109 203 1187 ΙΙΙ,
221 1110 259 1172 lli
276 1118 424 1185 mutasse,
441 1118 470 1171 et
488 1107 554 1169 ideo
567 1108 605 1170 ob
622 1107 754 1170 haeresis
792 1107 925 1169 monitam
943 1107 1016 1170 dont
1029 1107 1062 1168 in
1079 1107 1154 1172 coelo
1170 1116 1241 1170 etc:
1262 1126 1334 1188 ergo
1345 1129 1399 1171 sa·

152 1191 351 1274 suspicionem
372 1211 438 1254 mox
457 1193 627 1274 depositum
648 1192 750 1254 luisse.
792 1191 834 1252 ori
849 1191 966 1252 codices
985 1191 1104 1252 luerunt
1122 1192 1265 1271 corrupti.

153 1275 308 1349 Quomodo
336 1277 499 1356 imperator
527 1276 591 1337 sine
614 1275 752 1352 turbine,
832 1276 919 1354 Resp.
935 1273 1013 1336 Nihil
1029 1274 1135 1354 probat
1151 1275 1397 1356 baeoargumen·

152 1361 216 1424 sine
235 1360 468 1423 contradictione
486 1357 597 1422 etsina
616 1359 753 1423 lamentis
792 1359 873 1420 tandi
893 1359 979 1420 ratio.
998 1359 1086 1420 liaeo
1103 1358 1195 1435 enim,
1212 1361 1291 1440 quod
1303 1380 1398 1442 quae·

152 1444 182 1508 S.
204 1445 362 1524 Evangelia
381 1462 572 1524 corrumpere
593 1443 753 1524 potuisset?
791 1442 857 1504 dam
872 1442 931 1504 sint
948 1441 1006 1506 Titi
1021 1441 1106 1517 Livii,
1121 1441 1255 1506 Caesaris
1267 1452 1297 1506 el
1312 1443 1399 1508 Cice·

153 1529 330 1592 Anostost'ns
356 1528 530 1590 auctoritate
560 1546 612 1588 sua
636 1527 752 1590 efficere
791 1527 873 1588 ronis
891 1526 1162 1608 locaquaeciubiae
1178 1527 1238 1588 sint
1259 1531 1398 1591 auctori·

152 1631 212 1675 non
231 1613 338 1692 potuit,
359 1623 391 1673 ut
406 1611 568 1674 Concilium
589 1608 752 1675 Clralcedo'·
792 1612 871 1682 tatis,
887 1629 947 1676 non
963 1609 1115 1692 sequitur,
1132 1617 1241 1688 cetera,
1258 1630 1336 1693 qnae
1356 1634 1397 1675 u·

152 1715 244 1757 nense
261 1697 447 1770 reiiceretur,
469 1695 538 1777 qaia
556 1695 656 1774 impiis
674 1695 752 1757 eius·
791 1695 908 1756 nanimi'
929 1694 1141 1776 exemplarium
1165 1695 1224 1757 side
1250 1714 1397 1778 compro·

152 1779 219 1841 dem
233 1781 388 1842 conatibus
401 1780 516 1842 sortiter
530 1779 703 1841 restiterunt
717 1779 753 1842 E·
791 1778 910 1856 bantur,
929 1779 1060 1860 genuina
1078 1797 1138 1839 non
1152 1793 1238 1854 esse,
1257 1788 1309 1842 aut
1332 1801 1411 1843 non*

152 1864 265 1945 piscopi
284 1864 450 1939 orthodoxi,
468 1863 519 1944 qui
536 1862 618 1925 illius
635 1881 752 1925 errores
790 1862 905 1940 integra
932 1863 967 1923 ad
994 1881 1048 1924 nos
1076 1862 1256 1942 pervenisse.
1279 1863 1396 1926 Eodem

152 1957 180 2010 et
195 1967 283 2029 prava
296 1948 453 2010 oonanrina
466 1947 583 2028 publice
595 1947 751 2025 redargue·
791 1944 960 2009 mododeS.
971 1943 1123 2027 Scriptura
1134 1946 1325 2010 iudicandum
1334 1961 1393 2013 est.

150 2050 183 2094 re
202 2032 284 2094 veriti
305 2051 363 2092 non
378 2040 457 2092 sunt.
479 2027 665 2108 Opis'oredet
680 2049 750 2092 eos·
789 2029 857 2110 lpsa
874 2032 939 2092 loca
959 2049 1034 2110 quae
1051 2030 1395 2111 interpolatanidentur,

151 2117 217 2176 dem
233 2115 395 2196 Episcopus
408 2115 633 2192 Evangeliorum
650 2133 750 2176 eorru-
789 2114 934 2194 quianon
959 2113 989 2175 in
1014 2113 1154 2176 omnibus
1173 2114 1327 2177 codicibus
1346 2118 1395 2179 le*

151 2199 281 2280 ptionem
309 2217 376 2261 curn
407 2197 525 2260 silentio
553 2199 692 2260 tolerasse
720 2209 750 2261 et
788 2207 908 2276 guntur,
920 2197 1179 2274 clare'ostendunt,
1191 2199 1394 2263 universalem

150 2283 483 2364 scriptoresbistoricos,
500 2281 549 2364 qui
565 2292 678 2343 ceteros
692 2283 749 2343 hu·
789 2282 1111 2364 corottptionem,'quae
1124 2282 1395 2362 percodicumool·

152 2366 197 2429 ius
211 2367 396 2448 imperatoris
416 2382 523 2428 naeuos
539 2365 631 2428 libere
649 2383 749 2446 repre·
788 2366 928 2433 lationem
947 2365 1062 2452 detecta
1081 2385 1140 2427 non
1165 2365 1288 2443 inisset,
1308 2367 1398 2431 nond

151 2451 296 2526 bendum,
310 2451 346 2512 de
365 2460 445 2512 tanto
461 2449 567 2512 delicto
581 2449 749 2530 penitusta·
788 2469 876 2530 quiam
897 2449 961 2511 sieri
982 2449 1125 2531 potuisse3
1147 2449 1225 2526 unde
1243 2449 1292 2528 iis,
1313 2471 1397 2533 quae

150 2536 322 2597 cuisse‘t—
336 2533 491 2598 Praeterea
510 2534 534 2595 si
557 2535 615 2595 tale
636 2533 748 2595 crimen
788 2535 817 2595 in
839 2533 977 2596 ommibus
992 2533 1145 2595 codicibus
1157 2535 1308 2614 leguntur,
1322 2538 1395 2617 ple-

148 2619 322 2682 Anastasius
339 2626 491 2694 tentasset,
506 2617 622 2698 aliquos
634 2626 748 2679 tautum
790 2637 826 2678 na
844 2619 917 2680 lltles
932 2625 977 2680 est
992 2617 1138 2682 ltabemla.
1159 2616 1294 2681 Ceterum
1318 2623 1394 2683 uul-

149 2705 265 2766 codioes
283 2701 550 2782 Constantinopoli,
571 2720 629 2762 non
648 2711 746 2763 autem
787 2702 921 2764 losextat
933 2700 962 2762 in
979 2701 1086 2764 nostris
1096 2699 1131 2762 N.
1146 2699 1180 2764 Τ.
1193 2702 1278 2766 libris
1291 2703 1391 2784 locate,

150 2785 745 2860 omuesorientalesetoccidentales,non
787 2786 872 2847 carius
890 2785 1098 2848 autltenticitas
1116 2804 1176 2846 non
1203 2787 1296 2868 possit
1317 2807 1395 2868 pro·

149 2891 252 2934 omnes
263 2870 427 2945 versiones,
441 2888 499 2930 non
511 2887 614 2930 omines
626 2867 745 2931 Patrum
788 2867 863 2933 bari.
882 2868 931 2932 Sic
950 2869 1071 2930 ltistoria
1092 2869 1224 2932 mulieris
1236 2871 1394 2936 adulterae

149 2956 303 3018 citationes
311 2953 745 3033 corrumperepotuisset,quocl
786 2953 898 3034 absque
912 2952 1003 3016 dubio
1012 2950 1066 3016 aS.
1078 2951 1187 3015 loanne
1196 2954 1306 3034 scripta
1319 2956 1391 3035 luit3

148 3041 205 3100 iam
224 3057 259 3100 er
278 3055 367 3118 supra
379 3035 464 3098 dietis
483 3044 572 3116 patet.
592 3071 635 3081 -
653 3035 746 3098 Deni-
786 3037 852 3098 licet
869 3038 947 3100 enim
962 3036 1035 3099 liaeo
1047 3036 1391 3119 lristoriaequibustlam

149 3143 206 3205 que
228 3123 336 3184 dictam
356 3120 581 3195 Euangeliorum
603 3120 745 3180 mutatio·
786 3120 940 3183 codicibus
954 3129 1099 3202 expuncta
1116 3121 1205 3182 luerit
1220 3123 1257 3184 ab
1274 3123 1391 3204 aliqui·

149 3225 215 3270 nem
235 3205 289 3268 sub
308 3205 465 3268 Anastasio
490 3222 542 3284 per
565 3222 669 3266 omnes
687 3203 746 3265 Eo·
786 3205 841 3266 bus
860 3206 936 3267 male
953 3205 1048 3266 cnutis'
1073 3202 1257 3281 hominibus,-
1276 3206 1391 3270 timen-

148 3289 252 3352 clesios
266 3307 367 3350 revera
380 3287 486 3349 sanctam
506 3305 563 3350 non
581 3307 658 3365 esse,
677 3288 745 3350 inde
787 3288 877 3364 tibus,
897 3308 935 3351 ne
961 3289 1011 3350 tali
1036 3290 1170 3369 exemplo
1190 3291 1332 3353 mulieres
1351 3311 1388 3353 a·
1417 3288 1423 3310 ’

147 3371 467 3445 nranilesteevincitm·,
477 3372 746 3451 quiaeademsem·
785 3373 903 3434 dullerii
917 3382 1017 3435 sontes
1032 3373 1236 3450 abuterentur,
1246 3381 1278 3435 ut
1290 3377 1389 3456 suspi-

148 3455 277 3538 perluit
300 3455 449 3518 Ecclesiae
472 3456 560 3534 sides,
581 3457 745 3536 eademque
785 3469 869 3518 catm
887 3457 918 3521 S.
943 3457 1130 3538 Accpttstinos
1153 3457 1212 3538 (Ι),
1233 3467 1332 3520 tamen
1356 3459 1405 3522 in‘

147 3539 372 3620 Evartgeliorum
401 3549 429 3602 et
452 3539 577 3600 aliorum
601 3539 743 3602 librorum
785 3535 870 3618 longe
889 3539 1023 3623 pluribus
1038 3540 1256 3622 antiquioribus
1269 3544 1391 3624 reperi·

148 3643 300 3686 sacrorum
323 3624 491 3686 testimonia
509 3624 597 3684 citata
620 3623 745 3699 legimns
787 3632 844 3701 tur,
865 3633 897 3686 ut
918 3634 1042 3686 testatur
1058 3625 1090 3690 S.
1109 3625 1311 3706 Hieronymus
1324 3628 1392 3706 (3)·

147 3707 178 3769 in
195 3708 334 3772 Conciliis
352 3718 381 3772 et
406 3727 422 3768 a
448 3705 498 3768 SS.
522 3704 659 3768 Patribus
677 3716 745 3769 ante
786 3708 920 3789 bannoque
930 3708 1390 3791 lattdarontS.oltttbroet'tts(l)„

146 3789 744 3870 Anastasiumexistentibus,quaeincon·
784 3793 1388 3875 S-Clrysostontns(5),sarmationem)

147 3876 223 3941 ciliis
234 3887 263 3938 et
276 3875 412 3938 Patribus
429 3873 617 3953 sequentium
637 3893 744 3936 saecu·
784 3883 814 3938 et
828 3875 877 3936 alii
891 3877 1011 3958 passim.
1022 3876 1069 3938 lta
1085 3877 1300 3957 paritertextus
1317 3877 1385 3943 llo.

146 3960 240 4022 lorum
260 3961 372 4037 legunt,
393 3965 422 4019 et
445 3957 607 4018 etiamnum
626 3959 745 4021 codices
779 3957 820 4046 J,
843 3961 859 4022 'l
879 3969 960 4022 certe
978 3969 1023 4023 est
1039 3961 1171 4038 loannis,
1191 3961 1288 4023 sedin
1308 3981 1386 4022 nnn·

146 4043 305 4106 orientales
317 4049 346 4103 et
361 4040 560 4103 occidentales
575 4051 663 4122 atque
675 4061 745 4104 ver·
783 4041 875 4114 pullis
887 4045 1041 4110 codicibus
1063 4045 1192 4108 omissus
1214 4041 1272 4108 luia
1288 4047 1335 4110 tel
1351 4064 1387 4116 ex

143 4127 244 4189 siones
257 4125 449 4189 concordant.
469 4123 585 4190 Nullam
604 4145 674 4206 ergo
693 4143 746 4208 per
812 4165 815 4174 ·

780 4243 785 4258 ,
813 4201 844 4262 (ὅ)
861 4201 909 4250 blla
924 4202 1030 4262 econtra
1046 4203 1162 4261 Pelopiam.

141 4355 143 4360 Ι
174 4253 206 4371 ²33
221 4255 341 4362 lipom-ega?a
354 4258 489 4365 bbbbbbger'd
506 4319 533 4367 n·
813 4261 843 4320 tlt
860 4261 926 4308 llum
940 4262 971 4308 do
986 4264 1084 4334 mutitare
1099 4265 1174 4343 adoll.

427 4329 505 4376 man
813 4323 846 4382 (t)
861 4323 933 4384 llplot.
948 4324 978 4370 ott
993 4323 1060 4371 rulo.
1119 4325 1150 4385 to)
1168 4325 1224 4374 lac
