2934 4736
187 145 258 210 338·
543 187 548 194 -
584 158 770 208 rnaoaooras
794 157 956 208 demutans

148 242 231 328 poris
251 240 383 320 agnitum
402 239 505 308 luisse.
522 233 752 322 pacantioribus
791 240 833 302 cis
858 241 903 303 rel
929 237 1100 302 infidelibus
1126 213 1266 302 collatum
1283 281 1292 314 ,
1312 221 1396 318 quod

148 325 579 410 temporibuspmtostantassa
590 326 753 388 acerrimus
791 333 890 387 tamen
901 343 946 386 >aa
958 325 1051 386 sacris
1062 323 1165 386 Bibliis
1179 320 1299 406 probari
1314 320 1399 382 baud

148 411 340 473 traditionum
350 409 533 473 aduersarios
544 411 749 487 ostenderunt,
791 417 887 490 potest
917 408 993 488 Erga
1020 408 1220 470 Protestaotcs
1238 406 1268 467 in
1290 405 1341 467 bis
1361 424 1398 466 a·

148 497 241 557 solam
252 490 434 575 Scriptorum
445 501 477 554 at
487 494 753 555 revelationislon-
789 493 896 574 liieque
916 493 1108 571 dogmatibus
1129 490 1267 572 'practice
1296 489 1399 550 tradi·

149 588 210 643 lam
227 585 433 656 agnoscentem
451 584 494 638 ast
514 577 708 638 nibilominus
719 577 748 638 is
791 577 901 640 tionem
920 578 1150 658 amplectuntur,
1164 592 1253 658 quam
1265 573 1398 637 theore-

147 663 192 746 psi
208 678 327 744 qaoque
341 663 480 742 practice,
502 661 748 734 etbincindeet·
791 661 846 724 tice
859 661 1009 725 reticiunt.

147 749 207 810 iam
231 748 385 810 theoretice
412 743 578 807 divinarum
609 745 747 807 traditio-
841 745 872 807 ἓ.
893 745 955 807 lmo
974 763 1034 806 noo
1054 743 1162 806 desunt
1177 741 1258 806 inter
1280 739 1397 804 Prote-

147 837 218 894 n'um
238 830 423 893 existentiam
442 829 613 908 admittunt,
632 837 747 893 elcan·
787 837 910 910 stantes,
930 827 982 910 qni
1005 828 1095 890 etiam
1112 827 1273 890 theoretice
1293 828 1398 888 tradi·-

146 917 276 978 flrmant.
563 947 564 952 κ
787 913 877 976 tio'nis
906 912 1092 990 existentium
1118 920 1147 974 et
1178 911 1395 973 necessitatem

189 1001 219 1060 l.
240 993 440 1060 protestantes
464 996 543 1059 enim
573 997 653 1059 cario
672 996 745 1076 dog·
786 998 910 1078 professi
939 1005 1019 1059 sunt.
1046 995 1113 1078 Ipse
1137 997 1285 1059 brttberas
1315 1013 1397 1057 suae

147 1093 226 1145 matu
243 1083 399 1148 nobiscum
420 1084 532 1158 tenent,
545 1097 633 1162 aquae
646 1090 745 1144 tannen
786 1083 871 1162 quasi
896 1081 1052 1143 doctrinae
1077 1079 1187 1142 oblitus
1206 1079 1252 1161 (3)
1268 1078 1395 1141 scribit:
1464 1129 1465 1144 l

147 1163 230 1231 aab.
250 1165 401 1248 Scriptura
424 1165 484 1246 peti
503 1173 666 1246 nequeunt.
696 1163 745 1228 Sic
788 1186 803 1227 a
831 1165 1032 1228 periculosum
1062 1172 1092 1226 et
1114 1165 1294 1226 horrendum
1318 1175 1391 1242 est,

148 1252 309 1314 admittunt
330 1251 457 1312 diuinam
484 1268 508 1310 s.
529 1250 670 1312 librorum
694 1249 744 1310 in·
787 1250 947 1330 quidquam
964 1249 1138 1325 audire,·rel
1156 1248 1288 1325 credere,
1305 1249 1393 1329 quod
1464 1251 1465 1256 ’

146 1337 363 1417 spirationem,
389 1353 465 1414 quae
491 1342 594 1396 lamen
622 1353 656 1395 ex
668 1363 670 1368 ¹
682 1335 744 1396 sola
787 1333 960 1397 adversatur
977 1333 1112 1394 unanimi
1127 1333 1296 1394 testimonio
1315 1334 1392 1395 fidei

146 1418 298 1502 Scriptura
327 1419 404 1479 lnorrd
428 1417 609 1482 sufficienter
632 1419 744 1500 probo-
787 1428 821 1480 et·
844 1419 995 1481 doctrinae
1022 1415 1142 1479 sannae
1169 1426 1199 1478 et
1220 1417 1392 1479 catholicae
1464 1459 1465 1496 ,

146 1513 195 1565 tur
209 1503 268 1584 (l).
284 1502 431 1565 Ganonem
444 1519 580 1584 quoquc,
598 1504 649 1582 qui
665 1518 701 1565 en
716 1503 743 1563 i·
775 1503 947 1580 Ecclesiae,
968 1521 1057 1583 quam
1076 1501 1127 1562 illa
1151 1499 1221 1562 inda
1240 1501 1277 1562 ab
1298 1501 1393 1564 initio

145 1586 442 1668 psaiScripturanullo
456 1587 544 1648 modo
552 1587 745 1664 determinari
785 1607 838 1668 par
850 1607 945 1650 annos
954 1588 1021 1668 plus
1033 1586 1113 1664 mille
1128 1584 1307 1666 quingentos
1324 1605 1395 1648 ser·
1464 1627 1465 1670 ,

146 1681 242 1752 potest
263 1669 324 1751 (p),
354 1671 475 1732 maranisi
503 1673 583 1732 iuxta
612 1673 744 1749 regulum
786 1667 1391 1736 ravit.a—-Melouclltouadssratonem

146 1755 314 1818 traditionis
331 1764 480 1832 statunnt3
495 1774 567 1817 *nam
587 1755 654 1818 ideo
666 1755 703 1816 ab
716 1755 743 1816 l-
785 1756 931 1818 medicum
942 1753 1201 1816 Uratislariensem
1216 1754 1268 1815 ait:
1281 1754 1392 1844 'Exi-

147 1839 219 1901 nitio
239 1841 330 1902 libros
351 1840 638 1902 deuterocanunicos
661 1839 743 1901 reie-
784 1841 882 1916 stillio,
904 1839 940 1902 ad
954 1837 1172 1900 confirmandas
1185 1846 1300 1900 mentes
1313 1857 1394 1900 con·

147 1934 262 2000 oerum,
274 1923 411 2004 quianon
421 1925 588 2000 constabat,¹
602 1923 655 1984 hos
667 1918 754 1984 sem-‘⁸
784 1941 903 1986 sensum
927 1923 1078 1986 vetustatis
1092 1922 1252 2004 plurimum
1272 1921 1388 2000 valere,
1464 1941 1465 1968 t

146 2027 201 2088 per
217 2009 328 2087 ubique
346 2017 376 2068 et
401 2009 438 2069 ab
456 2009 596 2070 aturribus
615 2018 647 2068 ut
663 2007 745 2069 dirl-
784 2017 812 2069 et
827 2007 1077 2088 uptiluimagistri
1090 2017 1119 2069 et
1133 2007 1223 2068 duces
1235 2023 1301 2068 esse
1313 2025 1393 2086 pos-

146 2109 199 2172 uus
218 2094 331 2170 agnitus
345 2089 446 2152 luisse.
461 2091 661 2154 protestantes
674 2099 754 2170 ergo
783 2102 853 2154 sunt
870 2091 1022 2167 lrenaaus,
1046 2090 1258 2166 Tertullianus
1277 2090 1392 2169 Augu-

144 2175 318 2257 primarium
344 2176 521 2251 etunicum,
538 2192 631 2255 quem*
650 2192 744 2254 ugnu-
783 2177 897 2252 stinus,
917 2176 968 2257 qui
992 2175 1120 2256 plurima
1147 2174 1235 2236 litoius
1264 2175 1391 2252 generis
1464 2197 1465 2262 j

145 2259 451 2334 salluui-avanticos
467 2259 743 2320 lonlemtratlitioni
784 2261 949 2340 posteritati
969 2260 1171 2340 reliquerunt:
1189 2278 1224 2320 ex
1243 2257 1289 2320 his
1317 2277 1390 2320 mo·
1464 2263 1465 2334 l

145 2343 264 2422 debent.
282 2375 324 2388 *-
346 2342 429 2406 Licet
455 2344 535 2404 iuxta
551 2359 600 2418 ea,
616 2361 693 2424 quaa
711 2345 744 2404 ln
783 2344 933 2406 riomentis
951 2343 1047 2424 quiris
1069 2361 1245 2420 cognoscere
1260 2343 1388 2422 poterit,

146 2427 312 2505 Evangeliis
338 2429 494 2504 leguntur,
511 2427 540 2488 in
561 2427 678 2488 lotione·
691 2445 745 2510 pe·
783 2428 863 2508 ipsos
886 2427 1033 2508 imprimis
1051 2424 1223 2489 adhibuisse
1240 2426 1319 2511 fodei¹
1333 2447 1389 2490 re·
1464 2427 1465 2488 Ῐ

144 2511 226 2588 dunt,
248 2509 398 2574 sChristo
419 2520 537 2590 peracta
557 2513 745 2592 et‘opostolis
782 2513 892 2590 gulam.
926 2511 1001 2574 Huic
1032 2511 1233 2589 adiungebant
1263 2511 1388 2591 piorum

145 2596 363 2670 commendata,
390 2595 491 2656 omitia
512 2595 548 2656 ad
572 2613 746 2658 sacraman-
782 2606 871 2676 atquc
890 2597 1073 2658 eruditorum
1089 2596 1238 2672 sullragia,
1252 2613 1390 2657 consen·
1464 2645 1465 2674 ,

146 2687 205 2741 tum
227 2679 467 2742 constituendum
484 2679 626 2760 requisita
642 2682 744 2742 adesse
782 2694 907 2760 sumque
923 2681 1121 2742 Ecclesiarnm
1137 2677 1389 2760 apostolicarum,
1464 2717 1465 2762 1

143 2763 315 2838 videantur,
344 2771 442 2823 tamen
468 2761 668 2826 protestantes
690 2783 743 2826 ae·
782 2764 911 2843 quasab
940 2764 1177 2845 ipsisripostolis
1196 2765 1240 2826 rel
1258 2773 1390 2844 aposto·
1464 2817 1465 2822 ,

143 2861 200 2928 que
213 2865 247 2908 ac
257 2847 400 2910 Catholici
418 2847 448 2907 in
464 2847 513 2908 illa
525 2858 757 2926 sacramentum
783 2847 847 2910 licis
870 2848 941 2910 viris
959 2848 1104 2926 originem
1123 2847 1239 2909 duxisse
1260 2858 1390 2910 consta·
1464 2847 1465 2926 3

144 2949 204 2992 trau
224 2931 746 3012 agnoscunt,traditiunomsaquen·
780 2929 1390 3014 bat.›-ltoputtrutiminquit:‹Qnaa
1464 2939 1465 2968 ¹

144 3025 208 3092 les,
230 3029 306 3095 quae
324 3015 387 3076 sola
402 3029 459 3076 *nes
477 3016 598 3092 edocet,
618 3018 756 3096 gratiam·
780 3013 982 3078 Prolastunles
1002 3025 1140 3092 tuentur,
1161 3035 1196 3077 ea
1221 3033 1280 3076 non
1313 3025 1391 3078 sunt
1464 3029 1465 3072 ξ

45 3103 48 3108 ’
144 3110 211 3160 cum
230 3100 287 3160 isto
307 3098 365 3159 ritu
382 3107 504 3160 externa
523 3119 582 3162 non
597 3113 650 3180 pro*
662 3098 742 3160 omni
781 3101 883 3162 omnia
901 3100 937 3161 ad
955 3100 1078 3162 verbum
1101 3099 1132 3160 iu
1151 3099 1243 3162 sacris
1260 3099 1385 3162 litteris.

143 3193 276 3262 letrtpore
293 3182 479 3245 coniunctam
493 3185 594 3248 luisse.
609 3181 744 3246 -pbae-
782 3183 901 3260 Dicunt,
911 3184 1108 3245 admittendas
1121 3203 1185 3245 esse
1197 3199 1392 3263 consequen·

129 3275 224 3328 'terea
248 3266 341 3342 legem
367 3269 463 3347 quoad
491 3267 701 3330 abstinentiam
726 3287 743 3330 a
784 3267 849 3342 tias,
864 3279 892 3330 et
908 3267 964 3348 ipsi
980 3267 1391 3348 consequentiasadminont
1464 3265 1465 3268 ’

142 3349 287 3427 sangnine
307 3359 336 3410 et
354 3351 569 3438 sullucatomon
591 3352 741 3430 divinam,
783 3352 947 3433 exprivato
973 3352 1117 3432 cuiusque
1145 3351 1282 3429 ingenim,
1303 3350 1388 3412 unde

145 3435 195 3496 scd
217 3435 561 3512 apostolico-humanam
580 3436 684 3512 luisse,
697 3446 742 3498 ot·
781 3444 826 3497 tot
844 3444 873 3498 et
892 3444 950 3497 laon
969 3436 1068 3513 gravia
1095 3437 1172 3515 apud
1191 3435 1272 3516 ipsos
1290 3433 1388 3494 dissi·

144 3529 202 3598 quc
221 3516 288 3578 ideo
308 3517 445 3596 abrogari
464 3521 617 3598 putuisse,
633 3513 663 3582 e't
684 3521 743 3582 diei
782 3519 870 3582 aliast
884 3519 1207 3602 quotidianadivortio.
1220 3516 1389 3581 -Catbo·
1440 3563 1445 3575 .

144 3600 260 3662 sabbati
273 3599 349 3663 diem
361 3603 742 3666 dominicdm'subslitutam
781 3603 832 3664 lici
848 3620 918 3666 reru
943 3623 993 3664 eas
1012 3603 1171 3665 admittunt
1193 3619 1388 3683 consequen·

143 3685 253 3762 lo·is'ee,
274 3694 335 3747 turn
355 3685 534 3762 Catholicis,
554 3695 619 3748 tum
631 3687 744 3751 prote«
784 3689 850 3764 tias,
864 3705 938 3769 quas
954 3688 1073 3750 admisit
1083 3695 1166 3748 retus
1181 3687 1316 3748 Ecclesia
1328 3704 1396 3752 an··‚

142 3771 291 3830 stantibus
312 3787 349 3830 es
367 3771 429 3830 :atta
448 3765 604 3832 traditione
623 3772 743 3836 iuncte·
785 3773 865 3854 liquo
883 3782 913 3834 et
930 3771 1089 3834 universali
1107 3789 1266 3832 consensu.
1286 3769 1389 3850 Atque

144 3854 210 3914 scit.
225 3853 392 3916 Admittunt
405 3853 742 3932 dentumpruteslantes,
785 3857 824 3917 ita
839 3865 896 3917 stat
910 3875 998 3917 ornne
1015 3855 1137 3916 verbum
1156 3854 1186 3914 in
1206 3853 1324 3916 duobus
1338 3864 1395 3915 te·-

144 3939 275 4016 en'oeptis
293 3937 507 4018 Auaibaptistis,
526 3940 653 4002 valorem
671 3957 743 4022 poe·
784 3939 879 4002 stibus
897 3973 913 3986 ·
936 3938 967 4001 in
986 3938 1138 4019 Scriptura
1160 3946 1188 3999 et
1206 3937 1389 4013 traditione,

145 4019 337 4100 dolaap'tismi,
358 4031 387 4082 et
403 4023 526 4101 credunt
545 4043 614 4085 cum.
634 4025 744 4087 Catlro·
785 4043 861 4105 qnae
874 4033 975 4084 rnoutuo
987 4021 1387 4101 lancemsiltiatllucent(l).u

145 4103 210 4162 licis
231 4105 328 4164 ualere
346 4103 526 4185 baptismum
550 4108 587 4171 ab
612 4109 744 4170 hacreti-
783 4139 826 4154 -··
845 4107 1017 4172 Gorderdus
1033 4107 1172 4172 Mutunus
1194 4124 1277 4167 suom
1304 4107 1389 4166 allo-

175 4230 207 4288 (Ι)
223 4229 243 4334 z
261 4231 304 4276 ‘¹7³
316 4233 366 4278 ΝΟΙ·
389 4245 392 4252 “
478 4298 481 4306 1
816 4233 847 4296 (ὅ)
858 4237 884 4282 ln
900 4237 970 4296 Epist.
987 4235 1016 4280 ud
1033 4235 1191 4281 lloratnonam
1208 4233 1343 4302 prandonis.

176 4289 207 4347 t2l
244 4322 249 4334 .
265 4291 368 4338 ltoeblcr
383 4294 499 4353 Spmbobk
516 4294 535 4356 Ξ.
549 4295 585 4344 lt.
816 4299 846 4354 tl)
862 4295 886 4343 lu
903 4299 985 4342 nouat
1002 4295 1032 4343 ud
1047 4297 1172 4342 consoltut.
1184 4295 1314 4356 Cassandra·
