2934 4736
455 159 530 206 raas
547 161 579 205 rr.
601 159 703 206 scorto
717 148 750 205 11.
769 159 864 206 creor
880 159 914 209 r.
1211 146 1270 212 tut

59 233 139 299 alios
158 234 310 314 inimicos,
336 239 466 320 paganos
479 237 562 320 (l).›
585 237 668 302 Ela—
709 236 875 302 Gabrielem
903 241 1132 319 annuntiatum,
1153 253 1183 307 ot
1200 265 1235 312 ex
1255 247 1315 310 im-

57 319 118 382 lihi
136 321 222 382 dicit:
240 341 256 382 r
272 321 340 402 Ipsa
354 322 509 404 prophetia
524 323 574 403 (de
585 321 670 386 Chri·
710 323 858 385 maculata
869 321 961 386 hieria
973 323 1094 404 Virgine
1111 338 1226 410 natum,
1238 351 1315 396 euu-

60 407 123 485 sto)
146 404 220 486 quid
238 405 319 467 aliud
338 406 395 468 nisi
413 427 431 470 a
448 408 560 470 nostris
579 415 668 489 puta·
710 406 779 469 dem
792 407 890 470 luisse
905 426 1008 470 rerum
1026 411 1201 491 prophetam
1221 417 1315 479 coeli·

59 498 144 550 retur
156 489 299 566 conficta,
312 489 338 552 si
353 509 412 552 non
427 491 464 554 de
479 491 668 554 inimicorum
709 499 758 553 tus
777 490 915 566 missum,
929 493 980 573 qui
995 493 1096 556 docuit
1114 515 1213 560 reram
1231 503 1315 564 salu·

60 573 219 636 codicibus
236 574 436 655 probaretur?
451 574 522 638 ideo
540 593 579 640 ne
595 577 669 640 occi-
711 573 747 636 tis
759 577 850 652 viarm
871 577 1000 638 eundem
1020 578 1108 640 rilem
1128 591 1260 644 sanctam
1279 603 1315 646 e-

59 657 142 720 deris
169 675 230 734 eoa,
257 676 296 719 ne
312 658 406 740 ipsius
431 660 527 738 gentis
557 678 667 722 nomen
709 658 801 738 gisae,
821 666 851 721 et
871 661 964 723 multa
980 661 1124 724 miracula
1141 675 1314 746 perpetras·-

59 742 248 816 extinxeris,
273 745 430 822 nequando
458 744 670 808 obliviscuntur
709 762 755 819 se,
768 761 896 824 quorum
911 747 1056 812 nonnulla
1066 746 1095 807 in
1107 747 1253 812 hloorano
1268 769 1316 813 re-

60 825 134 906 lepia
149 835 221 889 luae
235 825 305 906 (2).
328 873 336 889 .
360 872 368 889 .
387 829 477 890 veluti
495 837 671 910 quereretur
710 836 894 906 censentur;
913 829 1041 890 eundem
1070 831 1156 910 plura
1185 833 1315 898 edidisse

59 911 136 990 quid
155 911 195 972 de
213 910 273 972 illis
292 921 368 974 esset
383 911 567 990 laciendum,
591 921 623 974 ut
638 913 668 974 iu
710 910 866 988 vaticinia,
886 913 1055 975 ascendisse
1073 914 1110 976 ad
1128 917 1265 991 coelum,
1285 928 1316 981 et

59 995 183 1074 aliquos
195 1013 267 1056 usus
287 995 448 1059 testimonii
466 997 598 1058 veritatis
609 1015 669 1058 non
710 994 871 1076 aliquando
887 996 923 1058 ad
936 997 1080 1059 iudicium
1095 1008 1251 1063 venturum
1267 1021 1315 1064 es·

41 1079 252 1157 occidantur,
274 1077 295 1140 i.
316 1101 343 1142 e.
365 1099 425 1141 non
442 1090 668 1158 consumantur,
710 1097 753 1140 se.
771 1077 863 1142 [locet
882 1099 1024 1162 quoque,
1041 1081 1191 1162 Apostolis
1205 1085 1315 1149 Christi

59 1180 163 1243 neque
183 1163 395 1226 obliviscantur
411 1165 485 1244 legis
502 1165 555 1228 Dei
570 1185 669 1250 peon·
711 1163 834 1224 omniuo
854 1164 1034 1226 credendum
1055 1185 1141 1244 esse,
1160 1177 1194 1229 ut
1221 1188 1314 1232 erau-

49 1246 325 1309 rtinuosubiunrit:
339 1249 671 1330 Disperpaillorirtuir-
710 1245 788 1322 gelio
807 1246 929 1322 Christi,
950 1267 984 1309 ac
999 1249 1057 1327 legi
1081 1249 1186 1332 hlopsis
1212 1255 1314 1316 omni-

60 1338 124 1392 lute
153 1339 208 1394 lua
234 1332 294 1411 (3).
324 1329 355 1394 Si
377 1334 457 1394 enim
476 1334 507 1395 in
527 1353 585 1395 uno
603 1335 669 1396 loco
711 1329 1160 1416 b.usqueprophelis.1lenique
1179 1335 1315 1400 Christus

50 1423 168 1476 -essent
187 1424 351 1493 terrarum,
364 1435 422 1479 noo
442 1418 616 1480 adiuvarent
630 1428 671 1481 te·
710 1412 740 1474 iu
752 1415 896 1477 hloorano
907 1417 977 1479 hot
989 1451 1005 1463 ·
1016 1418 1119 1495 diluit,
1135 1419 1157 1482 i.
1175 1439 1204 1483 e.
1221 1421 1314 1502 spiri-

58 1499 207 1560 alimonio
232 1500 483 1582 praedicationem
503 1501 666 1580 Evangelii,
711 1507 757 1560 lus
776 1517 827 1560 seu
848 1499 948 1562 anima
977 1499 1030 1562 Dei
1055 1512 1186 1566 vocatur.
1217 1504 1314 1587 htque

60 1601 140 1663 quae
159 1583 322 1646 fructificat
340 1593 400 1646 toto
420 1585 492 1648 orbe
508 1594 666 1648 terrarum.
711 1581 783 1644 haec
802 1583 994 1646 observantes
1022 1587 1160 1650 nonnulli
1179 1590 1314 1651 occasio-

58 1665 133 1729 ldeo
149 1667 286 1748 disperpo
303 1669 368 1730 illos
385 1671 418 1732 ia
434 1667 543 1734 virture
557 1678 621 1747 trra,
636 1679 670 1733 ut
710 1685 778 1728 nem
794 1677 966 1730 sumserunt
980 1669 1155 1748 religionem
1172 1672 1314 1734 christia-

61 1751 129 1814 eius
144 1753 354 1832 ipsius,cuius
367 1753 667 1832 fueruntnegatores,
709 1769 777 1811 uam
805 1751 950 1832 probandi
976 1771 1011 1814 ex
1039 1754 1103 1834 ipso
1123 1754 1262 1833 Corano,
1282 1756 1311 1817 id

59 1845 290 1915 persecutores,
310 1838 537 1915 interfectores,
558 1839 669 1919 ubique
709 1834 786 1913 quud
804 1853 874 1915 prae
887 1836 953 1897 aliis
969 1845 1119 1916 praestare
1131 1850 1256 1901 conatus
1269 1849 1315 1905 est

60 1920 123 1981 sint
140 1928 236 1988 testes
257 1940 311 2001 per
331 1921 426 2002 ipsein
451 1923 558 2000 legem,
578 1943 667 2004 quam
709 1916 883 1981 Dominicus
900 1920 936 1982 de
954 1919 1108 1984 Coloniae
1125 1921 1157 1987 S.
1178 1922 1231 2004 1.(
1252 1925 1278 2006 l.

60 2023 123 2065 non
152 2003 394 2082 obliviscuntur,
414 2007 445 2067 in
462 2026 522 2087 qua
548 2016 594 2069 est
618 2007 669 2070 ille

60 2088 281 2168 prophetatus,
314 2109 403 2169 quern
438 2110 669 2172 consequun-
947 2064 1070 2136 5¹⁶⁵·

62 2183 112 2232 tur
130 2172 194 2252 (d).
213 2191 230 2233 a
249 2171 329 2235 Idem
350 2175 489 2255 proponit
506 2173 536 2236 S.
558 2174 669 2238 Caesa·
908 2162 1036 2210 ⁰⁰⁰¹¹¹⁰⁸⁶
1048 2176 1111 2214 Μ

60 2256 126 2318 rius
142 2257 206 2336 (5).
226 2254 383 2320 Praeterea
401 2256 501 2319 ludaei
521 2267 587 2339 post
614 2259 669 2321 de·
765 2251 797 2316 Si
815 2252 929 2333 Religio
948 2255 1133 2336 christiana,
1152 2265 1188 2320 ut
1205 2257 1315 2322 inuicta

62 2341 261 2401 structionem
287 2341 388 2422 templi
410 2351 439 2404 et
455 2343 538 2405 urhis
557 2342 669 2424 ubique
709 2348 886 2416 argumenta
904 2339 1049 2422 probant,
1070 2351 1115 2404 est
1138 2345 1226 2406 uuita
1246 2362 1314 2406 vere

63 2423 193 2505 dispersi
208 2423 262 2486 hac
276 2424 341 2507 ipsa
354 2445 407 2488 sua
419 2427 586 2488 calamitate
598 2445 670 2488 con·
710 2421 853 2484 divinitus
871 2425 1013 2502 revelata,
1032 2444 1103 2505 ergo
1118 2425 1156 2488 ab
1175 2427 1315 2489 omnihus

62 2516 225 2582 testantur,
241 2507 375 2572 Messium
395 2518 463 2572 actu
487 2511 547 2572 iam
576 2511 668 2574 adve—
710 2506 883 2570 luminibus
909 2509 1100 2591 suscipienda
1127 2519 1192 2589 est,
1217 2529 1314 2592 neque

64 2592 199 2666 nisse,et
212 2593 291 2654 hunc
305 2593 395 2656 alium
412 2613 472 2656 non
488 2613 565 2671 esse,
578 2613 667 2676 quam
709 2589 789 2651 enim
805 2591 893 2672 aliter
910 2592 947 2653 ad
966 2594 1055 2655 linem
1076 2612 1177 2670 suum,
1195 2594 1216 2655 i.
1231 2613 1260 2656 e.
1276 2594 1314 2655 ad

62 2674 163 2737 lesum
183 2675 356 2753 Christum,
376 2697 465 2759 quern
490 2679 547 2759 ipsi
574 2697 668 2759 nega·
710 2675 873 2754 perlectam
894 2678 1092 2739 moralitatem
1113 2687 1142 2739 et
1160 2686 1313 2739 aeternam

62 2769 180 2821 rutilet
200 2761 389 2838 occiderunt,
408 2762 479 2844 quia
500 2764 580 2825 iuxta
598 2783 667 2826 ora.
709 2757 881 2820 ieiiciitliem
906 2760 1061 2840 pervenite
1080 2769 1214 2842 possuni.
1239 2757 1313 2822 Om-

63 2845 131 2906 cula
144 2843 360 2925 Prophetarum
374 2847 411 2908 oh
426 2855 563 2925 negatum
576 2855 605 2909 et
619 2867 669 2910 oc·
711 2860 763 2904 nes
781 2849 894 2919 aulem,
908 2844 959 2923 qui
972 2845 1107 2922 religioni
1124 2844 1171 2904 isli
1188 2841 1246 2904 iam
1263 2842 1315 2906 td·

64 2928 161 2989 cisum
173 2926 309 2990 Messium
327 2929 398 2992 haer
415 2932 668 3012 lugendadisper-
710 2925 783 2986 dicti
796 2935 878 3004 suot,
892 2945 944 3007 pru
962 2927 1106 2990 beneficio
1125 2927 1250 2989 coelitus
1265 2945 1314 2988 ac·

64 3010 108 3074 sio
123 3021 264 3074 secutura
277 3023 350 3076 erat.
371 3012 570 3086 Quamobrem
589 3025 669 3078 recte
709 3018 795 3090 cepto
807 3011 964 3072 continuas
981 3012 1092 3088 gratias
1104 3029 1202 3088 agere,
1216 3010 1315 3074 ornni·

63 3097 279 3178 sapienterque
300 3095 332 3160 S.
352 3092 578 3179 chrysostomus
604 3100 667 3163 ait:
711 3093 826 3174 busque
842 3095 954 3156 viribus
973 3093 1146 3156 allaborare
1161 3102 1312 3172 tenentur,

65 3198 82 3241 e
101 3177 324 3264 omnipotentis
342 3183 506 3264 sapientiae
523 3183 575 3246 Dei
595 3203 670 3264 opus
711 3183 743 3238 ut
765 3177 847 3240 iuxta
869 3177 1025 3256 religionis
1039 3178 1313 3240 suaesanctissima
1390 3257 1395 3276 ἱ

64 3283 132 3326 esse
147 3309 156 3340 ,
172 3273 206 3325 ut
235 3265 349 3327 inimici
370 3268 502 3329 veritatis
519 3269 593 3330 hant
611 3268 669 3350 ipsi
710 3270 869 3342 praecepta
892 3263 982 3324 vitam
999 3261 1177 3341 instituant,
1197 3281 1315 3326 morus-

65 3356 159 3410 testes
170 3348 304 3412 ueritatis
323 3351 382 3431 (t).
397 3370 414 3412 a
710 3363 769 3425 que
784 3353 977 3426 cornponant.

106 3429 671 3517 3.iiuhammedes,quamrisutpseu-
949 3461 980 3532 ς,
1003 3467 1077 3514 m,

63 3515 254 3596 doproplreta
274 3519 366 3580 multa
383 3520 455 3581 salsa
476 3519 622 3596 docuerit,
636 3539 671 3582 ac
778 3545 898 3606 apponere
910 3545 940 3591 ne
952 3546 1053 3602 materen
1069 3545 1248 3605 evangeliorum
1296 3545 1303 3552 '

62 3599 226 3681 insipidam
241 3621 325 3663 suam
342 3602 582 3684 superstitionem
596 3604 671 3664 reli·
934 3607 1089 3664 expositione.

64 3684 145 3760 gioni
172 3684 352 3748 christianae
380 3688 602 3768 praeferendam
625 3705 669 3750 es·
751 3685 915 3765 Religionis
927 3687 1107 3750 christianae
1121 3689 1313 3752 lund-amenta

65 3786 96 3828 se
115 3770 278 3848 putauerit,
296 3769 333 3832 de
351 3769 467 3833 Christo
488 3781 585 3833 tamen
603 3791 670 3832 ma·
711 3781 844 3835 euertere
863 3774 984 3834 tcnlavit
1002 3774 1058 3836 Dr.
1078 3775 1117 3836 D.
1133 3775 1170 3837 F.
1192 3774 1313 3836 Stratus

64 3853 145 3914 xime
163 3853 328 3915 honorilice
342 3855 513 3918 testimonia
524 3857 602 3917 tulit.
616 3853 673 3917 Ilo·
712 3875 765 3937 per
787 3856 946 3936 mythicam
965 3857 1191 3934 Euangeliornm
1219 3873 1321 3934 erpo--

65 3937 127 3996 cuit
140 3943 221 3999 euim
235 3937 382 4000 Christum
397 3957 449 4020 per
463 3939 593 4001 diuinam
608 3940 669 4000 rir—
711 3941 862 4002 sitioneru.
880 3940 913 4002 ln
928 3941 1068 4004 omnihus
1084 3939 1176 4015 enirn,
1190 3937 1310 4018 quaeda
1345 4001 1348 4009 ,

66 4027 161 4083 tutem
188 4021 367 4086 miraculose
391 4033 592 4106 conceptum,
618 4041 672 4104 per
711 4022 778 4088 lesu
793 4023 909 4087 Christo
925 4025 999 4088 mira
1016 4032 1186 4099 narrantur,
1199 4021 1311 4084 nonni·

95 4178 127 4238 (1)
142 4179 224 4230 Esar.
239 4182 263 4228 ln
279 4183 315 4230 l’a.
328 4183 365 4230 56.
401 4180 432 4238 121
444 4183 481 4229 Ps.
493 4183 530 4240 tta,
545 4181 582 4229 12.
741 4183 811 4248 (1111
827 4197 911 4245 opere:
928 4180 1208 4248 abrenuntiationem,
1223 4178 1246 4227 el
1258 4179 1312 4225 rell-

94 4239 128 4292 l5l
144 4241 180 4285 i’s.
191 4245 228 4301 aa,
247 4241 282 4287 13.
399 4241 429 4301 (lt
444 4243 483 4296 lin.
494 4242 577 4289 111111
589 4243 656 4289 Paul·
710 4248 791 4300 alume
803 4247 854 4292 chr.
869 4245 1005 4304 uraumeutu
1020 4253 1047 4287 ex
1062 4240 1157 4285 horatio
1174 4239 1264 4288 musto.
1278 4236 1312 4286 Gi·

93 4299 129 4358 (ὅ)
142 4300 216 4346 serm.
231 4300 253 4361 1,
264 4313 287 4349 ιι.
302 4300 325 4349 ὅ.
397 4302 548 4361 111111111ὅῖ
561 4303 655 4352 laceo.
710 4308 788 4356 Wiest.
805 4309 859 4352 lum,
874 4305 898 4362 2,
913 4303 933 4362 ἶ.
949 4300 1001 4346 253.
