2934 4736
336 236 359 246 ,
415 191 489 236 rans
510 191 544 236 ιι.
567 190 669 236 suerro
689 191 722 236 u.
746 177 841 237 earu'r
862 192 905 239 ιι.
1181 176 1244 248 Abi

64 273 133 350 hant,
144 279 170 336 et
181 279 212 336 ut
222 281 341 351 gentem
352 272 495 336 devictam
505 271 555 334 sed
572 291 644 336 cou-
684 270 771 334 bens:
793 290 808 332 c
825 269 914 334 Hisce
926 270 999 334 airis
1017 271 1118 353 (istro
1135 280 1164 336 et
1178 271 1285 356 Paurop

63 368 188 422 tumerem
207 359 388 420 ctrehellem
404 357 642 438 vilipendebant.
684 363 839 434 aggregata
856 365 903 418 est
923 355 1082 418 multitudo
1101 355 1205 435 ingens
1221 360 1285 422 ele·

64 440 176 514 Quantae
187 459 257 517 ergo
268 441 449 506 difficultatis
460 447 536 517 erat,
550 448 583 502 ut
598 459 647 502 su·
684 447 813 514 ctorum,
837 439 888 520 qui
903 440 996 502 multa
1013 440 1152 520 martyria
1174 452 1203 504 et
1221 451 1287 504 lor·

63 525 130 606 perhi
141 523 270 588 Gentiles
283 545 299 586 a
315 525 525 609 praeconibus,
539 543 575 588 ea
591 523 644 586 Iu·
686 531 785 584 urente
799 523 1019 600 sustinuerunt,
1035 523 1181 605 nobisque
1195 545 1285 606 prae-

62 611 120 671 iaea
134 609 333 684 uenientibus,
353 608 537 688 Religionem
556 607 644 672 Chri·
685 607 765 668 clara
779 607 913 689 exempla
927 606 996 670 lacti
1010 617 1089 670 sunt.
1103 626 1118 670 ι
1139 608 1171 671 S.
1190 611 1285 690 Ionu-

61 693 99 768 ιιι,
115 693 143 754 ιι
159 693 266 754 humili
284 693 410 756 Iudaeae
423 695 489 756 loco
504 692 579 769 nati,
594 711 645 754 as·
684 692 743 754 tius
759 691 803 756 Μ.
829 691 865 752 ad
889 689 1110 772 Philadelphios
1137 711 1153 753 r
1179 693 1284 756 Eccle-

61 777 265 840 sumereutl—
684 775 761 836 siam
779 773 886 838 Christi
911 794 929 838 a
947 785 1042 838 terrae
1058 775 1117 838 fine
1134 794 1230 857 usque
1247 778 1285 840 ari

91 862 118 922 3.
132 860 259 924 Euentus
275 858 504 942 praedicationis
515 878 643 936 euange—
684 859 773 920 finem
793 858 946 920 dilatatam
965 877 1031 921 esse
1050 878 1067 920 ι
1092 859 1205 922 scribit.
1229 861 1285 926 lu·

59 943 120 1006 licae
142 963 258 1006 omnem
279 945 528 1025 exspectationem
556 946 644 1022 longe
682 943 780 1006 cliuus
807 944 865 1019 lt,
897 942 949 1024 qui
975 943 1074 1007 medio
1097 945 1217 1006 saeculo
1234 963 1286 1008 se-

60 1029 201 1107 superacit.
213 1027 401 1109 Religionem
416 1028 496 1090 enim
509 1027 645 1092 christia·
684 1027 781 1088 cundo
801 1026 914 1102 ssoruit,
930 1035 1054 1090 testatur
1066 1048 1082 1088 r
1092 1028 1206 1090 nullum
1220 1047 1287 1092 esse

60 1129 116 1172 narn
132 1112 284 1175 celerrime
298 1113 411 1194 ubique
427 1113 557 1176 locorum
570 1130 643 1193 pro·
683 1129 777 1188 genus
806 1110 962 1174 homiuum
986 1110 1048 1174 sire
1070 1111 1285 1191 harbarorum,

60 1205 173 1273 pagatam
193 1197 302 1273 luisse,
321 1205 380 1258 tum
393 1197 484 1271 socri,
502 1205 562 1259 turn
573 1213 645 1276 pro·
683 1194 745 1257 sire
762 1212 951 1272 graecorum,
971 1196 1034 1257 siue
1048 1196 1138 1258 etiam
1158 1197 1296 1260 aliorum

59 1279 114 1357 {roi
125 1279 283 1362 scriptores
297 1288 511 1343 contestantur.
529 1280 560 1362 a)
570 1280 646 1346 Pau·
684 1279 817 1340 omnium
839 1297 1019 1360 quocunque
1032 1280 1219 1361 appellentur
1233 1301 1288 1344 no·

60 1362 96 1424 lus
112 1363 155 1444 (l)
170 1363 337 1444 Religionis
359 1365 539 1426 christianae
554 1383 643 1445 prac-
684 1362 785 1440 mirre,
803 1361 864 1424 sive
882 1363 914 1424 in
934 1363 1075 1443 plaustris
1101 1363 1284 1444 degentium,

60 1446 164 1509 conihus
174 1448 287 1511 Psalmi
302 1447 392 1511 XVlll
402 1495 410 1522 ,
424 1449 546 1510 Acerba
556 1448 643 1512 attri-
682 1447 727 1508 vel
746 1447 836 1510 domo
853 1446 1030 1522 carentium,
1047 1448 1125 1510 inter
1138 1467 1214 1530 quos
1226 1468 1287 1514 nou

60 1527 125 1592 buit:
139 1533 175 1596 ln
191 1551 309 1596 omnem
322 1541 434 1596 terrum
445 1533 536 1596 coivit
553 1550 644 1596 sonus
685 1532 757 1594 liant
775 1549 900 1612 preces,
923 1540 952 1592 et
968 1531 1131 1608 gratiarum
1155 1533 1287 1596 actiones

59 1629 152 1692 rmum,
170 1626 196 1679 et
210 1619 243 1680 in
255 1619 330 1698 flues
344 1618 423 1680 orbis
437 1625 535 1682 terroe
553 1618 645 1680 uerbo
683 1615 762 1677 Patri
778 1624 807 1676 et
819 1615 947 1678 creatori
963 1615 1097 1679 omnium
1112 1635 1167 1698 per
1177 1636 1287 1680 unomen

60 1713 153 1762 enirm.
169 1701 205 1762 lb
222 1704 260 1764 ad
286 1700 477 1766 Colossenses
503 1700 552 1781 (A)
577 1701 641 1764 ait:
683 1698 750 1762 lesu
768 1697 876 1762 Christi
895 1698 1115 1779 ιιιιιιιιι(5).ι
1134 1735 1177 1748 -
1194 1701 1288 1764 Huius

60 1782 238 1864 Euangelium
261 1787 399 1865 peruenit
423 1785 462 1847 orl
483 1803 550 1858 uos,
569 1787 645 1850 sicat
685 1784 738 1845 uiri
767 1783 970 1846 testimonium
989 1785 1146 1846 consumat
1165 1785 1198 1850 S.
1221 1786 1288 1851 Ire-

61 1872 81 1924 et
92 1866 119 1928 ιι
135 1870 275 1932 uniuerso
288 1871 401 1934 mundo
421 1877 473 1945 est,
490 1877 517 1932 ct
533 1869 644 1948 fructi·
684 1885 778 1932 cocus
791 1868 883 1949 paulo
901 1876 967 1948 post
985 1877 1105 1930 secutus
1120 1869 1170 1949 qui
1186 1869 1216 1930 in
1235 1888 1287 1932 ca-

62 1949 126 2027 ficol,
143 1961 169 2016 et
185 1955 302 2027 crescit,
317 1955 431 2016 sicelet
446 1955 480 2016 ιι
495 1955 584 2018 vohis.
600 1953 645 2016 Ad
687 1954 782 2030 talogo
805 1951 1004 2016 Ecclesiarum
1034 1961 1190 2016 entrmerat
1210 1951 1286 2016 Ger-

62 2029 192 2098 llomanos
209 2037 333 2114 scribit,
351 2037 441 2100 sidem
464 2055 567 2100 eorum
587 2057 645 2100 an·
686 2036 829 2111 maniam,
844 2034 982 2111 Galliam,
995 2035 1288 2118 hispaniam,Aegp-

63 2119 174 2182 nuntiari
195 2121 227 2182 in
255 2121 394 2184 universo
413 2123 523 2184 mundo
541 2122 602 2203 (3),
616 2130 646 2186 et
686 2129 782 2202 ptum,
796 2119 933 2200 Lphiam,
957 2119 1061 2184 eodem
1087 2121 1201 2184 lumine
1219 2122 1288 2184 tidei

63 2200 171 2280 scipsum
191 2206 354 2286 replevisse
378 2225 396 2267 a
413 2205 572 2270 Ierusalem
591 2225 646 2287 per
685 2206 909 2281 illustratas,et
926 2204 991 2287 pari
1007 2205 1141 2266 omnium
1160 2224 1288 2268 concor-

64 2282 197 2350 cirruitum
215 2290 362 2370 usquead
378 2289 525 2370 Illyricum
545 2291 645 2354 Evan-
686 2289 736 2352 dia
753 2289 831 2351 sicul
845 2307 905 2352 uuo
917 2289 989 2352 solis
1005 2289 1120 2352 lumine
1132 2290 1289 2354 universus

63 2368 151 2440 galium
173 2372 283 2436 Christi
304 2374 362 2456 (l).
387 2373 508 2438 Constet
525 2393 645 2456 quoque
686 2382 833 2435 terrarum
853 2372 934 2435 orbis
951 2373 1117 2436 illustratur
1131 2375 1191 2454 (h).
1216 2375 1288 2438 Ter·

63 2451 208 2519 erActihus
219 2459 443 2539 Apostolorum,
455 2457 580 2521 Paulum
591 2457 647 2520 Pa·
686 2459 831 2522 tullianus
845 2475 912 2519 cum
932 2458 1070 2538 emphasi
1090 2457 1174 2522 dicit:
1194 2457 1289 2522 ‹lle-

64 2531 212 2620 laestinam,
227 2540 355 2622 Syriam,
370 2542 470 2604 Asiam
485 2543 644 2620 minorem,
686 2542 779 2604 sterni
798 2559 918 2617 sumus,
943 2550 972 2604 et
996 2552 1092 2604 uestra
1109 2543 1210 2606 omnia
1228 2544 1288 2604 im·

64 2613 218 2704 Thraciam,
235 2625 459 2704 Macedoniam,
479 2625 645 2704 Graeciam,
687 2625 844 2707 plevimus,
867 2625 976 2700 urbes,
1004 2626 1134 2703 insulas,
1154 2628 1287 2701 castella,

65 2709 135 2782 atquo
151 2711 327 2792 praecipuas
351 2711 465 2772 insulas
488 2711 598 2790 Aggaei
617 2721 647 2774 et
687 2710 864 2792 municipia,
875 2709 1087 2786 conciliabula,
1100 2718 1196 2772 castra
1211 2711 1287 2790 ipsa,

64 2779 250 2856 llerliterranei
271 2793 362 2856 maris
381 2813 568 2875 peragrasse,
591 2813 646 2860 us·
687 2793 1124 2874 tribus,decurias‚palatium,
1138 2802 1287 2870 senatum,

66 2883 110 2946 pue
122 2873 149 2935 iu
163 2875 279 2940 ltaliam
300 2879 521 2960 pervenissem
533 2879 646 2960 ubique
685 2879 797 2956 lorum3
813 2878 877 2942 sola
896 2877 980 2940 robis
996 2876 1195 2958 relinquimus
1211 2886 1287 2938 tem·

66 2949 192 3023 Ecclesiae
217 2962 372 3026 fundasse.
396 2961 539 3025 Similiter
556 2964 594 3026 de
612 2962 643 3028 S.
687 2963 734 3043 pla
746 2963 828 3044 (l).›
846 2961 992 3027 Eusebius
1009 2969 1143 3038 enarrat,
1160 2961 1288 3042 Aposto-

65 3030 135 3130 Petro
152 3053 268 3108 constat
291 3066 326 3108 cx
349 3045 443 3128 prima
461 3046 594 3110 eiusdem
610 3066 645 3110 e·
686 3049 782 3110 lorum
802 3046 966 3127 discipulos
994 3045 1125 3121 integras
1153 3045 1290 3107 nationes

65 3125 163 3199 pistola,
175 3131 254 3210 quod
270 3130 301 3192 in
311 3129 417 3208 Ponto,
431 3129 557 3206 Galatia,
571 3131 646 3213 (lap-
686 3132 723 3194 acl
738 3130 930 3192 christianam
942 3127 1032 3190 tidem
1044 3128 1217 3209 perduxisse
1226 3129 1287 3209 (8).

65 3205 169 3279 padusia
187 3213 271 3293 (Asia
290 3215 430 3294 minore),
449 3215 586 3297 bithynia
603 3217 646 3280 Ε·
687 3215 719 3298 ιι)
745 3213 862 3278 Tacitus
879 3232 935 3276 suo
952 3221 1101 3294 tempore,
1120 3213 1143 3274 ι.
1162 3232 1190 3276 e.
1209 3213 1240 3276 in
1256 3216 1291 3276 h·

65 3294 209 3368 targellum
226 3300 434 3380 promulgarit.
454 3298 596 3380 Reliquos
608 3301 647 3364 A·
687 3319 724 3362 ne
742 3298 855 3362 saeculi
876 3295 978 3381 primi,
1003 3316 1020 3358 r
1040 3296 1191 3376 ingentem
1208 3297 1291 3360 chri·

66 3377 176 3446 postolos
193 3381 262 3444 aliis
286 3383 421 3464 papulis,
440 3393 474 3445 ut
504 3383 644 3461 Parthis,
686 3383 853 3454 stianorum
884 3381 1109 3444 multitudinem
1138 3381 1289 3448 inuentam

65 3448 159 3538 llehis,
175 3463 285 3542 Persis,
304 3466 518 3548 Aethiopibus,
537 3468 599 3530 imo
617 3476 648 3530 et
687 3468 779 3530 luisse
803 3485 820 3528 ι
845 3474 970 3528 testatur
996 3465 1056 3546 (9).
1081 3467 1214 3544 Scirem
1240 3467 1291 3548 qui

65 3533 130 3630 ludis
145 3545 335 3626 Evangclbrm
355 3552 555 3632 praedicasse,
575 3570 647 3633 par·
686 3550 870 3614 Christianos
887 3569 954 3612 cum
978 3548 1098 3618 ludaeis
1115 3551 1289 3628 confundit,

67 3626 107 3682 lin
118 3645 151 3690 ex
167 3633 297 3714 antiquis
313 3636 525 3712 monumentis,
538 3636 646 3717 partim
687 3636 796 3716 inquitc
808 3654 823 3696 r
836 3634 908 3698 Cum
927 3634 1048 3698 interim
1063 3653 1158 3716 usque
1173 3654 1209 3698 eo
1223 3654 1292 3698 con·

67 3718 240 3780 erconslauti
255 3718 414 3780 traditione
426 3721 646 3798 cognoscimus.
686 3719 779 3782 valuit
818 3719 1006 3784 consuetudo
1043 3719 1292 3784 sceleratissimae

67 3782 231 3882 lraedicatio
249 3811 348 3864 autem
359 3803 568 3884 Apostolorum
584 3806 650 3887 plu·
687 3803 796 3882 gentis,
814 3812 848 3866 ut
864 3821 918 3885 per
931 3803 1113 3868 omnesriam
1135 3811 1228 3866 terras
1245 3819 1293 3862 re-

69 3886 143 3966 illilus
157 3883 190 3944 acl
210 3885 297 3948 fidem
324 3885 514 3950 christianam
534 3889 649 3969 perdu-
689 3886 836 3970 replerit,
851 3888 920 3952 vicli
933 3888 1095 3952 uictoribus
1108 3887 1188 3964 leges
1203 3882 1293 3946 dede-

68 3967 109 4052 ιιι.
125 3961 299 4048 Ιιιιιιιιιι
312 3971 344 4036 S.
364 3972 497 4036 Clemens
514 3974 601 4038 Rom.
617 3973 647 4034 iu
688 3981 760 4034 runt
778 3973 847 4052 (lu)
872 3992 902 4038 ι.
922 3974 1042 4038 Plinius
1059 3969 1176 4045 iunior,
1204 3966 1294 4032 Asiae

70 4054 149 4117 lrrrna
165 4051 200 4114 ad
223 4052 391 4118 Corinthios
419 4057 545 4138 epistola
572 4056 649 4120 scri·
689 4057 851 4138 proconsul
885 4058 922 4122 acl
958 4055 1119 4120 Traianum
1151 4051 1291 4134 scripsit:

92 4140 185 4194 theom.
199 4151 236 4210 lu,
251 4153 288 4200 lc.
406 4151 436 4256 (2)
453 4155 502 4200 Col.
518 4151 539 4210 l,
555 4155 578 4200 6.
718 4157 751 4214 til
768 4156 977 4216 molorchaei.

93 4195 118 4257 lh
132 4203 188 4276 tom.
201 4211 221 4265 ι,
238 4211 259 4256 ι,
408 4225 414 4264 r
434 4217 439 4268 ι
457 4213 522 4259 nom.
536 4213 558 4274 ι,
568 4211 607 4260 ιι.
722 4216 752 4274 m
769 4216 792 4262 ι.
808 4217 822 4260 a
837 4215 894 4262 ιιι.
907 4216 973 4274 ecca,
989 4225 1008 4258 e.
1021 4213 1060 4258 ar.

95 4259 119 4312 ιιι
132 4263 184 4312 brat.
198 4281 219 4315 c.
234 4269 319 4328 Tryph.
337 4283 360 4317 n.
377 4270 430 4320 lll'.
722 4277 755 4332 rb)
770 4277 796 4322 1..
812 4273 842 4320 lh
857 4274 944 4330 Annal,
960 4284 973 4317 o
993 4271 1029 4316 ll.

94 4318 122 4373 (bl
133 4321 156 4369 L.
166 4327 175 4372 l
189 4329 240 4376 edu.
256 4329 328 4392 haer,
343 4343 364 4377 c.
380 4331 402 4377 5.
581 4401 590 4406 -
721 4335 770 4392 (lu)
780 4339 822 4390 Ap.
832 4334 926 4390 logon.
937 4333 953 4378 ι.
963 4332 978 4378 u
988 4331 1018 4376 de
1026 4329 1071 4375 Clu.
1081 4329 1134 4382 llel,
1145 4340 1166 4374 c.
1178 4325 1215 4383 ll,
1225 4340 1248 4376 ι.
1258 4328 1295 4376 uu.
