2910 4732
175 208 214 269 to
525 221 719 268 rnraooucrro
741 221 770 264 rr:
792 219 980 266 rucoaoemn

174 305 263 368 Noto.
276 302 358 366 Sient
374 312 486 367 unaest
498 303 738 378 raritas,sicuna
779 301 846 362 ideo
859 301 927 362 illae
946 319 997 382 per
1007 301 1242 364 antonomasiam
1260 305 1382 369 cerita-

135 395 247 449 tantum
266 408 334 450 vera
355 388 546 469 Philosophia
564 387 661 449 datur.
681 385 736 447 Pro
778 395 818 448 tes
833 386 914 464 fidei,
938 403 991 446 seu
1009 388 1147 466 dogtnuto
1163 389 1307 450 eredendo
1325 390 1380 452 di·

133 472 214 538 varia
232 480 331 533 tarmen
347 473 533 551 ingeniorum
554 473 669 532 cultura
684 489 736 531 va·
777 479 896 544 cuntur,
917 477 947 530 et
962 469 1034 531 istae
1047 469 1101 532 sub
1121 470 1240 534 nomine
1262 472 1378 552 officio·-

132 557 178 616 ria
201 555 324 617 diversis
344 557 528 638 temporibus
548 555 735 638 philosophi·
776 571 846 615 rant
861 554 1025 632 Religionis
1044 553 1176 616 veninat.
1195 553 1288 618 Immo
1304 575 1376 619 cum

133 658 168 700 ca
187 650 343 721 systemata
359 652 458 702 exorta
475 649 555 702 sunt.
581 639 660 700 Haec
679 657 735 698 an·
779 637 854 698 Deus
872 639 960 698 etiam
980 637 1058 698 circa
1080 645 1269 718 potestatem,
1293 641 1373 718 iura,

134 731 248 786 temet
284 725 475 805 antiquiora,
511 734 539 786 et
569 721 1130 799 recentiora,etolhciamiuistrorum
1151 736 1374 786 sacrorumva-

132 807 312 887 Theologum
344 824 523 887 cognoscere
548 807 651 881 decet,
671 814 733 866 tum
775 805 1376 882 riarevelaretlignatussit,irleoin'l'heo·

132 902 164 953 ut
178 912 267 974 opera
279 893 455 970 theologica,
467 892 546 952 iuxta
557 892 653 952 varias
666 891 733 970 phi·
775 891 851 968 logia
884 891 1069 951 hierarchica
1096 909 1215 970 quoqne
1234 893 1375 954 veritates

131 976 301 1058 losophicas
320 977 428 1037 lormas
447 975 636 1046 concinnata,
653 983 733 1034 recte
775 973 950 1035 theoreticus
970 984 998 1034 et
1024 975 1165 1053 practicae
1189 975 1373 1056 distinguere

130 1060 308 1138 intelligere,
322 1069 383 1120 tum
399 1069 432 1120 ut
446 1059 642 1132 abiectiones,
654 1075 732 1136 ortae
774 1057 841 1120 lieet
856 1059 915 1134 (lp.
1189 1081 1192 1090 2
1266 1085 1269 1090 ·

129 1161 165 1205 ex
180 1144 389 1224 Philosophiae
409 1143 504 1204 abusu
519 1152 621 1203 contra
647 1141 753 1220 Reli-r
1037 1183 1053 1232 ἱ.
1074 1188 1112 1234 w

129 1229 245 1304 gionem
270 1229 427 1289 revelatam
448 1223 752 1307 proferuntur,rlo·¹
937 1295 940 1302 ,
1026 1210 1049 1304 ’Ϋ
1115 1217 1123 1234 ’

129 1311 191 1374 bito
214 1313 303 1374 modo
322 1313 437 1374 solvere
456 1311 560 1391 possit.
748 1263 752 1416 Ι
903 1295 921 1340 l.
942 1293 1243 1350 tlrcologtnelheorellca'e.
1288 1345 1293 1357 ·

378 1433 408 1506 s·
430 1441 481 1488 η.
748 1419 750 1478 g
812 1395 846 1456 Α.
867 1395 966 1457 Notio.
984 1391 1125 1469 Scientia,
1142 1415 1218 1476 qnae
1231 1398 1371 1462 veritates

748 1479 750 1556 ξ
771 1480 853 1554 tlrlei,
867 1497 918 1540 seu
935 1479 1071 1556 ‹logrnata
1087 1481 1124 1542 rie
1142 1481 1214 1556 Deo,
1230 1491 1260 1543 et
1272 1483 1308 1544 rle
1322 1501 1371 1546 re·

335 1627 339 1634 ,
769 1564 817 1642 gni
837 1563 931 1643 ipsius
946 1564 1066 1624 moralis
1081 1564 1292 1628 constitutione
1306 1585 1372 1629 cro-

169 1645 272 1709 Omnis
283 1645 396 1726 Religio
414 1648 588 1710 veritatibus
603 1647 684 1724 lidei,
700 1657 729 1709 et
769 1649 865 1710 detrita
888 1657 1059 1727 pertractat,
1080 1657 1108 1709 et
1126 1659 1228 1714 contra
1246 1652 1368 1730 opposi-

129 1732 233 1794 olhciis
250 1733 367 1812 pietatis
384 1735 564 1794 continetur.
580 1732 651 1795 Coro
670 1753 726 1793 au·
769 1742 814 1793 tos
832 1749 950 1793 errores
963 1731 1095 1794 detenuit
1116 1733 1269 1814 Theolopio
1286 1735 1368 1798 theo·

128 1825 186 1877 tem
195 1815 310 1894 Religio
321 1817 466 1878 naturalis
479 1817 662 1878 insufficiens
675 1819 725 1894 sit,
768 1817 859 1878 retice
876 1817 1053 1897 appellator.

129 1901 194 1960 ideo
207 1899 285 1962 Deus
295 1899 477 1978 Religionem
495 1903 652 1962 revelatam
669 1921 725 1962 no·
809 1900 842 1962 R.
852 1901 967 1962 Divisio
980 1919 1014 1960 ex
1029 1901 1093 1979 ipsa
1106 1900 1366 1979 dohrritionelluit3

129 1983 394 2059 bisbeniguissime
409 1986 659 2059 commonacum
674 2005 725 2046 re·
767 1983 829 2045 abit
853 1985 932 2045 enim
961 1983 1121 2062 Theologia
1152 1986 1313 2049 theoretica
1336 1987 1367 2048 in

127 2069 223 2129 citatis
240 2069 320 2140 littei,
332 2089 407 2149 queis
420 2070 591 2132 theoreticae
605 2079 723 2147 vocant,
766 2069 960 2148 dogmaticam
978 2077 1007 2128 et
1022 2069 1203 2148 polemicam.
1222 2097 1223 2100 ¹

128 2162 188 2214 tum
208 2154 302 2213 othcia
315 2153 433 2233 pietatis
443 2171 495 2213 seu
508 2154 646 2214 veritates
656 2171 727 2233 pro-
810 2154 838 2213 l.
864 2153 1018 2232 Theologio
1032 2154 1196 2232 dopmotico
1207 2161 1251 2216 est
1266 2153 1368 2216 scien-

127 2238 213 2298 cticos
234 2237 443 2298 rnaoilestarit.
457 2235 492 2298 Ut
506 2245 604 2298 autem
622 2239 727 2298 verita·
768 2237 818 2310 tia,
841 2255 917 2316 quae
936 2237 1073 2298 veritates
1097 2236 1259 2316 Religionis
1281 2255 1367 2300 reve·

127 2319 393 2399 teshdeipuraeah
405 2321 545 2382 omnibus
557 2329 723 2396 teneantur,
765 2321 842 2381 latae
860 2319 1037 2382 theoreticus
1055 2321 1178 2400 colligit,
1199 2321 1254 2383 rite
1269 2323 1369 2402 dispo·

126 2405 723 2484 etolliciapietatissolerterexerceantur,
766 2407 820 2478 nit,
842 2405 919 2464 clare
938 2405 1083 2484 explicat,
1103 2415 1131 2468 et
1163 2406 1257 2468 solide
1281 2425 1367 2468 corn-

127 2489 364 2567 sapientissimus
382 2488 535 2564 religionis
554 2491 662 2550 Auctor
677 2507 724 2552 ec·
764 2489 880 2569 probat.
1210 2517 1213 2521 ·

126 2573 724 2648 clericaturamhierarch-lominstituit,seu
769 2589 773 2597 ¹
807 2573 837 2633 ⁹2.
864 2573 1018 2652 l'hcolopin
1040 2573 1182 2653 polemico
1200 2582 1244 2634 est
1266 2573 1368 2634 scien-

126 2674 229 2728 sacros¹
247 2655 396 2720 Ministros
419 2657 576 2732 ordinavit,
593 2659 643 2736 qui
661 2667 723 2718 tum
766 2656 818 2732 tia,
839 2675 916 2736 qnae
934 2672 1051 2718 errores
1071 2655 1217 2734 Religioni
1242 2658 1367 2738 opposi-

125 2741 285 2820 imperent,
302 2750 362 2800 turn
376 2741 512 2816 doceant,
534 2751 602 2802 turn
612 2741 723 2803 cultum
766 2751 810 2800 tos
829 2741 940 2818 detegit
959 2759 992 2800 ac
1012 2741 1131 2816 refellit,
1152 2751 1241 2820 atque
1259 2741 1367 2802 adver-

126 2836 281 2886 externum
296 2825 434 2902 dirigant.
455 2823 651 2906 -Spectata
673 2844 723 2886 er·
764 2825 910 2886 sariorum
930 2823 1113 2884 abiectiones
1131 2825 1229 2886 diluit.

124 2927 162 2986 go
186 2907 384 2970 Revelatiouis
413 2908 535 2969 materia
562 2907 724 2986 Theologia
804 2911 894 2971 Noto.
910 2907 1248 2986 Theologiaclogmatica
1265 2909 1367 2990 aqui-

126 2993 265 3072 speelalis
282 2993 375 3053 tribus
389 2991 523 3072 partibus
534 3001 659 3081 cepstat,
673 2995 722 3053 ni·
764 2991 886 3053 busdam
906 2993 1021 3066 thetica,
1042 3011 1095 3053 sen
1110 2993 1288 3072 speculativo
1307 3013 1366 3054 no-

125 3077 233 3136 mirum
263 3077 292 3138 l.
322 3077 475 3156 Taootopto
496 3077 661 3148 theoretico,
689 3078 719 3138 R.
764 3078 904 3144 minatur.
935 3075 1146 3154 hTheologia
1179 3077 1366 3153 ‹logrnatico-
1411 3077 1412 3082 ’

127 3161 431 3240 Tnootoptoprocctca
445 3161 474 3222 3.
496 3160 721 3240 llteologioln'e·
764 3161 909 3240 polemico
929 3160 1066 3220 nonnulli
1090 3169 1251 3242 secernunt
1266 3160 1366 3224 t'retti-

125 3246 273 3306 rorchicn.
763 3262 838 3320 com,
859 3244 1372 3324 quaeaopacemimeruissidcn:
1453 3311 1454 3314 Ἴ

165 3330 252 3390 Noto.
263 3326 313 3388 Sat
325 3327 492 3389 communis
504 3336 548 3390 est
559 3329 664 3390 divisio
675 3349 722 3390 ve·
765 3336 807 3388 tes
818 3329 968 3388 uariarum
979 3326 1164 3404 Religionum
1176 3337 1278 3388 coetus
1293 3345 1368 3388 con-

124 3412 243 3472 citatum
263 3410 425 3488 Religionis
444 3411 474 3472 in
492 3413 673 3489 theoreticus,
693 3424 722 3475 et
763 3411 921 3472 cilianrlam
942 3419 1002 3472 tota
1021 3418 1190 3490 comparata
1213 3419 1268 3472 est.
1291 3410 1365 3474 Cerri

122 3497 285 3576 practicos;
303 3497 371 3556 illae
394 3503 528 3576 spectant
551 3497 721 3558 immerliate
750 3505 862 3556 ¹autem
879 3494 1039 3572 Tlreologia
1054 3495 1200 3574 pulcinico
1220 3513 1278 3556 non
1299 3495 1364 3556 liti-

125 3579 241 3640 obiecta
260 3579 346 3655 hdei,
366 3579 427 3640 sive
455 3579 571 3642 obiecta
589 3580 722 3658 Religio·
763 3581 852 3657 gandi
874 3598 963 3640 cansa
983 3579 1172 3658 suscipiatur,
1190 3579 1242 3640 seri
1266 3587 1297 3640 ut
1325 3579 1364 3640 sr-

125 3664 171 3724 nis
196 3664 365 3738 eredenda3
399 3663 455 3724 hae
487 3683 555 3725 vero
588 3672 721 3744 spectant
763 3665 843 3725 ‹leles
860 3663 896 3723 ab
916 3663 1067 3725 erroribus
1079 3671 1317 3742 praeserventur,
1335 3671 1367 3724 ct

124 3746 721 3824 immediateolliciaReligioniS,sirecle-
765 3747 935 3808 heterodoxi
961 3746 998 3806 acl
1028 3746 1160 3806 veritatis
1181 3746 1365 3823 agnitionem

126 3831 286 3892 terminant
297 3832 468 3892 exercitium
481 3829 653 3906 Religionis.
666 3829 722 3893 Ve-
763 3833 956 3905 reducantur,
966 3829 1033 3890 ideo
1047 3847 1114 3890 cunr
1130 3829 1243 3891 irenica
1253 3849 1366 3892 conre-

124 3915 227 3975 ritates
250 3915 369 3996 quidem
391 3915 569 3976 theoreticae
587 3915 674 3977 etiarn
693 3916 722 3974 in
764 3917 828 3976 nire
845 3913 971 3994 ridetur.

125 3999 296 4060 exercitium
306 3998 467 4075 Religionis
480 3997 620 4072 inllount,
633 4009 660 4058 at
671 4017 721 4058 re·
805 3998 837 4060 C.
860 3999 1054 4063 illoricatum.
1074 3994 1103 4058 Si
1123 3995 1244 4078 quaeris
1262 3996 1366 4058 scien·

124 4085 227 4144 ritates
254 4083 399 4164 practicae
417 4082 504 4142 sirnul
528 4081 616 4141 etiam
637 4081 722 4142 obie-
764 4083 805 4144 tia
823 4102 857 4142 eo
876 4081 1005 4142 nobilior
1023 4091 1066 4142 est
1086 4101 1144 4162 quo
1164 4081 1366 4162 praestantio-

126 4177 173 4226 cta
198 4168 265 4228 titlei
291 4169 430 4229 existunt.
455 4163 598 4234 Quoniam
624 4175 722 4225 autem
765 4186 810 4226 res
828 4167 858 4226 in
881 4165 932 4226 illa
961 4167 1098 4226 veritates
1132 4173 1364 4244 pertractantur,

125 4250 193 4310 illae
212 4253 345 4331 proxime
370 4247 582 4322 cognitionem,
597 4246 652 4308 hae
670 4269 721 4308 re·
764 4251 831 4332 quis
849 4249 1015 4322 dubitabit,
1037 4249 1221 4328 'l'lteolopt'om
1240 4248 1367 4329 dogma-

125 4331 723 4410 roeaercitinmReligionisdeterminant,
793 4355 826 4414 pp
842 4353 874 4401 cr,
890 4356 967 4402 intest.
983 4353 1050 4400 rom.
1063 4357 1078 4400 1.
1090 4353 1109 4413 g.
1124 4352 1174 4426 15.Λ

226 1547 251 1591 Β.
267 1546 343 1592 l‘artes
358 1545 500 1606 'theologiae
515 1547 628 1605 specialis.
