2918 4734
433 151 506 198 rens
537 151 570 197 u.
591 149 692 198 suerro
710 150 731 196 r.
751 150 845 197 curor
862 150 894 197 rr.
1194 134 1252 198 tte

74 228 201 312 liomptm
213 249 259 296 me
272 232 506 314 depcccotoll)l
520 232 584 297 lrno
597 240 644 294 et·-
682 231 821 312 spiratos‚
838 238 929 312 atque
945 229 1013 294 itta
1030 227 1147 312 Spiritu
1163 227 1193 293 S.
1213 231 1293 296 dire·

73 315 118 376 iam
132 315 157 376 in
172 317 288 397 publico
306 318 418 379 iudicio
429 315 579 397 principes
594 333 645 378 co·
683 323 747 377 ctos
764 314 869 390 tuisse,
890 324 921 376 ot
935 334 952 376 a
965 315 1092 377 veritate
1110 315 1251 378 aberrare
1265 326 1292 379 et

70 401 209 473 nodotum,
228 409 256 464 et
274 419 358 463 omne
379 400 537 464 concilium
553 417 645 480 puoe·
683 399 758 460 lalsa
773 399 905 478 prolerre
921 398 1006 460 nullo
1023 399 1113 460 modo
1129 400 1292 478 potuerint.

68 483 590 563 rclootsolecmtestimoniumeontro
601 485 646 548 ls-
683 481 831 554 Quoniam
844 492 944 544 autem
959 481 1135 544 adhuocum
1156 482 1293 546 incredu-

67 575 170 642 termut
185 586 251 631 eum
267 568 359 632 morti
369 570 536 644 truderent,
547 575 574 630 et
587 585 647 630 nou
684 567 721 629 lis
740 565 886 644 agendum
900 574 957 642 est,
978 566 1029 646 qni
1048 565 1180 626 divinam
1199 566 1294 648 inspi-

67 649 233 728 iooeneroct,
245 669 311 716 mom
323 653 491 735 muldsulsi
501 659 583 716 testes
593 668 646 716 oc·
685 649 831 712 rationem
850 669 909 711 non
923 649 1097 725 admittunt,
1116 667 1221 712 eorum
1235 651 1293 714 ob·

66 735 256 818 tesiucnlli).
269 736 341 800 Cum
355 747 453 799 autem
466 755 554 800 nemo
569 735 646 796 iudi-
685 733 829 796 iectiones
852 733 942 796 etiam
969 732 1154 812 argumentis
1180 734 1293 799 criticis

66 817 328 898 candussitmelus,
344 820 402 882 nisi
418 819 646 902 probetur,ipsa
685 817 869 880 refellendae
891 824 971 880 sunt.

65 902 195 965 caussatio
208 904 360 986 prohihet,
369 904 529 986 quominus
542 904 579 966 de
589 903 647 965 illi·
729 901 793 966 ool,
817 902 846 964 l.
869 899 1002 983 Apostoli
1023 901 1115 968 multa
1134 909 1290 980 enarrant,

66 982 137 1048 halae
151 988 314 1050 sanctitatis
332 989 395 1050 viro
414 987 550 1064 dicatur,
566 987 646 1069 quod
686 985 795 1068 quibus
814 994 985 1066 praesentes
1011 1003 1070 1046 nort
1100 984 1233 1060 suerunt,
1260 996 1293 1050 et

67 1065 91 1128 in
106 1087 132 1130 re
147 1071 311 1149 gravissimi
338 1071 482 1134 momenti
504 1071 645 1152 decepto·
686 1087 763 1150 quae
779 1070 857 1132 scire
873 1088 933 1131 non
952 1075 1124 1150 potueruut:
1139 1071 1210 1132 talis
1222 1079 1293 1134 suut

66 1168 117 1212 ren
132 1156 227 1231 egerit.
249 1155 352 1218 Eidem
369 1155 537 1236 deceptioni
550 1155 647 1217 obstat
686 1171 763 1234 quae
778 1153 814 1216 de
832 1152 941 1217 Christi
961 1151 1099 1230 infautia,
1116 1153 1154 1215 de
1169 1154 1232 1216 eius
1244 1153 1294 1216 ba·

67 1233 92 1294 i·
105 1246 205 1302 natrano
218 1239 380 1319 sectorum,
392 1240 428 1300 de
440 1239 551 1321 quihus
564 1238 646 1320 Apo·
687 1237 797 1318 ptisruu
813 1245 843 1300 et
858 1237 983 1310 ieiunio,
999 1236 1037 1298 de
1053 1238 1119 1299 cius
1131 1237 1291 1316 transfigu-

67 1321 120 1382 stoli
135 1322 335 1385 testimonium
351 1323 469 1400 ierunt,
483 1341 550 1384 cum
565 1322 645 1384 enim
686 1321 802 1383 ratione
825 1330 854 1384 et
874 1322 1014 1404 passione
1029 1330 1085 1384 etc.
1111 1321 1143 1384 iu
1157 1321 1291 1399 Evange-

67 1403 187 1468 miracula
197 1407 321 1483 Christi,
333 1407 371 1469 de
384 1423 511 1489 quorum
523 1406 646 1468 ueritate
687 1405 735 1466 liis
753 1405 935 1467 reseruntur:
952 1405 982 1466 in
997 1405 1043 1466 his
1060 1423 1129 1484 ergo
1145 1405 1183 1467 ob
1196 1405 1291 1468 scien·

67 1485 182 1552 historica
195 1491 359 1573 praecipue
376 1491 542 1571 quaeritur,
556 1508 646 1570 opera
687 1489 746 1557 tiae
763 1488 910 1551 delectum
929 1488 1014 1550 hdem
1031 1507 1091 1551 non
1105 1499 1268 1552 merentur.

67 1579 165 1634 esterna
182 1574 305 1656 luerint,
320 1584 349 1636 et
361 1574 425 1636 sine
441 1574 645 1655 praeparatio·
728 1574 813 1654 Resp.
827 1573 961 1654 Apostoli
980 1572 1069 1648 iacta,
1086 1573 1196 1653 qulbus
1209 1591 1287 1655 prae

66 1671 103 1729 ue,
120 1657 200 1735 plena
222 1659 307 1737 lucc,
325 1658 426 1720 multis
441 1657 645 1739 spectantibus
686 1664 785 1718 sentes
804 1676 861 1718 non
884 1657 1015 1732 luerunt,
1041 1675 1058 1717 a
1076 1657 1202 1718 testibus
1224 1677 1292 1720 om·

66 1740 232 1818 contigerint,
250 1742 385 1823 deceptio
402 1743 489 1822 plane
504 1741 645 1821 impossi·
685 1741 716 1800 ui
735 1740 909 1821 exceptione
934 1740 1098 1803 maioribus
1117 1741 1308 1813 audieruut„

66 1818 118 1883 bilis
135 1825 197 1889 luit.
214 1825 292 1888 Huic
311 1826 407 1888 obstat
425 1826 457 1888 3ο
474 1826 586 1887 indoles
600 1825 645 1888 A·
685 1821 767 1894 Quae
786 1825 817 1886 in
835 1823 942 1888 Christi
956 1824 1165 1904 conceptione,
1186 1826 1293 1887 nativi·

64 1907 234 1986 meldorum,
262 1909 313 1990 qui
330 1927 398 1971 cnm
422 1919 542 1991 propter
558 1908 644 1973 Chri·
686 1917 745 1970 tate
759 1918 789 1970 et
806 1908 934 1970 infantia
951 1908 1182 1985 contigerunt,a
1200 1907 1291 1972 Maria

66 1992 645 2076 ummammwmeummpffl
684 1989 1288 2073 mmmmmmmmmmmmcm

67 2069 230 2155 debuerunt,
247 2077 360 2158 absque
377 2076 468 2138 dubio
487 2076 579 2158 probe
597 2086 646 2138 et·
684 2075 1084 2156 Apostolisconversabatur.
1097 2074 1179 2147 Quae
1194 2075 1223 2138 in
1241 2077 1291 2140 ba·

67 2157 213 2237 tenderunt,
222 2181 262 2222 en
274 2180 333 2222 non
347 2161 376 2222 iu
393 2161 477 2222 sactis
490 2161 584 2240 ipsius
596 2180 647 2223 ex·
686 2161 794 2239 ptismo
806 2158 915 2223 Christi
927 2168 1102 2235 evenerunt,
1116 2170 1195 2222 certe
1207 2160 1292 2224 loen-

65 2242 248 2306 tmordinariis
266 2245 366 2326 alique
384 2244 519 2325 deceptio
537 2244 644 2307 subsit.
686 2262 739 2304 nes
757 2243 912 2324 discipulis
925 2243 988 2306 suis
1004 2245 1145 2322 narravit,
1163 2263 1291 2325 quorum

66 2317 214 2407 deceptioni
231 2329 361 2409 denique
380 2328 478 2390 obstat
496 2328 646 2391 beltona-
687 2327 1291 2408 pleriquerrlstoseadiunxerantChri·

65 2413 111 2468 cler
125 2412 362 2476 aduersariorum
379 2412 503 2486 Christi,
521 2413 571 2493 qui
583 2414 646 2475 zelo
685 2420 749 2472 stus
767 2430 855 2492 porro
878 2411 942 2493 ipse
965 2411 1120 2493 discipulis
1143 2412 1205 2474 suis
1226 2432 1292 2475 ma·

66 2497 87 2548 ot
100 2491 180 2558 litore
194 2496 295 2569 ducti,
315 2515 419 2558 omnes
442 2496 536 2577 ipsius
554 2497 647 2558 actio·
686 2494 836 2556 niiestavit
852 2515 928 2577 quae
944 2496 1022 2558 lacte
1034 2505 1104 2557 sunt
1115 2496 1147 2558 iu
1159 2497 1290 2575 deserto,

67 2589 108 2634 nes
123 2596 175 2646 non
193 2581 292 2642 solum
306 2579 647 2656 diligentissimeobser·
687 2579 732 2640 vel
750 2580 780 2640 in
804 2580 871 2642 aliis
889 2581 1006 2655 locis‚a
1025 2580 1134 2660 qulbus
1153 2580 1291 2644 absentes

66 2669 167 2739 tarent,
182 2664 235 2726 sed
256 2663 339 2726 etde
359 2664 424 2726 istis
441 2664 574 2726 lonenses
597 2664 647 2726 in·
687 2662 816 2725 luerent.
829 2663 1000 2726 Passionem
1012 2663 1121 2726 Christi
1140 2682 1245 2741 magna
1258 2684 1291 2726 er

66 2741 218 2817 quisitlones
234 2747 447 2823 instituerunt,
471 2756 560 2828 atque
577 2747 646 2810 idco
687 2756 769 2827 parte
789 2746 984 2810 observarunt
996 2747 1112 2821 Petrus,
1127 2748 1179 2826 poi
1192 2765 1211 2809 o
1226 2748 1291 2809 lon·

66 2837 106 2898 pro
118 2845 165 2892 sua
179 2832 341 2910 sagacitate
361 2831 509 2908 trondem,
528 2831 552 2893 si
568 2851 645 2912 quae
684 2829 844 2911 pascendus
862 2840 903 2894 est
921 2849 989 2894 eum
1004 2849 1094 2910 oeque
1108 2831 1188 2893 intro
1203 2831 1238 2892 in
1254 2848 1291 2893 o-

66 2903 200 2990 latoisset,
219 2915 386 2978 certissime
414 2914 594 2978 detexissent
616 2925 646 2979 et
685 2915 779 2978 trium
793 2916 903 2978 srtmmi
918 2917 1075 2979 sacerdotis
1084 2915 1143 2994 (3),
1164 2913 1292 2977 etloan·

66 2991 163 3066 publice
175 2998 428 3062 manifestassent:
444 2998 474 3060 id
487 3008 585 3062 autem
598 3001 645 3062 la·
684 3016 737 3060 nes
754 3001 805 3080 qui
824 3019 891 3060 cum
911 2998 1001 3060 illaria
1023 3006 1116 3061 matre
1128 2998 1194 3060 lesu
1206 2997 1289 3060 iuxta

66 3080 128 3138 ctum
142 3080 244 3157 luisse,
258 3101 292 3144 ex
307 3082 389 3143 nullo
403 3082 524 3163 antiquo
540 3101 645 3146 monu·
684 3101 802 3145 crucem
825 3083 907 3146 stetit
919 3082 980 3164 (d);
1000 3091 1154 3164 praeterea
1168 3100 1290 3145 aerum·

65 3168 145 3222 mento
162 3165 277 3229 ostendi
303 3174 409 3258 potest.
437 3165 528 3228 Recte
556 3166 645 3244 igitur
684 3185 740 3230 nae
751 3165 860 3229 Christi
872 3167 1009 3247 publicae
1025 3175 1123 3244 erant,
1136 3165 1290 3229 omnibus·

66 3245 242 3324 concluditur,
261 3249 419 3333 Apostolos
436 3251 468 3313 iu
491 3251 546 3327 iis,
567 3270 644 3331 quae
683 3269 742 3331 que
762 3261 861 3312 notae.
881 3249 975 3322 Quam
996 3249 1087 3330 impie
1106 3259 1220 3330 ergoet
1238 3252 1296 3322 in·¹

65 3339 174 3406 narrant,
193 3333 366 3396 nullatenus
380 3333 521 3414 deceptos
537 3333 641 3398 luisse.
683 3335 779 3415 sipide
790 3333 950 3396 adversarii
958 3343 1205 3412 argumentantur
1216 3335 1290 3399 dum

73 3410 644 3504 ⁶liutmNonnnlliexsecentlorlbuslle-
683 3418 1292 3500 dicunt,hpostoloseaquibuspraesen·

66 3487 160 3567 beronis
175 3501 355 3564 christianae
373 3501 561 3577 adversariis,
575 3521 642 3564 cum
684 3509 728 3564 tes
747 3521 807 3565 non
825 3503 947 3565 luerunt
965 3502 1042 3565 scire
1062 3523 1122 3565 non
1143 3504 1289 3583 potuisse,

66 3589 442 3662 cognoscerentargumente
457 3585 645 3667 prohposto·
683 3595 713 3648 et
735 3586 911 3650 identidem
934 3587 1150 3652 nonmereri‘l
1173 3585 1203 3650 Si
1225 3587 1291 3650 talis

68 3654 141 3726 brun
156 3668 324 3731 sinceritate
340 3678 397 3731 tam
411 3669 508 3732 valida
522 3689 600 3747 esse,
612 3680 643 3732 ut
683 3671 835 3734 conclusio
854 3671 976 3747 valeret,
990 3672 1088 3752 qualis
1105 3681 1184 3734 esset
1201 3670 1293 3732 histo·

67 3745 643 3835 mmmmmmfflmnWQMAm
684 3755 1293 3837 mmmwdmmmmfflmmmm

68 3839 107 3887 tto
121 3843 217 3898 contro
234 3837 406 3900 eorumdem
426 3837 582 3910 scientiam
600 3839 644 3900 di·
684 3839 845 3900 reteri-

67 3922 190 4006 rexerunt.
203 3917 284 3991 Quae
295 3929 393 3982 eutem
408 3921 477 3984 huic
489 3930 644 4003 opponunt
726 3923 790 3987 Obi.
803 3922 834 3985 2.
849 3921 962 3986 babilis
978 3933 1024 3986 est
1038 3921 1180 3986 momoria
1194 3919 1293 3980 homi-

68 3987 181 4064 hullime
202 4005 380 4066 refelluntur
404 4005 429 4066 si
451 4008 641 4081 attendetur,
683 4007 936 4086 num,quieorum
946 4025 1149 4088 quoquequae
1160 4003 1293 4084 propriis

70 4081 255 4151 quoodinserius
269 4089 456 4169 probabitur,
473 4109 580 4170 nempe
592 4110 644 4152 au·
683 4090 1293 4166 oculisriderunt‚iacileobliviscuntur,et

69 4167 144 4240 olores
161 4171 301 4235 librorum
318 4171 353 4234 N.
374 4171 408 4234 Τ.
432 4173 574 4236 divinitus
593 4174 642 4236 in·
682 4176 973 4255 postallquotannos
983 4173 1197 4244 laotaomnino
1207 4171 1294 4238 aliter

85 4263 268 4337 tillonem.
328 4277 360 4335 tar
376 4279 507 4330 noctuae.
523 4281 612 4328 eoos.
699 4271 827 4348 'estune
845 4280 935 4341 tuse.
991 4278 1025 4337 ‚tu
1041 4280 1073 4325 ιο.
1089 4279 1128 4338 m,
1144 4279 1183 4326 eo.
