2918 4734
203 202 244 269 hb
598 217 784 268 rnuoeoemu
805 219 967 266 amentias

163 306 208 362 tra
219 300 352 363 omnium
366 302 543 384 scriptorum
557 310 763 382 asserta,con·
779 301 783 376 l
803 305 939 375 nuatum,
955 296 1021 361 lieri
1040 317 1228 380 nequaquam
1247 297 1361 381 potuit,
1377 309 1412 364 ut

162 391 207 444 tra
214 383 334 465 publica
349 387 451 467 populi
462 385 571 447 iudaiei
584 401 763 446 monumen·
800 387 894 442 'uinum
910 399 1034 461 reguum
1046 383 1134 444 alteri
1149 391 1208 444 tum
1221 383 1317 462 gravis
1335 403 1412 446 rno-

163 474 204 542 ta‚
223 477 326 530 contra
344 469 614 531 lasciuissimarum
629 465 761 546 Religio·
801 465 894 526 menti
905 465 1037 527 fraudem
1050 465 1411 547 imponeret‚velutrum-

94 623 98 628 .
162 548 208 611 nis
231 557 293 612 tum
319 551 473 624 iudaicae,
494 562 555 614 tom
574 551 762 613 christianae
800 567 859 630 que
870 549 1022 611 communi
1034 549 1188 630 impostori
1200 567 1287 612 suum
1301 569 1398 613 ossen

161 631 291 695 bostium
304 635 577 717 consessionespost
592 635 647 696 tria
661 644 762 696 etam·
799 651 864 694 sum
882 632 1049 715 praeheret.
1069 635 1176 699 Modus
1192 652 1324 716 quoque,
1343 655 1411 716 quo

161 715 238 796 plius
249 737 394 780 annorum
404 720 496 781 millia
507 719 686 780 nihilvalere
694 737 761 800 pos·
798 716 964 797 suppositio
983 717 1071 794 lacta,
1088 725 1118 779 et
1135 727 1196 778 tota
1211 721 1291 780 natio
1303 718 1334 780 in
1353 737 1410 782 er-

160 810 229 861 suut
248 820 409 883 paucorum
434 803 631 883 scepticorum
655 802 758 863 conie-
798 816 894 862 rorem
906 801 1025 862 inducta
1035 801 1102 876 luit,
1112 801 1253 882 explicari
1263 820 1324 863 aon
1336 813 1411 883 pot-

159 893 261 947 cturae
274 895 310 948 ‘el
328 885 563 948 cavillationes.»
711 933 714 942 .
797 894 853 945 est.
869 883 941 946 Nam
957 884 981 944 si
1000 885 1030 946 in
1046 885 1179 962 ingressu
1194 884 1407 948 israelitarum

201 968 231 1030 3.
250 969 363 1034 Critiae
376 970 539 1050 reflexione
552 967 649 1052 priora
667 987 758 1048 argo-
796 967 826 1029 in
845 967 1041 1029 Palaestinam
1057 967 1287 1044 Pentateuclrus,
1302 969 1407 1034 histo·

159 1061 259 1113 menta
280 1053 521 1115 corroborantur.
540 1051 612 1114 Nam
634 1053 658 1114 si
673 1052 757 1134 'hloy-
796 1051 869 1112 riam
882 1061 911 1112 et
922 1051 1135 1130 legislationem
1145 1053 1241 1131 gentis
1252 1051 1407 1130 hebraeae

157 1143 204 1196 ses
230 1134 424 1201 Pentateuchi
449 1145 553 1198 auctor
574 1155 632 1197 non
659 1147 755 1213 esset,
796 1136 964 1212 continens,
984 1135 1090 1211 extitit,
1111 1146 1214 1198 auctor
1228 1137 1310 1198 illius
1325 1157 1406 1219 pro·

156 1220 392 1300 suppositionem
413 1221 519 1282 laetam
540 1220 643 1296 luisse,
658 1221 757 1282 dicen·
795 1219 935 1280 culdubio
963 1219 1184 1296 sacerdotibus,·
1213 1220 1406 1301 principibus

157 1301 227 1364 dum
244 1304 330 1366 soret.
346 1304 441 1366 Huius
455 1313 554 1366 autem
572 1305 756 1384 suppositio·
795 1311 823 1364 et
839 1303 951 1364 nationi
967 1311 1054 1365 notus
1065 1304 1131 1382 luit;
1146 1313 1175 1365 et
1187 1304 1324 1366 mutandi
1338 1325 1406 1375 11⁰-
1449 1379 1452 1386 Ι

157 1387 203 1448 nis
217 1404 270 1450 aec
285 1396 389 1451 urrctor
405 1389 565 1470 ossipnari,
579 1405 632 1451 nac
646 1396 757 1469 tempos
796 1386 885 1448 minis
900 1388 1056 1463 necratio,
1071 1405 1126 1449 nec
1139 1388 1243 1450 modos
1258 1399 1403 1469 apparet.
1449 1410 1453 1418 ·

155 1471 371 1549 determinari,
402 1489 455 1534 nec
481 1474 585 1534 modus
609 1473 757 1552 conplicari
795 1467 825 1531 Si
840 1481 938 1533 autem
955 1479 1024 1532 tunc
1039 1471 1256 1534 Pentateuchus
1271 1493 1331 1534 non
1350 1493 1406 1536 ex·

157 1561 273 1632 potest,
292 1555 344 1616 sed
363 1556 463 1617 omnia
482 1557 581 1638 potius
606 1557 671 1616 eius
696 1557 755 1617 im·
796 1554 865 1630 ririt,
879 1556 924 1616 vel
939 1556 1042 1617 saltem
1057 1555 1175 1635 ignotus
1187 1557 1253 1630 luit,
1265 1576 1405 1638 quomo·
1453 1553 1456 1562 ’

156 1637 401 1720 possibilitatem,
420 1640 465 1700 vel
485 1657 632 1700 summam
650 1640 754 1720 saltem
794 1637 831 1698 do
846 1639 986 1718 deceptor
1003 1639 1208 1701 auctoritatem
1229 1641 1316 1702 talem
1336 1643 1405 1704 sihi
1448 1637 1453 1675 ³

154 1720 357 1783 difficultatem
375 1723 544 1786 ostendunt.
561 1722 656 1785 Probe
674 1725 753 1786 enim
794 1723 954 1784 conciliare
973 1732 1106 1802 poterat,
1125 1732 1157 1783 ut
1182 1724 1315 1803 integrae
1337 1745 1403 1788 na·
1449 1725 1454 1742 ⁷

156 1805 319 1866 notandum
345 1816 411 1884 est,
430 1806 662 1870 pentateuchum
692 1815 753 1870 tum
794 1805 867 1867 tioni
884 1807 975 1868 libros
992 1808 1063 1869 tales
1078 1805 1260 1883 obtruderet,
1276 1809 1308 1869 iu
1323 1811 1403 1890 qui·
1447 1823 1452 1846 ³

155 1887 308 1951 historiam
330 1891 483 1953 continere
514 1889 754 1953 Patriarcharum
794 1889 849 1950 hos
868 1891 947 1968 leges
964 1890 1133 1952 carnalibus
1152 1891 1402 1956 hominibusad-
1449 1895 1453 1908 '

121 2040 124 2051 ¹
154 1981 187 2035 et
209 1973 339 2036 nationis
367 1975 532 2049 hebraeae,
551 1975 588 2036 de
614 1993 672 2056 qua
694 1995 762 2038 non
795 1974 913 2035 modurn
946 1968 1038 2036 durae
1070 1975 1332 2055 praescribuntur,
1370 1989 1405 2041 et
1445 1978 1449 1986 '

154 2075 250 2136 pauca
265 2058 296 2118 in
314 2057 445 2120 eiusdem
463 2058 592 2120 dedecus
603 2061 754 2136 vergentia
794 2059 886 2120 multa
905 2059 936 2123 in
955 2076 1092 2136 magnum
1112 2059 1264 2120 israelitici
1289 2065 1401 2142 populi
1445 2089 1451 2138 ¹.

153 2149 321 2218 narramur,
335 2151 398 2203 tum
409 2141 752 2222 etiameonstitutionem
792 2140 921 2204 dedecus
935 2143 1084 2220 vergentia
1098 2143 1275 2204 narrantur?
1287 2143 1404 2208 Notio·
1445 2163 1457 2196 ι

153 2241 318 2306 proponere
332 2226 498 2304 religiosam
521 2233 550 2288 et
571 2225 685 2287 civilem
698 2229 752 2289 ad·
792 2225 822 2285 ui
840 2235 933 2302 certe,
950 2227 993 2288 vel
1014 2226 1117 2288 saltem
1139 2227 1270 2289 eiusdem
1289 2247 1403 2293 sacer·
1445 2265 1455 2281 1·

152 2308 272 2370 modum
292 2310 408 2386 duram,
428 2314 585 2390 quactum
605 2307 752 2373 Sacerdo-
792 2309 922 2386 dotibus,
935 2309 1061 2371 ducibus
1073 2318 1101 2372 et
1114 2311 1297 2392 principibus
1309 2313 1404 2389 igno·
1449 2327 1457 2384 ς

153 2391 232 2454 tibus
247 2400 276 2456 et
293 2392 415 2471 Levitis,
433 2403 493 2454 tum
510 2393 671 2470 iudicibus,
688 2404 751 2456 tum
793 2401 853 2454 tum
873 2414 937 2456 esse
956 2413 1015 2455 non
1035 2402 1159 2475 poterat,
1177 2413 1214 2456 aa
1229 2393 1342 2475 Moyses
1360 2417 1399 2458 a·
1448 2411 1452 2448 2

151 2476 232 2536 omni
247 2479 361 2558 'populo
381 2477 476 2539 officia
494 2487 539 2539 sat
554 2479 647 2539 ardua
663 2497 750 2558 prae·
792 2477 872 2556 liqua
894 2477 1123 2559 conscripserit,
1144 2496 1199 2538 nec
1221 2497 1276 2540 ne:
1297 2497 1403 2558 quare
1445 2495 1456 2548 ’,

150 2559 264 2621 scribit.
284 2559 355 2632 Quis
373 2579 455 2640 ergo,
473 2561 498 2622 si
513 2559 626 2642 Moyses
640 2561 753 2630 Penta·„
791 2569 849 2621 tam
865 2563 975 2624 celeliii
990 2563 1051 2623 viro
1067 2569 1169 2622 contra
1185 2561 1319 2640 integrae
1335 2583 1401 2626 na·
1448 2581 1453 2620 ;

150 2643 291 2704 teuchum
308 2663 366 2705 uou
382 2645 570 2726 conscripsit,
586 2645 680 2726 ipsius
692 2665 750 2709 nu·
792 2644 880 2706 tionis
892 2645 1077 2708 traditionem
1090 2663 1164 2725 opus
1174 2646 1306 2725 spurium
1321 2665 1398 2728 sup·
1450 2669 1457 2706 a

148 2733 213 2788 otor
230 2745 295 2790 esse
320 2729 440 2810 potuit?
457 2763 499 2774 —
520 2726 550 2790 Si
577 2727 751 2792 Sacerdotes
791 2748 913 2809 ponere,
932 2747 999 2791 vere
1018 2729 1201 2810 impossibile
1221 2738 1265 2791 est
1282 2728 1394 2792 diceu-
1446 2749 1454 2792 1

149 2808 463 2876 relLevitaeeuudem
476 2810 750 2893 Mopsisupposuis·
791 2811 902 2874 dum«
1228 2833 1230 2838 ’
1451 2855 1456 2880 ÷

148 2895 428 2971 senl,ludicescum
440 2897 747 2976 popularestitissent3
830 2897 918 2959 Nolo.
934 2895 1080 2959 inereduli
1097 2913 1220 2974 magnos
1238 2895 1401 2958 adlribue·
1446 2927 1455 2965 a

147 2979 213 3041 etsi
227 2979 276 3041 isti
288 2981 374 3042 talem
389 2980 521 3041 fraudem
533 2980 676 3060 perficere
688 2989 751 3041 len·
788 2977 1064 3054 runtconatus‚'ut
1085 2980 1275 3041 ostenderent
1307 2978 1394 3061 hlop-
1445 3005 1449 3042 ;

148 3069 278 3138 lassent,
296 3059 470 3124 Sacerdotes
494 3071 524 3124 et
548 3060 666 3124 Levitae
684 3082 749 3126 sese
788 3080 841 3122 sen
856 3082 915 3124 non
930 3079 994 3126 esse
1010 3063 1201 3124 Pentateuclri
1221 3070 1397 3127 auctorem:
1447 3096 1453 3132 ε

148 3147 368 3224 opposuissem.
393 3148 514 3226 Tempus
530 3165 650 3226 quoque
674 3165 748 3228 sup·
788 3164 865 3226 quae
887 3157 986 3208 autem
1010 3146 1097 3209 nobis
1120 3145 1283 3222 obiiciunt,
1300 3147 1400 3212 facile
1449 3158 1457 3207 l.

146 3229 304 3308 positionis
314 3229 457 3307 assignari
470 3230 585 3311 nequit3
600 3248 667 3290 nam
678 3239 748 3293 ante
788 3230 953 3292 solvuntur.
1447 3265 1457 3308 ξ

147 3310 277 3373 schisma
295 3312 510 3392 interregnum
528 3314 600 3376 luda
618 3322 646 3374 et
658 3313 748 3376 lsrael
806 3347 809 3352 ·
831 3313 895 3377 Oli.
912 3315 940 3376 l.
954 3313 1034 3375 Nihil
1046 3313 1230 3394 frequentius
1244 3317 1393 3378 occurrit.
1450 3339 1453 3360 ¹

142 3403 297 3470 ‘exortu-m,
311 3395 347 3456 ab
362 3396 426 3476 ipso
439 3397 469 3458 in
487 3397 683 3460 Palaestinam
698 3399 751 3458 in«
787 3415 875 3476 quam
887 3398 1028 3460 librorum
1040 3398 1218 3480 suppositio:
1231 3396 1287 3477 ipsi
1296 3397 1399 3479 hloysr
1445 3428 1453 3486 5

146 3495 248 3554 gressu
266 3481 414 3540 recentior
434 3491 497 3543 erat
514 3480 747 3563 llloysismerno-
788 3483 923 3544 nonnulli
948 3483 1016 3544 libri
1040 3482 1114 3543 laiso
1139 3481 1279 3560 adscripti
1301 3493 1395 3564 sunt3
1452 3554 1457 3566 .

147 3560 204 3637 ria,
219 3579 307 3641 quam
320 3572 353 3623 ut
368 3564 447 3624 lraus
463 3574 492 3625 et
510 3567 600 3627 totius
618 3565 747 3627 nationis
787 3583 815 3625 e.
832 3583 861 3644 g.
882 3584 1034 3627 sermones
1060 3565 1193 3646 mystici,
1220 3572 1398 3628 testamen·
1440 3611 1455 3650 ·:

148 3644 283 3725 deceptio
298 3647 365 3707 sieri·
380 3647 536 3726 potuissem
550 3658 579 3710 et
595 3666 662 3709 cum
680 3665 746 3710 mox
788 3656 862 3724 tum,
884 3669 972 3729 parva
989 3649 1111 3712 Genesis
1128 3658 1201 3726 etc.;
1223 3649 1333 3710 illustri
1354 3669 1399 3712 e·

148 3727 252 3790 divisio
267 3729 451 3792 Palaestinae
461 3731 652 3812 iuxtsblopsis
663 3733 746 3793 ordi-
786 3731 846 3793 nim
860 3731 1094 3814 Mopsisnomine
1107 3733 1268 3814 scriptores
1284 3735 1398 3812 operi·
1440 3731 1457 3824 p

147 3813 299 3875 nationem
319 3815 396 3876 lacta
413 3824 509 3892 esset,
526 3815 670 3877 committi
690 3835 746 3896 pa·
786 3814 841 3876 bus
858 3818 920 3878 suis
939 3816 1080 3878 maiorem
1097 3817 1238 3896 praehere
1252 3819 1397 3880 auctori·-

146 3897 220 3958 riter
237 3898 317 3960 lraus
332 3917 391 3958 non
412 3900 517 3978 potuit,
532 3901 578 3961 cui
594 3908 675 3961 certe
688 3918 747 3961 una
787 3907 874 3960 tatem
896 3899 1081 3978 satagebant.
1098 3899 1210 3961 Eadem
1230 3899 1321 3978 igitur
1334 3919 1396 3962 ra·-

147 3981 192 4041 vel
219 3982 312 4043 altera
337 3982 431 4043 tribus
454 4001 519 4045 sese
545 3983 743 4064 opposuisset.
786 3981 865 4044 tione
883 3980 971 4063 Moysi
989 3983 1208 4045 Pentateuclrus
1225 3983 1300 4044 laiso
1315 3993 1395 4064 pot·
1442 3980 1455 4068 {s

147 4062 218 4126 Post
230 4065 358 4127 schisma
369 4066 528 4142 vero,dum
541 4067 666 4146 capitale
680 4085 746 4127 mox
785 4075 848 4126 erat
866 4066 1006 4128 adscribi.

121 4147 251 4209 =ooiarn
276 4149 384 4210 exarsit
409 4149 487 4211 iuter
512 4167 603 4228 regna
626 4148 698 4220 luda
716 4159 746 4211 et
824 4151 908 4228 Resp.
929 4149 1036 4212 lisdem
1051 4167 1140 4212 sanae
1158 4149 1279 4212 criticae
1292 4167 1394 4228 regu·
1438 4135 1458 4230 J*

148 4227 251 4306 Israel,
272 4234 368 4296 acrius
389 4235 486 4296 adhuc
503 4253 521 4295 a
539 4231 744 4310 Seruaritanis,
784 4229 833 4308 lis,
854 4233 963 4314 quihus
981 4231 1170 4314 supposititia
1189 4253 1279 4315 opera
1297 4233 1394 4298 dete·
1445 4219 1455 4252 ξ

143 4313 251 4394 ιἀθεειω
268 4315 397 4380 tribuum
416 4325 637 4382 successorihus
651 4315 746 4379 conti·
783 4323 905 4396 guutur,
920 4317 1049 4398 genuina
1067 4321 1292 4386 confirmantur.
1306 4317 1396 4386 ilinc
