2910 4732
187 207 225 274 dd
412 194 419 222 ⁸
579 221 763 270 ruaoxocraa
784 217 945 267 cananaeis
994 217 1001 230 ·

145 304 300 370 bominum
322 323 411 390 prere
430 304 621 370 sentientium
639 303 744 366 redar-
782 297 1140 390 rumflPbilosopborum,
1164 307 1194 362 et
1220 296 1380 365 historico-

141 399 233 468 g'uere
249 392 405 455 ruendacia
428 389 598 452 testimonio
616 388 744 471 populo·
782 405 861 449 rum.
881 385 966 448 Certe
979 387 1030 466 qni
1045 385 1176 448 diversos
1187 385 1313 466 populos
1325 407 1380 451 xe·

142 491 222 553 rum,
244 484 333 556 atquo
350 473 483 554 gentium
508 474 539 534 in
558 473 615 534 hac
634 492 693 535 una
711 490 743 533 re
783 469 828 533 lut
842 468 945 532 atheos
963 471 1139 545 traducunt,
1154 487 1206 530 eos
1222 487 1283 530 non
1299 471 1380 536 inri-

141 576 201 619 non
221 558 427 620 dissidentium
440 558 487 640 (l)
506 577 534 618 a.
551 553 582 618 S.
599 556 744 635 Augusti·
783 562 896 630 serunt,
909 553 959 616 sed
978 553 1060 616 salsis
1079 553 1248 630 rumoribus
1262 553 1379 639 decepti

54 713 57 720 ¹
144 660 213 703 nus:
236 641 340 704 ‹Heec
355 651 411 718 est,
428 643 482 720 ait,
501 660 588 702 verae
607 640 745 701 divinita·
783 647 864 715 sunt,
884 657 971 700 exeo
989 635 1226 719 quodvelidola
1244 658 1303 700 non
1324 659 1381 703 oo-

142 727 181 787 tis
198 725 242 786 vis
254 773 263 804 ,
283 735 315 788 ut
335 735 490 788 creaturae
514 723 653 785 rationali
683 724 742 785 iam
783 724 894 799 lerent,
914 723 958 784 vel
976 720 1101 784 numina
1128 720 1243 784 diversa
1259 723 1297 786 ab
1320 725 1380 804 iis,

142 809 259 872 ratione
278 809 372 872 utenti
388 829 446 872 non
466 808 588 870 omnino
608 827 641 869 ac
656 809 744 889 peni·
783 825 859 889 quae
873 807 915 869 illi
928 805 1076 882 colebant,
1090 806 1261 869 adorarent:
1273 808 1327 871 hac
1342 811 1382 873 do
1407 831 1410 838 ’

143 902 191 955 tus
212 893 307 973 possit
326 893 480 955 abscondi.
505 892 642 972 Exceptis
663 893 742 955 enirn
782 909 872 953 causa
889 890 991 954 ludaei
1011 909 1147 973 quoque,
1167 901 1197 953 et
1218 889 1379 956 Christiani

143 977 260 1057 paucis,
275 977 306 1038 in
321 978 430 1059 quibus
444 976 682 1038 naturanimium
694 977 745 1040 de·
782 993 836 1036 ceu
846 975 927 1037 athei
940 975 1113 1057 proclamati
1128 985 1208 1038 sunt.
1221 974 1255 1052 b)
1266 975 1382 1040 Recen-

115 1118 118 1124 ,
142 1068 262 1142 prevete
280 1069 337 1138 est,
357 1060 745 1137 uniuersumgenuslruma-
783 1059 911 1121 tioribus
937 1059 1122 1139 temporibus
1145 1060 1299 1138 nonnulli,
1326 1063 1381 1143 qui

142 1164 213 1206 num
234 1144 328 1207 Deum
340 1145 429 1206 buius
449 1144 552 1206 rnundi
566 1146 676 1208 latetur
687 1166 743 1208 au·
782 1143 889 1206 itinera
906 1143 1110 1220 instituerunt,
1129 1161 1161 1205 se
1178 1143 1208 1205 in
1227 1144 1379 1224 Amorion,

142 1229 324 1309 curromld).
344 1249 359 1289 n
386 1228 416 1290 S.
438 1227 634 1309 Hieronymus
652 1230 741 1294 dicit:
781 1228 891 1304 atriae,
908 1236 938 1290 et
952 1227 1100 1306 Australia
1113 1229 1237 1308 populos
1250 1229 1315 1292 sine
1329 1249 1384 1293 co-

143 1312 280 1374 c'l'otius
301 1313 405 1374 mundi
426 1313 498 1374 baec
522 1332 582 1374 una
601 1333 656 1376 xox
676 1324 741 1378 est:
781 1311 926 1392 gnitione,
939 1321 968 1374 ct
983 1311 1064 1374 cultu
1082 1311 1136 1374 Dei
1153 1311 1311 1389 invenisse,
1331 1321 1383 1376 to·
1409 1372 1411 1377 .

143 1395 220 1458 bears
236 1405 280 1458 est
297 1397 385 1476 (3)·'
460 1431 461 1438 ι
783 1395 850 1458 stati
870 1404 951 1458 sunt.
972 1395 1007 1457 ili
1022 1405 1121 1458 autem
1137 1413 1226 1477 saepo
1241 1415 1303 1458 rem
1322 1398 1382 1460 de·

183 1480 213 1541 2.
240 1479 319 1541 llaec
345 1489 444 1542 eutem
468 1480 643 1544 universalis
674 1501 743 1564 par·
782 1479 1385 1560 bitadiligentianoninquisiverunt,sae·
1411 1488 1413 1548 ἶ

144 1564 243 1626 suasio
266 1563 471 1640 demonstrat,
492 1565 590 1645 ipsum
622 1585 743 1629 sensum
782 1583 818 1645 pe
833 1563 1000 1644 ignorantia
1015 1563 1165 1626 idiomatis
1180 1565 1295 1646 decepti
1307 1567 1382 1628 *lue-

142 1665 345 1724 communem,
359 1668 411 1711 seu
429 1648 575 1732 rationem
592 1651 683 1712 etiam
699 1652 744 1712 iu·
782 1647 931 1710 restae.
948 1667 976 1726 g.
994 1646 1169 1710 Hottentotti
1191 1669 1209 1710 a
1226 1651 1383 1713 nonnullis

141 1732 248 1792 cultam
268 1732 305 1793 ad
328 1732 381 1794 [lei
405 1733 585 1811 agnitionem
603 1736 742 1815 perveni·
782 1733 861 1794 athei
889 1733 1082 1810 dicebantur,
1108 1733 1160 1794 sed
1184 1733 1382 1812 Boeringius,

142 1833 187 1891 re,
207 1815 248 1876 ita
267 1816 403 1896 quidem,
423 1825 455 1878 ut
474 1837 533 1878 non
552 1819 646 1899 possit
663 1819 743 1881 illius
782 1817 833 1896 qui
851 1816 954 1879 decent
969 1835 1064 1878 annos
1081 1817 1113 1878 in
1130 1816 1190 1878 illis
1207 1817 1384 1895 regionibus

143 1899 329 1962 existentiam
360 1920 420 1964 non
449 1910 591 1964 statuere.
619 1922 634 1964 ι
655 1901 743 1965 Omni
783 1901 938 1978 transegit,
962 1919 1029 1962 cum
1048 1900 1115 1962 aliis
1137 1909 1278 1978 testatur,
1298 1901 1383 1983 ipsos

143 1990 241 2045 autem
263 1984 292 2046 in
318 2003 369 2063 re,
389 1994 422 2046 ut
439 1996 518 2047 recte
537 1987 744 2049 animadvertit
782 2003 874 2046 unurn
893 1984 1006 2046 Numen
1026 2001 1211 2066 supremum,
1227 1995 1256 2048 ot
1270 1982 1384 2049 multos

142 2067 270 2145 Tullius,
291 2070 447 2130 consensio
463 2071 595 2132 omnium
610 2073 742 2149 gentiam
783 2068 859 2131 Deos
878 2068 1034 2131 interiores
1046 2070 1160 2131 colere.
1177 2069 1259 2131 ldem
1276 2070 1313 2131 de
1327 2069 1383 2132 ln-

141 2151 187 2214 lex
206 2160 330 2214 naturae
346 2153 478 2234 putanda
493 2163 548 2216 est.
563 2152 742 2236 Opinionem
782 2153 856 2214 colis
870 2152 967 2215 Novae
980 2151 1251 2234 Angliae„quibns
1274 2153 1382 2216 eudem

141 2236 221 2296 enim
242 2247 411 2299 commenta
430 2238 507 2300 delet
525 2239 601 2316 dies,
620 2250 743 2304 naturae
783 2246 853 2299 nota
873 2237 1010 2299 atbeismi
1028 2237 1214 2313 inurebatur,
1234 2246 1384 2300 testantur

141 2318 250 2382 iudicia
266 2321 514 2402 confirmat(d).n
531 2323 593 2386 Nisi
609 2343 679 2403 orgo
696 2344 744 2387 ra·
782 2321 851 2382 Ant.
880 2321 916 2383 de
946 2320 1090 2397 llerrera,
1114 2319 1172 2384 los.
1204 2321 1331 2399 Acosta,
1351 2333 1384 2384 et

141 2403 232 2467 tionis
251 2404 424 2483 dignitatem
451 2409 570 2488 penitus
591 2409 743 2472 destruere
782 2403 975 2466 Winsiovius.

141 2489 278 2565 velimus,
292 2489 374 2551 illius
384 2491 471 2552 essata
484 2492 652 2570 originalia,
665 2503 695 2556 et
705 2515 743 2556 u·
826 2489 891 2552 oti.
910 2489 942 2550 2.
960 2487 991 2552 Si
1010 2488 1142 2550 omnium
1161 2490 1293 2568 gentium
1308 2509 1386 2553 con-

140 2572 374 2651 niversalia,seu
386 2593 573 2638 communem
588 2577 742 2639 bominum
783 2592 888 2636 sensus
906 2574 943 2634 ad
958 2573 1011 2636 Dei
1033 2573 1218 2636 existentiam
1238 2575 1386 2636 evincen-

143 2675 265 2719 sensum
297 2676 351 2718 ceu
374 2659 506 2721 ueritatis
533 2661 685 2723 criterium
707 2683 742 2724 a·
783 2658 849 2719 dam
864 2659 986 2735 valeret,
1003 2657 1106 2719 eodem
1124 2658 1315 2720 modoetiam
1332 2678 1384 2720 ve·

142 2757 285 2816 gnoscere
304 2742 459 2805 debemus.
485 2742 570 2808 Valet
594 2744 642 2806 hic
666 2765 744 2827 quo·
782 2742 856 2803 leret
872 2743 908 2802 ad
926 2743 1080 2804 veritatem
1098 2740 1288 2822 Polptbeismi
1306 2752 1335 2804 et
1352 2744 1385 2802 i·

141 2843 200 2904 que
219 2821 349 2888 Senecae
368 2827 507 2889 ellatunr:
530 2828 654 2892 (Nemo
677 2850 743 2892 om-
783 2826 957 2889 dololatriae
980 2825 1232 2901 conlirmandam;
1253 2827 1386 2888 maxima

141 2926 195 2970 nes
220 2908 315 2988 lellit,
346 2929 450 2972 omnes
481 2912 644 2976 neminem.
668 2934 745 2975 ›-
784 2912 862 2974 enim
877 2930 945 2992 pars
960 2911 1114 2972 bominum
1132 2909 1339 2990 polptlreisrno,
1352 2922 1387 2972 et

142 2989 239 3062 Quare
251 3011 317 3055 cum
328 2995 658 3058 communishominum
672 3018 744 3060 sen·
783 2995 969 3058 idololatriae
984 2995 1053 3056 olim
1070 2993 1169 3055 dedita
1187 2993 1253 3056 luit.
1360 3068 1363 3073 ι

142 3095 192 3138 sus
208 3076 391 3140 divinitatem
412 3097 479 3141 rere
499 3081 671 3144 existentem
686 3092 746 3146 sla·
823 3081 911 3160 Resp.
931 3080 962 3159 a)
981 3076 1196 3159 Polytlreismus
1214 3096 1269 3138 nec
1287 3076 1386 3138 ratio-

144 3169 218 3235 tuat,
240 3171 320 3224 certe
339 3181 407 3240 ergo
422 3161 500 3226 Deus
517 3165 626 3227 existit.
783 3181 821 3225 ne
836 3163 992 3244 temporis,
1004 3181 1059 3224 nec
1074 3162 1189 3223 ratione
1208 3161 1265 3222 loci
1283 3161 1325 3221 ita
1344 3181 1387 3221 u-

182 3246 273 3309 Nota.
290 3246 503 3323 Argumentum
516 3249 689 3311 historicum
709 3270 744 3312 e·
785 3248 937 3310 niversalis
955 3247 1023 3321 luit,
1042 3255 1075 3308 ut
1094 3245 1245 3326 persuasio
1262 3245 1299 3306 de
1318 3246 1387 3306 exi-

144 3329 244 3406 gregie
263 3329 458 3392 elaborarunt
474 3332 577 3395 Daniel
600 3333 743 3412 Huetius,
785 3329 1388 3409 stentiaDixinitatis.Nullonemquerno-

143 3411 273 3475 10.·ntb.
294 3413 459 3490 Fabricius,
483 3415 649 3494 Valsecclri,
670 3417 744 3480 Gar·
785 3423 927 3477 numento
943 3415 1055 3476 ostendi
1067 3423 1174 3494 potest,
1189 3413 1248 3473 iam
1261 3415 1389 3475 antedi·

142 3495 256 3574 ronige,
289 3506 318 3559 et
342 3498 414 3576 ulii,
441 3501 580 3582 illiusque
600 3501 745 3582 probandi
785 3499 896 3561 lunium
915 3499 1014 3579 plures
1032 3498 1109 3560 Deos
1127 3498 1241 3575 agnitos
1270 3498 1385 3574 luisse,

142 3580 201 3640 nim
222 3582 426 3644 ostenderunt.
448 3583 529 3656 Quae
561 3588 671 3666 opponi
694 3607 745 3648 so·
785 3592 815 3645 et
831 3582 1029 3645 idololatriam
1052 3583 1191 3660 viguisse.
1215 3580 1285 3643 Post
1302 3581 1392 3662 dilu-¹

144 3665 219 3738 lent,
237 3664 317 3727 baud
335 3667 495 3730 difficulter
509 3671 675 3731 solvuntur.
785 3668 863 3729 rium
880 3686 1067 3748 quoquenon
1081 3684 1184 3728 omues
1196 3674 1299 3743 gentes
1314 3665 1392 3727 lrnic'

187 3748 252 3812 Oti.
275 3751 303 3810 l.
331 3750 404 3813 Tum
426 3753 665 3833 antiquioribus,
683 3763 744 3816 tum
786 3751 988 3832 superstitioni
1013 3750 1229 3812 adhaeserunt:
1257 3750 1388 3828 populus

145 3833 747 3917 recenlioribustemporibusinventisuut
786 3835 964 3896 israeliticus
984 3853 1074 3896 unum
1094 3833 1188 3896 Deum
1204 3833 1306 3893 coluit.
1324 3831 1389 3894 tte-

143 3917 260 3997 populi,
281 3920 394 3980 nullum
414 3939 536 4000 prorsus
554 3920 744 3984 Divinitatem
787 3938 844 4000 que
862 3919 950 3981 etiam
970 3928 1088 4000 praetor
1113 3916 1238 3980 ludaeos
1264 3916 1389 3979 deluere

145 4013 352 4078 agnoscentes,
371 4003 414 4064 lta
430 4003 529 4083 Bagle.
788 4003 875 4065 unius
894 4003 946 4066 Dei
965 4004 1113 4076 cultores,
1133 4011 1166 4063 ut
1182 3999 1247 4074 lob,
1270 3999 1389 4060 Ninivi-

186 4088 273 4166 Rcsp.
291 4088 321 4165 a)
333 4085 434 4158 Quoad
452 4097 586 4167 tempore
599 4089 748 4170 antiquio·
788 4095 848 4164 tue,
862 4087 983 4169 aliique.
1000 4087 1157 4175 Praeterea
1174 4084 1286 4165 ubique
1301 4084 1393 4162 loco-2

146 4187 179 4231 ra
197 4172 408 4232 nonnullorum
428 4172 549 4232 assertis
569 4175 748 4252 opponimus
786 4190 851 4232 rum
876 4171 1012 4233 homines
1032 4171 1246 4251 sapientiores,
1271 4168 1390 4230 rationo

121 4276 125 4298 ι
147 4255 319 4318 testimonia
343 4254 402 4314 iarn
429 4253 516 4316 citata
535 4257 747 4318 celeberrimo·
787 4255 874 4332 duco,
890 4257 1033 4320 unitatem
1047 4251 1394 4332 Deiagnorerunbbing

172 4362 327 4447 λψῐηιιιὶι.
341 4360 463 4408 imboli.
532 4363 749 4426 [2lTr.lddlulo.
818 4365 1014 4429 (dillp.«·tdl¹lep.²
1084 4353 1383 4440 :tlldusc·Q.l.l,o.ld,‘

1244 4455 1256 4486 0
