<?xml version="1.0" encoding="UTF-8"?>
<!DOCTYPE html PUBLIC "-//W3C//DTD XHTML 1.0 Transitional//EN"
    "http://www.w3.org/TR/xhtml1/DTD/xhtml1-transitional.dtd">
<html xmlns="http://www.w3.org/1999/xhtml" xml:lang="en" lang="en">
 <head>
  <title>
</title>
<meta http-equiv="Content-Type" content="text/html;charset=utf-8" />
  <meta name='ocr-system' content='tesseract 3.04.00' />
  <meta name='ocr-capabilities' content='ocr_page ocr_carea ocr_par ocr_line ocrx_word'/>
</head>
<body>
  <div class='ocr_page' id='page_1' title='image "./institutionesth00knolgoog_0230.png"; bbox 0 0 2928 4734; ppageno 0'>
   <div class='ocr_carea' id='block_1_1' title="bbox 78 169 1454 4046">
    <p class='ocr_par' dir='ltr' id='par_1_1' title="bbox 192 169 956 234">
     <span class='ocr_line' id='line_1_1' title="bbox 192 169 956 234; baseline -0.001 -1"><span class='ocrx_word' id='word_1_1' title='bbox 192 169 257 233; x_wconf 73' lang='lat' dir='ltr'><strong>aab</strong></span> <span class='ocrx_word' id='word_1_2' title='bbox 594 185 778 234; x_wconf 82' lang='lat' dir='ltr'><strong>rnaoaocrnc</strong></span> <span class='ocrx_word' id='word_1_3' title='bbox 794 185 956 232; x_wconf 79' lang='lat' dir='ltr'><strong>canemus</strong></span> 
     </span>
    </p>

    <p class='ocr_par' dir='ltr' id='par_1_2' title="bbox 78 263 1454 4046">
     <span class='ocr_line' id='line_1_2' title="bbox 151 263 1399 350; baseline 0.005 -22"><span class='ocrx_word' id='word_1_4' title='bbox 151 264 298 329; x_wconf 60' lang='lat' dir='ltr'><strong>urendo</strong></span> <span class='ocrx_word' id='word_1_5' title='bbox 313 263 665 347; x_wconf 81' lang='lat' dir='ltr'><strong>totissamperiacublt.</strong></span> <span class='ocrx_word' id='word_1_6' title='bbox 680 265 749 329; x_wconf 85' lang='lat' dir='ltr'><strong>lieo</strong></span> <span class='ocrx_word' id='word_1_7' title='bbox 788 268 936 330; x_wconf 73' lang='lat' dir='ltr'><strong>munsteri</strong></span> <span class='ocrx_word' id='word_1_8' title='bbox 955 269 1133 332; x_wconf 70' lang='lat' dir='ltr'><strong>memmium</strong></span> <span class='ocrx_word' id='word_1_9' title='bbox 1158 268 1329 350; x_wconf 85' lang='lat' dir='ltr'><strong>praedicare</strong></span> <span class='ocrx_word' id='word_1_10' title='bbox 1350 268 1399 334; x_wconf 54' lang='grc' dir='ltr'><strong>Εἰ</strong></span> 
     </span>
     <span class='ocr_line' id='line_1_3' title="bbox 150 351 1344 430; baseline 0.003 -18"><span class='ocrx_word' id='word_1_11' title='bbox 150 360 219 412; x_wconf 85' lang='lat' dir='ltr'><strong>anta</strong></span> <span class='ocrx_word' id='word_1_12' title='bbox 238 352 338 414; x_wconf 87' lang='lat' dir='ltr'><strong>omnin</strong></span> <span class='ocrx_word' id='word_1_13' title='bbox 354 351 492 412; x_wconf 82' lang='lat' dir='ltr'><strong>immines</strong></span> <span class='ocrx_word' id='word_1_14' title='bbox 508 351 544 412; x_wconf 89' lang='lat' dir='ltr'><strong>ad</strong></span> <span class='ocrx_word' id='word_1_15' title='bbox 561 367 660 412; x_wconf 82' lang='lat' dir='ltr'><strong>veram</strong></span> <span class='ocrx_word' id='word_1_16' title='bbox 681 367 749 412; x_wconf 87' lang='lat' dir='ltr'><strong>cor·</strong></span> <span class='ocrx_word' id='word_1_17' title='bbox 788 353 963 430; x_wconf 78' lang='lat' dir='ltr'><strong>vangelium</strong></span> <span class='ocrx_word' id='word_1_18' title='bbox 975 353 1055 413; x_wconf 91' lang='lat' dir='ltr'><strong>omni</strong></span> <span class='ocrx_word' id='word_1_19' title='bbox 1071 361 1232 415; x_wconf 86' lang='lat' dir='ltr'><strong>creaturae</strong></span> <span class='ocrx_word' id='word_1_20' title='bbox 1246 354 1344 416; x_wconf 80' lang='lat' dir='ltr'><strong>iussit.</strong></span> 
     </span>
     <span class='ocr_line' id='line_1_4' title="bbox 150 433 1390 516; baseline 0.003 -20"><span class='ocrx_word' id='word_1_21' title='bbox 150 434 196 496; x_wconf 83' lang='lat' dir='ltr'><strong>dis</strong></span> <span class='ocrx_word' id='word_1_22' title='bbox 214 435 439 496; x_wconf 82' lang='lat' dir='ltr'><strong>conversionem</strong></span> <span class='ocrx_word' id='word_1_23' title='bbox 459 435 617 511; x_wconf 79' lang='lat' dir='ltr'><strong>oscitavit,</strong></span> <span class='ocrx_word' id='word_1_24' title='bbox 638 435 755 516; x_wconf 82' lang='lat' dir='ltr'><strong>ubique¹</strong></span> <span class='ocrx_word' id='word_1_25' title='bbox 831 435 861 496; x_wconf 71' lang='lat' dir='ltr'><strong>h.</strong></span> <span class='ocrx_word' id='word_1_26' title='bbox 882 433 1390 515; x_wconf 81' lang='lat' dir='ltr'><strong>SiCbristitumvitanrmi&#39;rabilem,</strong></span> 
     </span>
     <span class='ocr_line' id='line_1_5' title="bbox 150 518 1388 602; baseline 0.005 -24"><span class='ocrx_word' id='word_1_27' title='bbox 150 519 327 599; x_wconf 82' lang='lat' dir='ltr'><strong>praedicans</strong></span> <span class='ocrx_word' id='word_1_28' title='bbox 345 527 374 580; x_wconf 84' lang='lat' dir='ltr'><strong>et</strong></span> <span class='ocrx_word' id='word_1_29' title='bbox 391 518 513 580; x_wconf 87' lang='lat' dir='ltr'><strong>dicens:</strong></span> <span class='ocrx_word' id='word_1_30' title='bbox 533 519 750 582; x_wconf 79' lang='lat' dir='ltr'><strong>Pnenmnttam</strong></span> <span class='ocrx_word' id='word_1_31' title='bbox 789 528 853 580; x_wconf 79' lang='lat' dir='ltr'><strong>turn</strong></span> <span class='ocrx_word' id='word_1_32' title='bbox 870 519 1070 581; x_wconf 82' lang='lat' dir='ltr'><strong>characterem</strong></span> <span class='ocrx_word' id='word_1_33' title='bbox 1089 521 1144 582; x_wconf 90' lang='lat' dir='ltr'><strong>rite</strong></span> <span class='ocrx_word' id='word_1_34' title='bbox 1163 521 1388 602; x_wconf 81' lang='lat' dir='ltr'><strong>perpendimus,</strong></span> 
     </span>
     <span class='ocr_line' id='line_1_6' title="bbox 150 602 1454 683; baseline 0.004 -19"><span class='ocrx_word' id='word_1_35' title='bbox 150 604 240 683; x_wconf 80' lang='lat' dir='ltr'><strong>spite,</strong></span> <span class='ocrx_word' id='word_1_36' title='bbox 262 603 608 682; x_wconf 62' lang='lat' dir='ltr'><strong>appropinquassemus</strong></span> <span class='ocrx_word' id='word_1_37' title='bbox 623 615 751 682; x_wconf 76' lang='lat' dir='ltr'><strong>regnent</strong></span> <span class='ocrx_word' id='word_1_38' title='bbox 788 602 847 664; x_wconf 89' lang='lat' dir='ltr'><strong>iam</strong></span> <span class='ocrx_word' id='word_1_39' title='bbox 861 603 967 665; x_wconf 62' lang='lat' dir='ltr'><strong>eunde</strong></span> <span class='ocrx_word' id='word_1_40' title='bbox 978 605 1155 666; x_wconf 76' lang='lat' dir='ltr'><strong>concludere</strong></span> <span class='ocrx_word' id='word_1_41' title='bbox 1165 605 1321 683; x_wconf 71' lang='lat' dir='ltr'><strong>debemus,</strong></span> <span class='ocrx_word' id='word_1_42' title='bbox 1334 605 1392 668; x_wconf 81' lang='lat' dir='ltr'><strong>tte-</strong></span> <span class='ocrx_word' id='word_1_43' title='bbox 1453 619 1454 624; x_wconf 75' lang='grc'>’</span> 
     </span>
     <span class='ocr_line' id='line_1_7' title="bbox 150 685 1390 768; baseline 0.001 -18"><span class='ocrx_word' id='word_1_44' title='bbox 150 689 298 750; x_wconf 83' lang='lat' dir='ltr'><strong>coelorum</strong></span> <span class='ocrx_word' id='word_1_45' title='bbox 316 687 375 767; x_wconf 83' lang='lat' dir='ltr'><strong>(l).</strong></span> <span class='ocrx_word' id='word_1_46' title='bbox 395 685 465 747; x_wconf 84' lang='lat' dir='ltr'><strong>Ivleo</strong></span> <span class='ocrx_word' id='word_1_47' title='bbox 480 687 570 748; x_wconf 88' lang='lat' dir='ltr'><strong>etiam</strong></span> <span class='ocrx_word' id='word_1_48' title='bbox 593 686 747 747; x_wconf 86' lang='lat' dir='ltr'><strong>sanctissi-</strong></span> <span class='ocrx_word' id='word_1_49' title='bbox 788 686 930 765; x_wconf 87' lang='lat' dir='ltr'><strong>ligionem</strong></span> <span class='ocrx_word' id='word_1_50' title='bbox 949 699 966 748; x_wconf 88' lang='lat' dir='ltr'><strong>a</strong></span> <span class='ocrx_word' id='word_1_51' title='bbox 983 687 1119 750; x_wconf 88' lang='lat' dir='ltr'><strong>virolam</strong></span> <span class='ocrx_word' id='word_1_52' title='bbox 1144 689 1286 768; x_wconf 70' lang='lat' dir='ltr'>singulari</span> <span class='ocrx_word' id='word_1_53' title='bbox 1309 700 1338 752; x_wconf 88' lang='lat' dir='ltr'><strong>et</strong></span> <span class='ocrx_word' id='word_1_54' title='bbox 1359 709 1390 752; x_wconf 92' lang='lat' dir='ltr'><strong>e·</strong></span> 
     </span>
     <span class='ocr_line' id='line_1_8' title="bbox 150 769 1454 848; baseline 0.003 -16"><span class='ocrx_word' id='word_1_55' title='bbox 150 789 232 832; x_wconf 82' lang='lat' dir='ltr'><strong>mana</strong></span> <span class='ocrx_word' id='word_1_56' title='bbox 250 770 416 833; x_wconf 70' lang='lat' dir='ltr'>doctrinam</span> <span class='ocrx_word' id='word_1_57' title='bbox 436 769 634 843; x_wconf 76' lang='lat' dir='ltr'><strong>annuntiavit,</strong></span> <span class='ocrx_word' id='word_1_58' title='bbox 649 769 749 830; x_wconf 85' lang='lat' dir='ltr'><strong>addita</strong></span> <span class='ocrx_word' id='word_1_59' title='bbox 787 769 879 832; x_wconf 84' lang='lat' dir='ltr'><strong>nimi-o</strong></span> <span class='ocrx_word' id='word_1_60' title='bbox 899 771 1083 848; x_wconf 86' lang='lat' dir='ltr'><strong>institutam,</strong></span> <span class='ocrx_word' id='word_1_61' title='bbox 1100 791 1218 834; x_wconf 90' lang='lat' dir='ltr'><strong>omnem</strong></span> <span class='ocrx_word' id='word_1_62' title='bbox 1244 774 1390 836; x_wconf 87' lang='lat' dir='ltr'><strong>attentio·</strong></span> <span class='ocrx_word' id='word_1_63' title='bbox 1453 803 1454 810; x_wconf 16' lang='grc' dir='ltr'><strong>κ</strong></span> 
     </span>
     <span class='ocr_line' id='line_1_9' title="bbox 150 853 1390 934; baseline 0.004 -19"><span class='ocrx_word' id='word_1_64' title='bbox 150 853 749 934; x_wconf 81' lang='lat' dir='ltr'><strong>magnificapmmissionc:Siqaisser·</strong></span> <span class='ocrx_word' id='word_1_65' title='bbox 789 864 910 916; x_wconf 88' lang='lat' dir='ltr'><strong>namet</strong></span> <span class='ocrx_word' id='word_1_66' title='bbox 936 855 1172 918; x_wconf 72' lang='lat' dir='ltr'><strong>aestimationem</strong></span> <span class='ocrx_word' id='word_1_67' title='bbox 1199 857 1319 918; x_wconf 88' lang='lat' dir='ltr'><strong>mereri.</strong></span> <span class='ocrx_word' id='word_1_68' title='bbox 1352 857 1390 920; x_wconf 83' lang='lat' dir='ltr'><strong>At</strong></span> 
     </span>
     <span class='ocr_line' id='line_1_10' title="bbox 148 938 1454 1018; baseline 0.003 -18"><span class='ocrx_word' id='word_1_69' title='bbox 148 955 371 1000; x_wconf 80' lang='lat' dir='ltr'><strong>mmremntattm</strong></span> <span class='ocrx_word' id='word_1_70' title='bbox 380 938 750 1014; x_wconf 77' lang='lat' dir='ltr'><strong>semooerit,mertemnon</strong></span> <span class='ocrx_word' id='word_1_71' title='bbox 790 938 884 1000; x_wconf 86' lang='lat' dir='ltr'><strong>multo</strong></span> <span class='ocrx_word' id='word_1_72' title='bbox 907 939 999 1017; x_wconf 77' lang='lat' dir='ltr'><strong>tnagis</strong></span> <span class='ocrx_word' id='word_1_73' title='bbox 1019 939 1092 1002; x_wconf 87' lang='lat' dir='ltr'><strong>baec</strong></span> <span class='ocrx_word' id='word_1_74' title='bbox 1119 939 1223 1018; x_wconf 86' lang='lat' dir='ltr'><strong>religio</strong></span> <span class='ocrx_word' id='word_1_75' title='bbox 1241 946 1271 1002; x_wconf 86' lang='lat' dir='ltr'><strong>et</strong></span> <span class='ocrx_word' id='word_1_76' title='bbox 1289 948 1390 1004; x_wconf 84' lang='lat' dir='ltr'><strong>atten—</strong></span> <span class='ocrx_word' id='word_1_77' title='bbox 1453 941 1454 944; x_wconf 70' lang='grc'>’</span> 
     </span>
     <span class='ocr_line' id='line_1_11' title="bbox 149 1015 1454 1100; baseline 0.002 -15"><span class='ocrx_word' id='word_1_78' title='bbox 149 1021 536 1100; x_wconf 72' lang='lat' dir='ltr'><strong>aiiebitivroeteraomib);</strong></span> <span class='ocrx_word' id='word_1_79' title='bbox 551 1029 591 1082; x_wconf 84' lang='lat' dir='ltr'><strong>ot:</strong></span> <span class='ocrx_word' id='word_1_80' title='bbox 615 1019 748 1096; x_wconf 81' lang='lat' dir='ltr'><strong>Otticre-</strong></span> <span class='ocrx_word' id='word_1_81' title='bbox 790 1021 903 1084; x_wconf 87' lang='lat' dir='ltr'><strong>tissime</strong></span> <span class='ocrx_word' id='word_1_82' title='bbox 919 1023 1146 1099; x_wconf 81' lang='lat' dir='ltr'><strong>consideranda,</strong></span> <span class='ocrx_word' id='word_1_83' title='bbox 1161 1032 1191 1086; x_wconf 88' lang='lat' dir='ltr'><strong>et</strong></span> <span class='ocrx_word' id='word_1_84' title='bbox 1202 1025 1312 1086; x_wconf 89' lang='lat' dir='ltr'><strong>summi</strong></span> <span class='ocrx_word' id='word_1_85' title='bbox 1335 1044 1391 1087; x_wconf 89' lang='lat' dir='ltr'><strong>ae·</strong></span> <span class='ocrx_word' id='word_1_86' title='bbox 1453 1015 1454 1036; x_wconf 54' lang='lat'><strong>³</strong></span> 
     </span>
     <span class='ocr_line' id='line_1_12' title="bbox 149 1105 1392 1189; baseline 0.001 -20"><span class='ocrx_word' id='word_1_87' title='bbox 149 1107 193 1169; x_wconf 78' lang='lat' dir='ltr'><strong>tiit</strong></span> <span class='ocrx_word' id='word_1_88' title='bbox 211 1107 247 1174; x_wconf 82' lang='lat' dir='ltr'><strong>ire</strong></span> <span class='ocrx_word' id='word_1_89' title='bbox 262 1113 318 1181; x_wconf 82' lang='lat' dir='ltr'><strong>me,</strong></span> <span class='ocrx_word' id='word_1_90' title='bbox 335 1106 519 1167; x_wconf 72' lang='lat' dir='ltr'><strong>palmatium</strong></span> <span class='ocrx_word' id='word_1_91' title='bbox 530 1105 750 1186; x_wconf 68' lang='lat' dir='ltr'><strong>ceterum(3).‘</strong></span> <span class='ocrx_word' id='word_1_92' title='bbox 789 1106 948 1182; x_wconf 84' lang='lat' dir='ltr'><strong>stimanvlo,</strong></span> <span class='ocrx_word' id='word_1_93' title='bbox 962 1115 990 1168; x_wconf 91' lang='lat' dir='ltr'><strong>et</strong></span> <span class='ocrx_word' id='word_1_94' title='bbox 1009 1107 1204 1180; x_wconf 82' lang='lat' dir='ltr'><strong>libentissime</strong></span> <span class='ocrx_word' id='word_1_95' title='bbox 1219 1108 1392 1189; x_wconf 87' lang='lat' dir='ltr'><strong>suscipien-</strong></span> 
     </span>
     <span class='ocr_line' id='line_1_13' title="bbox 149 1187 1454 1274; baseline 0.002 -22"><span class='ocrx_word' id='word_1_96' title='bbox 149 1221 195 1236; x_wconf 50' lang='grc' dir='ltr'><em>α</em></span> <span class='ocrx_word' id='word_1_97' title='bbox 214 1190 317 1270; x_wconf 84' lang='lat' dir='ltr'><strong>Neque</strong></span> <span class='ocrx_word' id='word_1_98' title='bbox 340 1188 474 1251; x_wconf 83' lang='lat' dir='ltr'><strong>Christus</strong></span> <span class='ocrx_word' id='word_1_99' title='bbox 497 1189 685 1252; x_wconf 78' lang='lat' dir='ltr'><strong>solummodo</strong></span> <span class='ocrx_word' id='word_1_100' title='bbox 711 1187 746 1251; x_wconf 87' lang='lat' dir='ltr'><strong>V.</strong></span> <span class='ocrx_word' id='word_1_101' title='bbox 789 1191 827 1252; x_wconf 88' lang='lat' dir='ltr'><strong>da</strong></span> <span class='ocrx_word' id='word_1_102' title='bbox 847 1199 902 1266; x_wconf 89' lang='lat' dir='ltr'><strong>est,</strong></span> <span class='ocrx_word' id='word_1_103' title='bbox 923 1190 993 1272; x_wconf 86' lang='lat' dir='ltr'><strong>quia</strong></span> <span class='ocrx_word' id='word_1_104' title='bbox 1012 1209 1047 1252; x_wconf 84' lang='lat' dir='ltr'><strong>ex</strong></span> <span class='ocrx_word' id='word_1_105' title='bbox 1065 1191 1240 1267; x_wconf 88' lang='lat' dir='ltr'><strong>certissimis</strong></span> <span class='ocrx_word' id='word_1_106' title='bbox 1253 1197 1282 1254; x_wconf 89' lang='lat' dir='ltr'><strong>et</strong></span> <span class='ocrx_word' id='word_1_107' title='bbox 1299 1194 1392 1274; x_wconf 89' lang='lat' dir='ltr'><strong>plane</strong></span> <span class='ocrx_word' id='word_1_108' title='bbox 1453 1199 1454 1218; x_wconf 84' lang='lat'>³</span> 
     </span>
     <span class='ocr_line' id='line_1_14' title="bbox 150 1273 1391 1354; baseline 0.002 -19"><span class='ocrx_word' id='word_1_109' title='bbox 150 1273 185 1336; x_wconf 87' lang='grc' dir='ltr'><strong>Τ.</strong></span> <span class='ocrx_word' id='word_1_110' title='bbox 205 1281 363 1354; x_wconf 85' lang='lat' dir='ltr'><strong>praccepta</strong></span> <span class='ocrx_word' id='word_1_111' title='bbox 381 1273 539 1334; x_wconf 83' lang='lat' dir='ltr'><strong>declararit</strong></span> <span class='ocrx_word' id='word_1_112' title='bbox 561 1281 590 1334; x_wconf 90' lang='lat' dir='ltr'><strong>et</strong></span> <span class='ocrx_word' id='word_1_113' title='bbox 613 1273 749 1335; x_wconf 86' lang='lat' dir='ltr'><strong>inculca·</strong></span> <span class='ocrx_word' id='word_1_114' title='bbox 788 1273 907 1336; x_wconf 88' lang='lat' dir='ltr'><strong>invictis</strong></span> <span class='ocrx_word' id='word_1_115' title='bbox 931 1275 1113 1353; x_wconf 77' lang='lat' dir='ltr'><strong>argumentis</strong></span> <span class='ocrx_word' id='word_1_116' title='bbox 1141 1285 1277 1352; x_wconf 88' lang='lat' dir='ltr'><strong>constat,</strong></span> <span class='ocrx_word' id='word_1_117' title='bbox 1299 1277 1391 1338; x_wconf 82' lang='lat' dir='ltr'><strong>illam</strong></span> 
     </span>
     <span class='ocr_line' id='line_1_15' title="bbox 150 1357 1394 1440; baseline 0.001 -20"><span class='ocrx_word' id='word_1_118' title='bbox 150 1358 204 1433; x_wconf 76' lang='lat' dir='ltr'><strong>vil,</strong></span> <span class='ocrx_word' id='word_1_119' title='bbox 226 1358 285 1420; x_wconf 78' lang='lat' dir='ltr'><strong>sen</strong></span> <span class='ocrx_word' id='word_1_120' title='bbox 297 1358 366 1418; x_wconf 85' lang='lat' dir='ltr'><strong>licet</strong></span> <span class='ocrx_word' id='word_1_121' title='bbox 389 1357 509 1438; x_wconf 81' lang='lat' dir='ltr'><strong>publice</strong></span> <span class='ocrx_word' id='word_1_122' title='bbox 526 1357 676 1438; x_wconf 87' lang='lat' dir='ltr'><strong>professus</strong></span> <span class='ocrx_word' id='word_1_123' title='bbox 692 1358 746 1433; x_wconf 89' lang='lat' dir='ltr'><strong>sit,</strong></span> <span class='ocrx_word' id='word_1_124' title='bbox 789 1377 849 1420; x_wconf 92' lang='lat' dir='ltr'><strong>non</strong></span> <span class='ocrx_word' id='word_1_125' title='bbox 868 1377 933 1420; x_wconf 84' lang='lat' dir='ltr'><strong>esse</strong></span> <span class='ocrx_word' id='word_1_126' title='bbox 951 1358 1062 1436; x_wconf 86' lang='lat' dir='ltr'><strong>ingenii</strong></span> <span class='ocrx_word' id='word_1_127' title='bbox 1080 1377 1160 1422; x_wconf 85' lang='lat' dir='ltr'><strong>mere</strong></span> <span class='ocrx_word' id='word_1_128' title='bbox 1179 1359 1305 1434; x_wconf 84' lang='lat' dir='ltr'><strong>humani</strong></span> <span class='ocrx_word' id='word_1_129' title='bbox 1324 1379 1394 1440; x_wconf 92' lang='lat' dir='ltr'><strong>par·</strong></span> 
     </span>
     <span class='ocr_line' id='line_1_16' title="bbox 149 1441 1454 1524; baseline 0 -20"><span class='ocrx_word' id='word_1_130' title='bbox 149 1461 183 1504; x_wconf 85' lang='lat' dir='ltr'><strong>se</strong></span> <span class='ocrx_word' id='word_1_131' title='bbox 204 1459 264 1504; x_wconf 89' lang='lat' dir='ltr'><strong>non</strong></span> <span class='ocrx_word' id='word_1_132' title='bbox 288 1441 405 1503; x_wconf 89' lang='lat' dir='ltr'><strong>venisse</strong></span> <span class='ocrx_word' id='word_1_133' title='bbox 431 1442 542 1522; x_wconf 68' lang='lat' dir='ltr'><strong>amitere</strong></span> <span class='ocrx_word' id='word_1_134' title='bbox 565 1443 677 1522; x_wconf 83' lang='lat' dir='ltr'><strong>tepent,</strong></span> <span class='ocrx_word' id='word_1_135' title='bbox 696 1450 750 1504; x_wconf 86' lang='lat' dir='ltr'><strong>out</strong></span> <span class='ocrx_word' id='word_1_136' title='bbox 789 1450 864 1518; x_wconf 91' lang='lat' dir='ltr'><strong>tum,</strong></span> <span class='ocrx_word' id='word_1_137' title='bbox 878 1441 993 1504; x_wconf 87' lang='lat' dir='ltr'><strong>sedllei</strong></span> <span class='ocrx_word' id='word_1_138' title='bbox 1005 1443 1163 1505; x_wconf 90' lang='lat' dir='ltr'><strong>revelantis</strong></span> <span class='ocrx_word' id='word_1_139' title='bbox 1178 1462 1266 1524; x_wconf 86' lang='lat' dir='ltr'><strong>opus.¹</strong></span> <span class='ocrx_word' id='word_1_140' title='bbox 1284 1443 1318 1506; x_wconf 85' lang='lat' dir='ltr'><strong>ln</strong></span> <span class='ocrx_word' id='word_1_141' title='bbox 1331 1444 1392 1506; x_wconf 88' lang='lat' dir='ltr'><strong>Re·</strong></span> <span class='ocrx_word' id='word_1_142' title='bbox 1453 1441 1454 1504; x_wconf 82' lang='lat' dir='ltr'><strong>l</strong></span> 
     </span>
     <span class='ocr_line' id='line_1_17' title="bbox 147 1525 1392 1606; baseline 0.002 -18"><span class='ocrx_word' id='word_1_143' title='bbox 147 1527 314 1606; x_wconf 76' lang='lat' dir='ltr'><strong>propteroa,</strong></span> <span class='ocrx_word' id='word_1_144' title='bbox 328 1527 563 1605; x_wconf 85' lang='lat' dir='ltr'><strong>sctiodimplere,</strong></span> <span class='ocrx_word' id='word_1_145' title='bbox 581 1534 749 1588; x_wconf 88' lang='lat' dir='ltr'><strong>tamenno-</strong></span> <span class='ocrx_word' id='word_1_146' title='bbox 788 1525 898 1605; x_wconf 89' lang='lat' dir='ltr'><strong>ligione</strong></span> <span class='ocrx_word' id='word_1_147' title='bbox 917 1526 996 1588; x_wconf 87' lang='lat' dir='ltr'><strong>enim</strong></span> <span class='ocrx_word' id='word_1_148' title='bbox 1016 1526 1178 1588; x_wconf 89' lang='lat' dir='ltr'><strong>christiana</strong></span> <span class='ocrx_word' id='word_1_149' title='bbox 1203 1537 1271 1588; x_wconf 82' lang='lat' dir='ltr'><strong>turn·</strong></span> <span class='ocrx_word' id='word_1_150' title='bbox 1292 1527 1392 1590; x_wconf 87' lang='lat' dir='ltr'><strong>inter·</strong></span> 
     </span>
     <span class='ocr_line' id='line_1_18' title="bbox 148 1610 1391 1690; baseline 0.002 -20"><span class='ocrx_word' id='word_1_151' title='bbox 148 1629 184 1670; x_wconf 86' lang='lat' dir='ltr'><strong>va</strong></span> <span class='ocrx_word' id='word_1_152' title='bbox 196 1623 318 1690; x_wconf 86' lang='lat' dir='ltr'><strong>quoque</strong></span> <span class='ocrx_word' id='word_1_153' title='bbox 337 1629 371 1670; x_wconf 89' lang='lat' dir='ltr'><strong>ac</strong></span> <span class='ocrx_word' id='word_1_154' title='bbox 390 1611 481 1671; x_wconf 88' lang='lat' dir='ltr'><strong>multo</strong></span> <span class='ocrx_word' id='word_1_155' title='bbox 500 1610 675 1690; x_wconf 72' lang='lat' dir='ltr'><strong>perfectiora</strong></span> <span class='ocrx_word' id='word_1_156' title='bbox 692 1610 748 1670; x_wconf 82' lang='lat' dir='ltr'><strong>tlo-</strong></span> <span class='ocrx_word' id='word_1_157' title='bbox 789 1627 855 1686; x_wconf 89' lang='lat' dir='ltr'><strong>nos,</strong></span> <span class='ocrx_word' id='word_1_158' title='bbox 877 1619 939 1671; x_wconf 88' lang='lat' dir='ltr'><strong>turn</strong></span> <span class='ocrx_word' id='word_1_159' title='bbox 958 1617 1095 1672; x_wconf 77' lang='lat' dir='ltr'><strong>externos</strong></span> <span class='ocrx_word' id='word_1_160' title='bbox 1113 1611 1301 1673; x_wconf 85' lang='lat' dir='ltr'><strong>characteres</strong></span> <span class='ocrx_word' id='word_1_161' title='bbox 1329 1611 1391 1674; x_wconf 88' lang='lat' dir='ltr'><strong>lie·</strong></span> 
     </span>
     <span class='ocr_line' id='line_1_19' title="bbox 150 1693 1454 1774; baseline 0.002 -20"><span class='ocrx_word' id='word_1_162' title='bbox 150 1701 288 1754; x_wconf 87' lang='lat' dir='ltr'><strong>cumenta</strong></span> <span class='ocrx_word' id='word_1_163' title='bbox 299 1703 328 1755; x_wconf 89' lang='lat' dir='ltr'><strong>et</strong></span> <span class='ocrx_word' id='word_1_164' title='bbox 343 1695 480 1755; x_wconf 81' lang='lat' dir='ltr'><strong>mandata</strong></span> <span class='ocrx_word' id='word_1_165' title='bbox 492 1695 655 1774; x_wconf 83' lang='lat' dir='ltr'><strong>proposuit,</strong></span> <span class='ocrx_word' id='word_1_166' title='bbox 669 1693 748 1774; x_wconf 86' lang='lat' dir='ltr'><strong>quod</strong></span> <span class='ocrx_word' id='word_1_167' title='bbox 787 1693 945 1756; x_wconf 85' lang='lat' dir='ltr'><strong>velationis</strong></span> <span class='ocrx_word' id='word_1_168' title='bbox 959 1695 1000 1756; x_wconf 87' lang='lat' dir='ltr'><strong>ita</strong></span> <span class='ocrx_word' id='word_1_169' title='bbox 1017 1694 1197 1771; x_wconf 81' lang='lat' dir='ltr'><strong>invenimus,</strong></span> <span class='ocrx_word' id='word_1_170' title='bbox 1214 1699 1251 1757; x_wconf 88' lang='lat' dir='ltr'><strong>ut&#39;</strong></span> <span class='ocrx_word' id='word_1_171' title='bbox 1265 1695 1391 1758; x_wconf 86' lang='lat' dir='ltr'><strong>dubium</strong></span> <span class='ocrx_word' id='word_1_172' title='bbox 1453 1701 1454 1718; x_wconf 71' lang='lat'><em>³</em></span> 
     </span>
     <span class='ocr_line' id='line_1_20' title="bbox 151 1777 1393 1858; baseline 0.003 -20"><span class='ocrx_word' id='word_1_173' title='bbox 151 1786 274 1856; x_wconf 83' lang='lat' dir='ltr'><strong>apparet</strong></span> <span class='ocrx_word' id='word_1_174' title='bbox 303 1779 461 1858; x_wconf 86' lang='lat' dir='ltr'><strong>praecipue</strong></span> <span class='ocrx_word' id='word_1_175' title='bbox 490 1796 525 1838; x_wconf 84' lang='lat' dir='ltr'><strong>ex</strong></span> <span class='ocrx_word' id='word_1_176' title='bbox 555 1777 748 1840; x_wconf 87' lang='lat' dir='ltr'><strong>celeberrimo</strong></span> <span class='ocrx_word' id='word_1_177' title='bbox 789 1779 905 1838; x_wconf 89' lang='lat' dir='ltr'><strong>nullum</strong></span> <span class='ocrx_word' id='word_1_178' title='bbox 925 1796 1081 1858; x_wconf 87' lang='lat' dir='ltr'><strong>superesse</strong></span> <span class='ocrx_word' id='word_1_179' title='bbox 1107 1780 1218 1858; x_wconf 89' lang='lat' dir='ltr'><strong>possit,</strong></span> <span class='ocrx_word' id='word_1_180' title='bbox 1239 1797 1307 1841; x_wconf 89' lang='lat' dir='ltr'><strong>earu</strong></span> <span class='ocrx_word' id='word_1_181' title='bbox 1325 1797 1393 1842; x_wconf 87' lang='lat' dir='ltr'><strong>esse</strong></span> 
     </span>
     <span class='ocr_line' id='line_1_21' title="bbox 150 1861 1454 1942; baseline 0.002 -20"><span class='ocrx_word' id='word_1_182' title='bbox 150 1879 288 1922; x_wconf 82' lang='lat' dir='ltr'><strong>sermone</strong></span> <span class='ocrx_word' id='word_1_183' title='bbox 308 1862 340 1922; x_wconf 88' lang='lat' dir='ltr'><strong>iu</strong></span> <span class='ocrx_word' id='word_1_184' title='bbox 367 1871 466 1923; x_wconf 91' lang='lat' dir='ltr'><strong>moute</strong></span> <span class='ocrx_word' id='word_1_185' title='bbox 485 1861 659 1942; x_wconf 77' lang='lat' dir='ltr'><strong>habito(i).</strong></span> <span class='ocrx_word' id='word_1_186' title='bbox 679 1861 748 1923; x_wconf 90' lang='lat' dir='ltr'><strong>ldeo</strong></span> <span class='ocrx_word' id='word_1_187' title='bbox 788 1861 928 1923; x_wconf 85' lang='lat' dir='ltr'><strong>divinitus</strong></span> <span class='ocrx_word' id='word_1_188' title='bbox 948 1863 1120 1924; x_wconf 82' lang='lat' dir='ltr'><strong>revelatam.</strong></span> <span class='ocrx_word' id='word_1_189' title='bbox 1143 1862 1178 1925; x_wconf 84' lang='lat' dir='ltr'><strong>ld</strong></span> <span class='ocrx_word' id='word_1_190' title='bbox 1202 1863 1391 1926; x_wconf 87' lang='lat' dir='ltr'><strong>cnimlucu-</strong></span> <span class='ocrx_word' id='word_1_191' title='bbox 1453 1909 1454 1936; x_wconf 57' lang='lat'><strong>,</strong></span> 
     </span>
     <span class='ocr_line' id='line_1_22' title="bbox 149 1945 1393 2028; baseline 0.002 -21"><span class='ocrx_word' id='word_1_192' title='bbox 149 1945 282 2008; x_wconf 81' lang='lat' dir='ltr'><strong>Cirristus</strong></span> <span class='ocrx_word' id='word_1_193' title='bbox 310 1946 428 2026; x_wconf 90' lang='lat' dir='ltr'><strong>saepius</strong></span> <span class='ocrx_word' id='word_1_194' title='bbox 456 1946 493 2006; x_wconf 75' lang='lat' dir='ltr'><strong>cle</strong></span> <span class='ocrx_word' id='word_1_195' title='bbox 520 1946 665 2007; x_wconf 86' lang='lat' dir='ltr'><strong>mandatis</strong></span> <span class='ocrx_word' id='word_1_196' title='bbox 691 1965 748 2006; x_wconf 86' lang='lat' dir='ltr'><strong>no·</strong></span> <span class='ocrx_word' id='word_1_197' title='bbox 789 1946 954 2008; x_wconf 88' lang='lat' dir='ltr'><strong>lentissime</strong></span> <span class='ocrx_word' id='word_1_198' title='bbox 972 1946 1115 2028; x_wconf 85' lang='lat' dir='ltr'><strong>probatur</strong></span> <span class='ocrx_word' id='word_1_199' title='bbox 1141 1947 1173 2008; x_wconf 75' lang='lat' dir='ltr'><strong>lt</strong></span> <span class='ocrx_word' id='word_1_200' title='bbox 1189 1965 1227 2012; x_wconf 77' lang='lat' dir='ltr'><strong>ex</strong></span> <span class='ocrx_word' id='word_1_201' title='bbox 1255 1949 1393 2010; x_wconf 71' lang='lat' dir='ltr'><strong>doctrino</strong></span> 
     </span>
     <span class='ocr_line' id='line_1_23' title="bbox 148 2029 1454 2112; baseline 0.005 -22"><span class='ocrx_word' id='word_1_202' title='bbox 148 2029 372 2110; x_wconf 85' lang='lat' dir='ltr'><strong>vis(5)slbique</strong></span> <span class='ocrx_word' id='word_1_203' title='bbox 384 2030 553 2112; x_wconf 86' lang='lat' dir='ltr'><strong>specialiter</strong></span> <span class='ocrx_word' id='word_1_204' title='bbox 564 2029 747 2110; x_wconf 81' lang='lat' dir='ltr'><strong>propriis(6)</strong></span> <span class='ocrx_word' id='word_1_205' title='bbox 790 2031 916 2104; x_wconf 66' lang='lat' dir='ltr'><strong>cirtam</strong></span> <span class='ocrx_word' id='word_1_206' title='bbox 933 2031 965 2091; x_wconf 66' lang='lat'><strong>2⁰</strong></span> <span class='ocrx_word' id='word_1_207' title='bbox 989 2049 1027 2092; x_wconf 82' lang='lat' dir='ltr'><strong>err</strong></span> <span class='ocrx_word' id='word_1_208' title='bbox 1044 2031 1201 2094; x_wconf 79' lang='lat' dir='ltr'><strong>miraculis</strong></span> <span class='ocrx_word' id='word_1_209' title='bbox 1229 2045 1248 2094; x_wconf 86' lang='lat' dir='ltr'><strong>tt</strong></span> <span class='ocrx_word' id='word_1_210' title='bbox 1273 2033 1393 2096; x_wconf 85' lang='lat' dir='ltr'><strong>Christo</strong></span> <span class='ocrx_word' id='word_1_211' title='bbox 1453 2031 1454 2096; x_wconf 73' lang='lat' dir='ltr'><strong>i</strong></span> 
     </span>
     <span class='ocr_line' id='line_1_24' title="bbox 148 2111 1394 2194; baseline 0.004 -20"><span class='ocrx_word' id='word_1_212' title='bbox 148 2113 267 2175; x_wconf 86' lang='lat' dir='ltr'><strong>locutus</strong></span> <span class='ocrx_word' id='word_1_213' title='bbox 285 2123 341 2176; x_wconf 86' lang='lat' dir='ltr'><strong>est.</strong></span> <span class='ocrx_word' id='word_1_214' title='bbox 365 2111 528 2176; x_wconf 84' lang='lat' dir='ltr'><strong>Consilium</strong></span> <span class='ocrx_word' id='word_1_215' title='bbox 554 2132 623 2192; x_wconf 91' lang='lat' dir='ltr'><strong>argo</strong></span> <span class='ocrx_word' id='word_1_216' title='bbox 641 2113 749 2176; x_wconf 85' lang='lat' dir='ltr'><strong>Christi</strong></span> <span class='ocrx_word' id='word_1_217' title='bbox 784 2116 927 2194; x_wconf 57' lang='lat' dir='ltr'><strong>putretis</strong></span> <span class='ocrx_word' id='word_1_218' title='bbox 949 2115 980 2176; x_wconf 77' lang='lat'><strong>3⁰</strong></span> <span class='ocrx_word' id='word_1_219' title='bbox 1002 2131 1040 2176; x_wconf 79' lang='lat' dir='ltr'><strong>es</strong></span> <span class='ocrx_word' id='word_1_220' title='bbox 1052 2116 1216 2194; x_wconf 78' lang='lat' dir='ltr'><strong>prophetiis</strong></span> <span class='ocrx_word' id='word_1_221' title='bbox 1233 2130 1252 2178; x_wconf 85' lang='lat' dir='ltr'><strong>e</strong></span> <span class='ocrx_word' id='word_1_222' title='bbox 1272 2117 1394 2180; x_wconf 77' lang='lat' dir='ltr'><strong>Christo</strong></span> 
     </span>
     <span class='ocr_line' id='line_1_25' title="bbox 149 2197 1395 2278; baseline 0.004 -20"><span class='ocrx_word' id='word_1_223' title='bbox 149 2198 222 2270; x_wconf 84' lang='lat' dir='ltr'><strong>suit,¹</strong></span> <span class='ocrx_word' id='word_1_224' title='bbox 239 2216 344 2259; x_wconf 87' lang='lat' dir='ltr'><strong>novam</strong></span> <span class='ocrx_word' id='word_1_225' title='bbox 364 2197 548 2276; x_wconf 83' lang='lat' dir='ltr'><strong>Religionem</strong></span> <span class='ocrx_word' id='word_1_226' title='bbox 571 2216 747 2278; x_wconf 89' lang='lat' dir='ltr'><strong>proponere,</strong></span> <span class='ocrx_word' id='word_1_227' title='bbox 785 2199 934 2278; x_wconf 77' lang='lat' dir='ltr'><strong>prolatis:</strong></span> <span class='ocrx_word' id='word_1_228' title='bbox 952 2199 983 2260; x_wconf 68' lang='lat' dir='ltr'><strong>ir</strong></span> <span class='ocrx_word' id='word_1_229' title='bbox 1000 2215 1039 2260; x_wconf 75' lang='lat' dir='ltr'><strong>es</strong></span> <span class='ocrx_word' id='word_1_230' title='bbox 1057 2200 1222 2278; x_wconf 73' lang='lat' dir='ltr'><strong>prophetiis</strong></span> <span class='ocrx_word' id='word_1_231' title='bbox 1248 2199 1281 2262; x_wconf 85' lang='lat' dir='ltr'><strong>V.</strong></span> <span class='ocrx_word' id='word_1_232' title='bbox 1307 2201 1339 2262; x_wconf 88' lang='lat' dir='ltr'><strong>T.</strong></span> <span class='ocrx_word' id='word_1_233' title='bbox 1361 2202 1395 2263; x_wconf 82' lang='lat' dir='ltr'><strong>itt</strong></span> 
     </span>
     <span class='ocr_line' id='line_1_26' title="bbox 149 2279 1454 2363; baseline -0.001 -20"><span class='ocrx_word' id='word_1_234' title='bbox 149 2301 320 2362; x_wconf 90' lang='lat' dir='ltr'><strong>novumque</strong></span> <span class='ocrx_word' id='word_1_235' title='bbox 339 2283 444 2342; x_wconf 86' lang='lat' dir='ltr'><strong>foedus</strong></span> <span class='ocrx_word' id='word_1_236' title='bbox 463 2289 604 2359; x_wconf 89' lang='lat' dir='ltr'><strong>statuere,</strong></span> <span class='ocrx_word' id='word_1_237' title='bbox 625 2283 704 2363; x_wconf 89' lang='lat' dir='ltr'><strong>qood</strong></span> <span class='ocrx_word' id='word_1_238' title='bbox 719 2283 749 2344; x_wconf 94' lang='lat' dir='ltr'><strong>in</strong></span> <span class='ocrx_word' id='word_1_239' title='bbox 790 2283 908 2346; x_wconf 88' lang='lat' dir='ltr'><strong>Christo</strong></span> <span class='ocrx_word' id='word_1_240' title='bbox 923 2282 1089 2362; x_wconf 81' lang='lat' dir='ltr'><strong>adimpletis</strong></span> <span class='ocrx_word' id='word_1_241' title='bbox 1098 2307 1112 2357; x_wconf 89' lang='lat'><strong>,·</strong></span> <span class='ocrx_word' id='word_1_242' title='bbox 1126 2285 1158 2345; x_wconf 89' lang='lat'><strong>5⁰</strong></span> <span class='ocrx_word' id='word_1_243' title='bbox 1175 2303 1210 2346; x_wconf 85' lang='lat' dir='ltr'><strong>en</strong></span> <span class='ocrx_word' id='word_1_244' title='bbox 1228 2281 1394 2362; x_wconf 75' lang='lat' dir='ltr'><strong>Religionis</strong></span> <span class='ocrx_word' id='word_1_245' title='bbox 1453 2279 1454 2342; x_wconf 64' lang='lat' dir='ltr'><strong>l</strong></span> 
     </span>
     <span class='ocr_line' id='line_1_27' title="bbox 126 2365 1454 2448; baseline 0.005 -24"><span class='ocrx_word' id='word_1_246' title='bbox 126 2365 337 2427; x_wconf 73' lang='lat' dir='ltr'><strong>institutione</strong></span> <span class='ocrx_word' id='word_1_247' title='bbox 356 2365 560 2428; x_wconf 85' lang='lat' dir='ltr'><strong>Eucharistiae</strong></span> <span class='ocrx_word' id='word_1_248' title='bbox 582 2367 653 2427; x_wconf 89' lang='lat' dir='ltr'><strong>satis</strong></span> <span class='ocrx_word' id='word_1_249' title='bbox 671 2368 749 2427; x_wconf 88' lang='lat' dir='ltr'><strong>clare</strong></span> <span class='ocrx_word' id='word_1_250' title='bbox 790 2366 970 2428; x_wconf 88' lang='lat' dir='ltr'><strong>christianae</strong></span> <span class='ocrx_word' id='word_1_251' title='bbox 994 2367 1150 2430; x_wconf 85' lang='lat' dir='ltr'><strong>celerrimo</strong></span> <span class='ocrx_word' id='word_1_252' title='bbox 1166 2369 1393 2448; x_wconf 83' lang='lat' dir='ltr'><strong>propopotione,</strong></span> <span class='ocrx_word' id='word_1_253' title='bbox 1453 2373 1454 2414; x_wconf 57' lang='lat' dir='ltr'><strong>f</strong></span> 
     </span>
     <span class='ocr_line' id='line_1_28' title="bbox 149 2447 1454 2534; baseline 0.005 -24"><span class='ocrx_word' id='word_1_254' title='bbox 149 2450 292 2529; x_wconf 87' lang='lat' dir='ltr'><strong>expressit</strong></span> <span class='ocrx_word' id='word_1_255' title='bbox 305 2450 363 2529; x_wconf 84' lang='lat' dir='ltr'><strong>(l).</strong></span> <span class='ocrx_word' id='word_1_256' title='bbox 385 2485 427 2494; x_wconf 93' lang='lat'>-</span> <span class='ocrx_word' id='word_1_257' title='bbox 450 2447 617 2510; x_wconf 87' lang='lat' dir='ltr'><strong>institutam</strong></span> <span class='ocrx_word' id='word_1_258' title='bbox 644 2469 751 2512; x_wconf 88' lang='lat' dir='ltr'><strong>veroa</strong></span> <span class='ocrx_word' id='word_1_259' title='bbox 789 2467 904 2514; x_wconf 84' lang='lat' dir='ltr'><strong>sommo</strong></span> <span class='ocrx_word' id='word_1_260' title='bbox 929 2451 1057 2534; x_wconf 75' lang='lat' dir='ltr'><strong>efficeris</strong></span> <span class='ocrx_word' id='word_1_261' title='bbox 1079 2454 1206 2533; x_wconf 83' lang='lat' dir='ltr'><strong>etmiro</strong></span> <span class='ocrx_word' id='word_1_262' title='bbox 1231 2466 1395 2516; x_wconf 77' lang='lat' dir='ltr'><strong>terraenae·</strong></span> <span class='ocrx_word' id='word_1_263' title='bbox 1453 2469 1454 2524; x_wconf 67' lang='grc' dir='ltr'>ξ</span> 
     </span>
     <span class='ocr_line' id='line_1_29' title="bbox 150 2532 1454 2613; baseline 0.002 -18"><span class='ocrx_word' id='word_1_264' title='bbox 150 2532 750 2613; x_wconf 87' lang='lat' dir='ltr'><strong>seReligionernChristusnonprouno</strong></span> <span class='ocrx_word' id='word_1_265' title='bbox 790 2537 879 2598; x_wconf 83' lang='lat' dir='ltr'><strong>tiene.</strong></span> <span class='ocrx_word' id='word_1_266' title='bbox 1260 2555 1265 2564; x_wconf 77' lang='lat'><strong><em>¹</em></strong></span> <span class='ocrx_word' id='word_1_267' title='bbox 1453 2539 1454 2554; x_wconf 63' lang='lat'>¹</span> 
     </span>
     <span class='ocr_line' id='line_1_30' title="bbox 151 2616 1396 2701; baseline 0.004 -23"><span class='ocrx_word' id='word_1_268' title='bbox 151 2619 274 2699; x_wconf 90' lang='lat' dir='ltr'><strong>populo,</strong></span> <span class='ocrx_word' id='word_1_269' title='bbox 287 2618 340 2679; x_wconf 83' lang='lat' dir='ltr'><strong>aad</strong></span> <span class='ocrx_word' id='word_1_270' title='bbox 351 2637 401 2698; x_wconf 89' lang='lat' dir='ltr'><strong>pro</strong></span> <span class='ocrx_word' id='word_1_271' title='bbox 414 2619 529 2680; x_wconf 88' lang='lat' dir='ltr'><strong>cunctis</strong></span> <span class='ocrx_word' id='word_1_272' title='bbox 545 2619 635 2679; x_wconf 91' lang='lat' dir='ltr'><strong>totius</strong></span> <span class='ocrx_word' id='word_1_273' title='bbox 648 2617 751 2678; x_wconf 87' lang='lat' dir='ltr'><strong>mundi</strong></span> <span class='ocrx_word' id='word_1_274' title='bbox 832 2620 919 2682; x_wconf 89' lang='lat' dir='ltr'><strong>Noto.</strong></span> <span class='ocrx_word' id='word_1_275' title='bbox 939 2616 1003 2679; x_wconf 89' lang='lat' dir='ltr'><strong>Non</strong></span> <span class='ocrx_word' id='word_1_276' title='bbox 1019 2619 1179 2681; x_wconf 89' lang='lat' dir='ltr'><strong>defuerunt</strong></span> <span class='ocrx_word' id='word_1_277' title='bbox 1193 2619 1244 2701; x_wconf 92' lang='lat' dir='ltr'><strong>qui</strong></span> <span class='ocrx_word' id='word_1_278' title='bbox 1260 2637 1396 2684; x_wconf 89' lang='lat' dir='ltr'><strong>asserere</strong></span> 
     </span>
     <span class='ocr_line' id='line_1_31' title="bbox 150 2701 1395 2782; baseline 0.002 -19"><span class='ocrx_word' id='word_1_279' title='bbox 150 2701 290 2782; x_wconf 85' lang='lat' dir='ltr'><strong>gentibus</strong></span> <span class='ocrx_word' id='word_1_280' title='bbox 310 2701 487 2778; x_wconf 84' lang='lat' dir='ltr'><strong>destinavit,</strong></span> <span class='ocrx_word' id='word_1_281' title='bbox 508 2721 582 2782; x_wconf 91' lang='lat' dir='ltr'><strong>quas</strong></span> <span class='ocrx_word' id='word_1_282' title='bbox 605 2701 636 2762; x_wconf 94' lang='lat' dir='ltr'><strong>in</strong></span> <span class='ocrx_word' id='word_1_283' title='bbox 659 2719 749 2762; x_wconf 87' lang='lat' dir='ltr'><strong>unam</strong></span> <span class='ocrx_word' id='word_1_284' title='bbox 791 2722 849 2764; x_wconf 90' lang='lat' dir='ltr'><strong>non</strong></span> <span class='ocrx_word' id='word_1_285' title='bbox 862 2703 1084 2780; x_wconf 79' lang='lat' dir='ltr'><strong>erubescerent,</strong></span> <span class='ocrx_word' id='word_1_286' title='bbox 1101 2703 1250 2767; x_wconf 84' lang='lat' dir='ltr'><strong>Christum</strong></span> <span class='ocrx_word' id='word_1_287' title='bbox 1265 2715 1395 2766; x_wconf 87' lang='lat' dir='ltr'><strong>nontam</strong></span> 
     </span>
     <span class='ocr_line' id='line_1_32' title="bbox 150 2786 1454 2865; baseline 0.002 -17"><span class='ocrx_word' id='word_1_288' title='bbox 150 2786 340 2862; x_wconf 82' lang='lat' dir='ltr'><strong>societatem,</strong></span> <span class='ocrx_word' id='word_1_289' title='bbox 358 2794 410 2847; x_wconf 86' lang='lat' dir='ltr'><strong>seu</strong></span> <span class='ocrx_word' id='word_1_290' title='bbox 424 2787 454 2846; x_wconf 91' lang='lat' dir='ltr'><strong>in</strong></span> <span class='ocrx_word' id='word_1_291' title='bbox 477 2805 572 2846; x_wconf 83' lang='lat' dir='ltr'><strong>unam</strong></span> <span class='ocrx_word' id='word_1_292' title='bbox 590 2803 715 2864; x_wconf 81' lang='lat' dir='ltr'><strong>regnum</strong></span> <span class='ocrx_word' id='word_1_293' title='bbox 735 2819 749 2832; x_wconf 83' lang='lat'><strong>·</strong></span> <span class='ocrx_word' id='word_1_294' title='bbox 791 2787 964 2848; x_wconf 88' lang='lat' dir='ltr'><strong>societatem</strong></span> <span class='ocrx_word' id='word_1_295' title='bbox 978 2787 1145 2865; x_wconf 87' lang='lat' dir='ltr'><strong>religiosam</strong></span> <span class='ocrx_word' id='word_1_296' title='bbox 1159 2788 1330 2863; x_wconf 87' lang='lat' dir='ltr'><strong>instituere,</strong></span> <span class='ocrx_word' id='word_1_297' title='bbox 1342 2807 1397 2850; x_wconf 89' lang='lat' dir='ltr'><strong>no-</strong></span> <span class='ocrx_word' id='word_1_298' title='bbox 1453 2787 1454 2848; x_wconf 89' lang='lat' dir='ltr'><strong>l</strong></span> 
     </span>
     <span class='ocr_line' id='line_1_33' title="bbox 151 2869 1396 2954; baseline 0.002 -22"><span class='ocrx_word' id='word_1_299' title='bbox 151 2889 212 2932; x_wconf 92' lang='lat' dir='ltr'><strong>non</strong></span> <span class='ocrx_word' id='word_1_300' title='bbox 231 2871 382 2951; x_wconf 89' lang='lat' dir='ltr'><strong>politicum</strong></span> <span class='ocrx_word' id='word_1_301' title='bbox 402 2869 453 2931; x_wconf 89' lang='lat' dir='ltr'><strong>sed</strong></span> <span class='ocrx_word' id='word_1_302' title='bbox 473 2871 595 2943; x_wconf 88' lang='lat' dir='ltr'><strong>morale,</strong></span> <span class='ocrx_word' id='word_1_303' title='bbox 610 2877 754 2930; x_wconf 83' lang='lat' dir='ltr'><strong>nontam·</strong></span> <span class='ocrx_word' id='word_1_304' title='bbox 790 2889 1059 2954; x_wconf 82' lang='lat' dir='ltr'><strong>vornqueregnum</strong></span> <span class='ocrx_word' id='word_1_305' title='bbox 1073 2871 1396 2934; x_wconf 83' lang='lat' dir='ltr'><strong>moralefunvlarevo·</strong></span> 
     </span>
     <span class='ocr_line' id='line_1_34' title="bbox 151 2952 1454 3037; baseline 0.002 -21"><span class='ocrx_word' id='word_1_306' title='bbox 151 2957 253 3034; x_wconf 87' lang='lat' dir='ltr'><strong>porale</strong></span> <span class='ocrx_word' id='word_1_307' title='bbox 272 2955 323 3018; x_wconf 88' lang='lat' dir='ltr'><strong>sed</strong></span> <span class='ocrx_word' id='word_1_308' title='bbox 346 2953 501 3035; x_wconf 89' lang='lat' dir='ltr'><strong>spirituale</strong></span> <span class='ocrx_word' id='word_1_309' title='bbox 515 2953 564 3032; x_wconf 83' lang='lat'><strong>(8)</strong></span> <span class='ocrx_word' id='word_1_310' title='bbox 583 2952 753 3014; x_wconf 82' lang='lat' dir='ltr'><strong>coadunare</strong></span> <span class='ocrx_word' id='word_1_311' title='bbox 791 2955 896 3030; x_wconf 85' lang='lat' dir='ltr'><strong>luisse,</strong></span> <span class='ocrx_word' id='word_1_312' title='bbox 916 2955 967 3016; x_wconf 85' lang='lat' dir='ltr'><strong>sei</strong></span> <span class='ocrx_word' id='word_1_313' title='bbox 985 2955 1083 3036; x_wconf 88' lang='lat' dir='ltr'><strong>potius</strong></span> <span class='ocrx_word' id='word_1_314' title='bbox 1109 2955 1310 3037; x_wconf 81' lang='lat' dir='ltr'><strong>principatum</strong></span> <span class='ocrx_word' id='word_1_315' title='bbox 1333 2966 1397 3018; x_wconf 92' lang='lat' dir='ltr'><strong>ter·</strong></span> <span class='ocrx_word' id='word_1_316' title='bbox 1453 2993 1454 3002; x_wconf 27' lang='grc' dir='ltr'><strong>κ</strong></span> 
     </span>
     <span class='ocr_line' id='line_1_35' title="bbox 152 3036 1398 3123; baseline 0.003 -25"><span class='ocrx_word' id='word_1_317' title='bbox 152 3038 295 3100; x_wconf 83' lang='lat' dir='ltr'><strong>decrevit.</strong></span> <span class='ocrx_word' id='word_1_318' title='bbox 319 3037 482 3100; x_wconf 85' lang='lat' dir='ltr'><strong>Consilium</strong></span> <span class='ocrx_word' id='word_1_319' title='bbox 501 3036 556 3097; x_wconf 91' lang='lat' dir='ltr'><strong>boc</strong></span> <span class='ocrx_word' id='word_1_320' title='bbox 573 3053 659 3098; x_wconf 82' lang='lat' dir='ltr'><strong>surum</strong></span> <span class='ocrx_word' id='word_1_321' title='bbox 686 3056 752 3098; x_wconf 87' lang='lat' dir='ltr'><strong>arn-</strong></span> <span class='ocrx_word' id='word_1_322' title='bbox 793 3055 910 3114; x_wconf 87' lang='lat' dir='ltr'><strong>renum,</strong></span> <span class='ocrx_word' id='word_1_323' title='bbox 925 3039 1097 3120; x_wconf 86' lang='lat' dir='ltr'><strong>regiamque</strong></span> <span class='ocrx_word' id='word_1_324' title='bbox 1109 3040 1188 3123; x_wconf 87' lang='lat' dir='ltr'><strong>apud</strong></span> <span class='ocrx_word' id='word_1_325' title='bbox 1207 3039 1335 3102; x_wconf 83' lang='lat' dir='ltr'><strong>ludaeos</strong></span> <span class='ocrx_word' id='word_1_326' title='bbox 1353 3041 1398 3102; x_wconf 92' lang='lat' dir='ltr'><strong>di·</strong></span> 
     </span>
     <span class='ocr_line' id='line_1_36' title="bbox 153 3121 1398 3203; baseline 0.004 -21"><span class='ocrx_word' id='word_1_327' title='bbox 153 3123 234 3201; x_wconf 90' lang='lat' dir='ltr'><strong>plum</strong></span> <span class='ocrx_word' id='word_1_328' title='bbox 255 3130 283 3182; x_wconf 89' lang='lat' dir='ltr'><strong>et</strong></span> <span class='ocrx_word' id='word_1_329' title='bbox 302 3123 448 3197; x_wconf 85' lang='lat' dir='ltr'><strong>sublime,</strong></span> <span class='ocrx_word' id='word_1_330' title='bbox 470 3121 637 3202; x_wconf 79' lang='lat' dir='ltr'><strong>quodante</strong></span> <span class='ocrx_word' id='word_1_331' title='bbox 654 3121 752 3203; x_wconf 82' lang='lat' dir='ltr'><strong>ipsunt</strong></span> <span class='ocrx_word' id='word_1_332' title='bbox 792 3124 934 3200; x_wconf 88' lang='lat' dir='ltr'><strong>gnitatem</strong></span> <span class='ocrx_word' id='word_1_333' title='bbox 958 3123 1110 3185; x_wconf 86' lang='lat' dir='ltr'><strong>ambiisse.</strong></span> <span class='ocrx_word' id='word_1_334' title='bbox 1139 3123 1191 3185; x_wconf 79' lang='lat' dir='ltr'><strong>Ast</strong></span> <span class='ocrx_word' id='word_1_335' title='bbox 1209 3157 1226 3170; x_wconf 92' lang='lat'><em>-</em></span> <span class='ocrx_word' id='word_1_336' title='bbox 1249 3143 1328 3203; x_wconf 86' lang='lat' dir='ltr'><strong>quae</strong></span> <span class='ocrx_word' id='word_1_337' title='bbox 1349 3125 1398 3187; x_wconf 90' lang='lat' dir='ltr'><strong>isti</strong></span> 
     </span>
     <span class='ocr_line' id='line_1_37' title="bbox 152 3205 1396 3288; baseline 0.003 -22"><span class='ocrx_word' id='word_1_338' title='bbox 152 3206 265 3266; x_wconf 87' lang='lat' dir='ltr'><strong>nemini</strong></span> <span class='ocrx_word' id='word_1_339' title='bbox 288 3207 319 3265; x_wconf 93' lang='lat' dir='ltr'><strong>in</strong></span> <span class='ocrx_word' id='word_1_340' title='bbox 344 3215 474 3266; x_wconf 89' lang='lat' dir='ltr'><strong>mentem</strong></span> <span class='ocrx_word' id='word_1_341' title='bbox 504 3214 643 3282; x_wconf 89' lang='lat' dir='ltr'><strong>venerat,</strong></span> <span class='ocrx_word' id='word_1_342' title='bbox 666 3205 752 3269; x_wconf 90' lang='lat' dir='ltr'><strong>Chri-</strong></span> <span class='ocrx_word' id='word_1_343' title='bbox 791 3207 933 3283; x_wconf 37' lang='lat' dir='ltr'><strong>,effutiunt</strong></span> <span class='ocrx_word' id='word_1_344' title='bbox 952 3207 1035 3268; x_wconf 91' lang='lat' dir='ltr'><strong>omni</strong></span> <span class='ocrx_word' id='word_1_345' title='bbox 1054 3225 1175 3288; x_wconf 90' lang='lat' dir='ltr'><strong>prorsus</strong></span> <span class='ocrx_word' id='word_1_346' title='bbox 1197 3208 1396 3270; x_wconf 87' lang='lat' dir='ltr'><strong>fundamento</strong></span> 
     </span>
     <span class='ocr_line' id='line_1_38' title="bbox 153 3289 1397 3372; baseline 0.003 -22"><span class='ocrx_word' id='word_1_347' title='bbox 153 3299 215 3350; x_wconf 88' lang='lat' dir='ltr'><strong>stus</strong></span> <span class='ocrx_word' id='word_1_348' title='bbox 240 3289 438 3350; x_wconf 81' lang='lat' dir='ltr'><strong>manifestavit</strong></span> <span class='ocrx_word' id='word_1_349' title='bbox 463 3289 581 3351; x_wconf 90' lang='lat' dir='ltr'><strong>dicens:</strong></span> <span class='ocrx_word' id='word_1_350' title='bbox 603 3292 670 3372; x_wconf 80' lang='lat' dir='ltr'><strong>Epo</strong></span> <span class='ocrx_word' id='word_1_351' title='bbox 688 3308 754 3352; x_wconf 84' lang='lat' dir='ltr'><strong>sum</strong></span> <span class='ocrx_word' id='word_1_352' title='bbox 794 3301 911 3365; x_wconf 84' lang='lat' dir='ltr'><strong>carent,</strong></span> <span class='ocrx_word' id='word_1_353' title='bbox 932 3307 1029 3370; x_wconf 89' lang='lat' dir='ltr'><strong>neque</strong></span> <span class='ocrx_word' id='word_1_354' title='bbox 1052 3310 1087 3353; x_wconf 86' lang='lat' dir='ltr'><strong>ex</strong></span> <span class='ocrx_word' id='word_1_355' title='bbox 1109 3292 1220 3367; x_wconf 91' lang='lat' dir='ltr'><strong>sacris,</strong></span> <span class='ocrx_word' id='word_1_356' title='bbox 1242 3311 1343 3372; x_wconf 89' lang='lat' dir='ltr'><strong>neque</strong></span> <span class='ocrx_word' id='word_1_357' title='bbox 1361 3312 1397 3354; x_wconf 87' lang='lat' dir='ltr'><strong>ex</strong></span> 
     </span>
     <span class='ocr_line' id='line_1_39' title="bbox 149 3374 1399 3458; baseline 0.003 -24"><span class='ocrx_word' id='word_1_358' title='bbox 149 3379 253 3452; x_wconf 87' lang='lat' dir='ltr'><strong>postor</strong></span> <span class='ocrx_word' id='word_1_359' title='bbox 272 3374 375 3448; x_wconf 82' lang='lat' dir='ltr'><strong>hohas,</strong></span> <span class='ocrx_word' id='word_1_360' title='bbox 389 3405 430 3418; x_wconf 85' lang='lat'><strong>-</strong></span> <span class='ocrx_word' id='word_1_361' title='bbox 442 3407 483 3418; x_wconf 89' lang='lat'><strong>-—</strong></span> <span class='ocrx_word' id='word_1_362' title='bbox 494 3382 520 3436; x_wconf 88' lang='lat' dir='ltr'><strong>et</strong></span> <span class='ocrx_word' id='word_1_363' title='bbox 532 3375 608 3436; x_wconf 86' lang='lat' dir='ltr'><strong>olins</strong></span> <span class='ocrx_word' id='word_1_364' title='bbox 619 3393 683 3447; x_wconf 85' lang='lat' dir='ltr'><strong>oves</strong></span> <span class='ocrx_word' id='word_1_365' title='bbox 697 3375 753 3438; x_wconf 87' lang='lat' dir='ltr'><strong>ltu-</strong></span> <span class='ocrx_word' id='word_1_366' title='bbox 794 3375 927 3455; x_wconf 85' lang='lat' dir='ltr'><strong>profanis</strong></span> <span class='ocrx_word' id='word_1_367' title='bbox 941 3375 1137 3457; x_wconf 82' lang='lat' dir='ltr'><strong>scriptoribus</strong></span> <span class='ocrx_word' id='word_1_368' title='bbox 1151 3375 1212 3437; x_wconf 91' lang='lat' dir='ltr'><strong>ullo</strong></span> <span class='ocrx_word' id='word_1_369' title='bbox 1228 3377 1318 3437; x_wconf 87' lang='lat' dir='ltr'><strong>modo</strong></span> <span class='ocrx_word' id='word_1_370' title='bbox 1330 3395 1399 3458; x_wconf 83' lang='lat' dir='ltr'><strong>pro-</strong></span> 
     </span>
     <span class='ocr_line' id='line_1_40' title="bbox 154 3458 1399 3540; baseline 0.003 -22"><span class='ocrx_word' id='word_1_371' title='bbox 154 3458 215 3532; x_wconf 84' lang='lat' dir='ltr'><strong>beo,</strong></span> <span class='ocrx_word' id='word_1_372' title='bbox 236 3466 473 3536; x_wconf 75' lang='lat' dir='ltr'><strong>praenossent</strong></span> <span class='ocrx_word' id='word_1_373' title='bbox 491 3475 528 3520; x_wconf 78' lang='lat' dir='ltr'><strong>eor</strong></span> <span class='ocrx_word' id='word_1_374' title='bbox 546 3459 685 3522; x_wconf 84' lang='lat' dir='ltr'><strong>borovili</strong></span> <span class='ocrx_word' id='word_1_375' title='bbox 703 3460 715 3538; x_wconf 96' lang='lat'>(</span> <span class='ocrx_word' id='word_1_376' title='bbox 730 3459 752 3520; x_wconf 92' lang='lat' dir='ltr'><strong>i.</strong></span> <span class='ocrx_word' id='word_1_377' title='bbox 794 3459 859 3522; x_wconf 88' lang='lat' dir='ltr'><strong>bari</strong></span> <span class='ocrx_word' id='word_1_378' title='bbox 874 3468 999 3540; x_wconf 92' lang='lat' dir='ltr'><strong>queunt,</strong></span> <span class='ocrx_word' id='word_1_379' title='bbox 1021 3458 1128 3522; x_wconf 91' lang='lat' dir='ltr'><strong>Christi</strong></span> <span class='ocrx_word' id='word_1_380' title='bbox 1150 3459 1317 3521; x_wconf 87' lang='lat' dir='ltr'><strong>characteri</strong></span> <span class='ocrx_word' id='word_1_381' title='bbox 1336 3479 1399 3522; x_wconf 86' lang='lat' dir='ltr'><strong>rno-</strong></span> 
     </span>
     <span class='ocr_line' id='line_1_41' title="bbox 154 3542 1398 3625; baseline 0.003 -23"><span class='ocrx_word' id='word_1_382' title='bbox 154 3556 182 3602; x_wconf 90' lang='lat' dir='ltr'><strong>e.</strong></span> <span class='ocrx_word' id='word_1_383' title='bbox 202 3549 304 3618; x_wconf 84' lang='lat' dir='ltr'><strong>gentes</strong></span> <span class='ocrx_word' id='word_1_384' title='bbox 323 3559 375 3621; x_wconf 89' lang='lat' dir='ltr'><strong>per</strong></span> <span class='ocrx_word' id='word_1_385' title='bbox 396 3543 498 3604; x_wconf 90' lang='lat' dir='ltr'><strong>orbem</strong></span> <span class='ocrx_word' id='word_1_386' title='bbox 524 3551 670 3604; x_wconf 90' lang='lat' dir='ltr'><strong>terrarum</strong></span> <span class='ocrx_word' id='word_1_387' title='bbox 691 3543 753 3604; x_wconf 89' lang='lat' dir='ltr'><strong>dis·</strong></span> <span class='ocrx_word' id='word_1_388' title='bbox 794 3543 894 3625; x_wconf 88' lang='lat' dir='ltr'><strong>doque</strong></span> <span class='ocrx_word' id='word_1_389' title='bbox 911 3553 940 3605; x_wconf 90' lang='lat' dir='ltr'><strong>et</strong></span> <span class='ocrx_word' id='word_1_390' title='bbox 957 3542 1084 3606; x_wconf 89' lang='lat' dir='ltr'><strong>docendi</strong></span> <span class='ocrx_word' id='word_1_391' title='bbox 1103 3551 1133 3606; x_wconf 91' lang='lat' dir='ltr'><strong>et</strong></span> <span class='ocrx_word' id='word_1_392' title='bbox 1151 3543 1258 3621; x_wconf 84' lang='lat' dir='ltr'><strong>agendi</strong></span> <span class='ocrx_word' id='word_1_393' title='bbox 1279 3545 1398 3623; x_wconf 87' lang='lat' dir='ltr'><strong>penitus</strong></span> 
     </span>
     <span class='ocr_line' id='line_1_42' title="bbox 154 3626 1398 3708; baseline 0.002 -22"><span class='ocrx_word' id='word_1_394' title='bbox 154 3626 579 3706; x_wconf 80' lang='lat' dir='ltr'><strong>pe1·sas);etiilnsoportetme</strong></span> <span class='ocrx_word' id='word_1_395' title='bbox 596 3629 753 3702; x_wconf 82' lang='lat' dir='ltr'><strong>adducere,</strong></span> <span class='ocrx_word' id='word_1_396' title='bbox 795 3628 943 3688; x_wconf 88' lang='lat' dir='ltr'><strong>contraria</strong></span> <span class='ocrx_word' id='word_1_397' title='bbox 966 3636 1053 3703; x_wconf 80' lang='lat' dir='ltr'><strong>sunt,</strong></span> <span class='ocrx_word' id='word_1_398' title='bbox 1065 3628 1237 3708; x_wconf 87' lang='lat' dir='ltr'><strong>optimeque</strong></span> <span class='ocrx_word' id='word_1_399' title='bbox 1256 3645 1312 3708; x_wconf 88' lang='lat' dir='ltr'><strong>per</strong></span> <span class='ocrx_word' id='word_1_400' title='bbox 1330 3647 1398 3690; x_wconf 92' lang='lat' dir='ltr'><strong>om-</strong></span> 
     </span>
     <span class='ocr_line' id='line_1_43' title="bbox 155 3711 1398 3792; baseline 0.002 -20"><span class='ocrx_word' id='word_1_401' title='bbox 155 3718 182 3772; x_wconf 90' lang='lat' dir='ltr'><strong>et</strong></span> <span class='ocrx_word' id='word_1_402' title='bbox 195 3711 245 3791; x_wconf 69' lang='lat' dir='ltr'><strong>fiet</strong></span> <span class='ocrx_word' id='word_1_403' title='bbox 261 3728 356 3773; x_wconf 81' lang='lat' dir='ltr'><strong>unum</strong></span> <span class='ocrx_word' id='word_1_404' title='bbox 364 3712 681 3789; x_wconf 79' lang='lat' dir='ltr'><strong>mlta,etoooaposror</strong></span> <span class='ocrx_word' id='word_1_405' title='bbox 693 3712 752 3791; x_wconf 79' lang='lat' dir='ltr'><strong>(fl).</strong></span> <span class='ocrx_word' id='word_1_406' title='bbox 796 3712 846 3772; x_wconf 87' lang='lat' dir='ltr'><strong>nia</strong></span> <span class='ocrx_word' id='word_1_407' title='bbox 864 3719 1038 3790; x_wconf 84' lang='lat' dir='ltr'><strong>argumenta</strong></span> <span class='ocrx_word' id='word_1_408' title='bbox 1065 3712 1250 3789; x_wconf 83' lang='lat' dir='ltr'><strong>refutantur,</strong></span> <span class='ocrx_word' id='word_1_409' title='bbox 1271 3713 1398 3792; x_wconf 91' lang='lat' dir='ltr'><strong>quaein</strong></span> 
     </span>
     <span class='ocr_line' id='line_1_44' title="bbox 154 3793 1397 3876; baseline 0.002 -21"><span class='ocrx_word' id='word_1_410' title='bbox 154 3793 536 3874; x_wconf 85' lang='lat' dir='ltr'><strong>Haedeeausaantequam</strong></span> <span class='ocrx_word' id='word_1_411' title='bbox 551 3795 757 3856; x_wconf 88' lang='lat' dir='ltr'><strong>mundumre-</strong></span> <span class='ocrx_word' id='word_1_412' title='bbox 795 3795 989 3876; x_wconf 88' lang='lat' dir='ltr'><strong>sequentibus</strong></span> <span class='ocrx_word' id='word_1_413' title='bbox 1018 3795 1151 3857; x_wconf 87' lang='lat' dir='ltr'><strong>articulis</strong></span> <span class='ocrx_word' id='word_1_414' title='bbox 1183 3813 1235 3876; x_wconf 88' lang='lat' dir='ltr'><strong>pro</strong></span> <span class='ocrx_word' id='word_1_415' title='bbox 1264 3793 1397 3875; x_wconf 84' lang='lat' dir='ltr'><strong>Religio-</strong></span> 
     </span>
     <span class='ocr_line' id='line_1_45' title="bbox 78 3879 1399 3959; baseline 0.005 -23"><span class='ocrx_word' id='word_1_416' title='bbox 78 3929 81 3936; x_wconf 70' lang='lat'><strong>,</strong></span> <span class='ocrx_word' id='word_1_417' title='bbox 157 3879 316 3959; x_wconf 82' lang='lat' dir='ltr'><strong>linqueret,</strong></span> <span class='ocrx_word' id='word_1_418' title='bbox 332 3879 488 3959; x_wconf 85' lang='lat' dir='ltr'><strong>hpostolos</strong></span> <span class='ocrx_word' id='word_1_419' title='bbox 499 3879 600 3940; x_wconf 83' lang='lat' dir='ltr'><strong>docere</strong></span> <span class='ocrx_word' id='word_1_420' title='bbox 615 3887 643 3940; x_wconf 90' lang='lat' dir='ltr'><strong>et</strong></span> <span class='ocrx_word' id='word_1_421' title='bbox 659 3880 756 3958; x_wconf 80' lang='lat' dir='ltr'><strong>bapti-</strong></span> <span class='ocrx_word' id='word_1_422' title='bbox 796 3879 843 3939; x_wconf 87' lang='lat' dir='ltr'><strong>nis</strong></span> <span class='ocrx_word' id='word_1_423' title='bbox 871 3879 1050 3943; x_wconf 88' lang='lat' dir='ltr'><strong>christianae</strong></span> <span class='ocrx_word' id='word_1_424' title='bbox 1077 3879 1230 3943; x_wconf 88' lang='lat' dir='ltr'><strong>divinitate</strong></span> <span class='ocrx_word' id='word_1_425' title='bbox 1264 3881 1399 3942; x_wconf 86' lang='lat' dir='ltr'><strong>afferun-</strong></span> 
     </span>
     <span class='ocr_line' id='line_1_46' title="bbox 154 3961 973 4046; baseline -0.005 -20"><span class='ocrx_word' id='word_1_426' title='bbox 154 3979 340 4027; x_wconf 74' lang='lat' dir='ltr'><strong>zoreomnes</strong></span> <span class='ocrx_word' id='word_1_427' title='bbox 350 3970 446 4043; x_wconf 83' lang='lat' dir='ltr'><strong>peotes</strong></span> <span class='ocrx_word' id='word_1_428' title='bbox 461 3961 542 4044; x_wconf 78' lang='lat'><strong>(10),</strong></span> <span class='ocrx_word' id='word_1_429' title='bbox 562 3970 592 4024; x_wconf 91' lang='lat' dir='ltr'><strong>et</strong></span> <span class='ocrx_word' id='word_1_430' title='bbox 608 3971 708 4028; x_wconf 85' lang='lat' dir='ltr'><strong>euntes</strong></span> <span class='ocrx_word' id='word_1_431' title='bbox 722 3963 756 4028; x_wconf 86' lang='lat' dir='ltr'><strong>in</strong></span> <span class='ocrx_word' id='word_1_432' title='bbox 797 3970 846 4024; x_wconf 92' lang='lat' dir='ltr'><strong>tur</strong></span> <span class='ocrx_word' id='word_1_433' title='bbox 863 3963 944 4046; x_wconf 91' lang='lat' dir='ltr'><strong>(ll).</strong></span> <span class='ocrx_word' id='word_1_434' title='bbox 971 4027 973 4034; x_wconf 57' lang='grc'><strong>,</strong></span> 
     </span>
    </p>
   </div>
   <div class='ocr_carea' id='block_1_2' title="bbox 200 4200 1399 4380">
    <p class='ocr_par' dir='ltr' id='par_1_3' title="bbox 200 4200 1399 4380">
     <span class='ocr_line' id='line_1_47' title="bbox 231 4200 1356 4270; baseline 0.004 -24"><span class='ocrx_word' id='word_1_435' title='bbox 231 4203 288 4247; x_wconf 70' lang='lat' dir='ltr'><strong>vas</strong></span> <span class='ocrx_word' id='word_1_436' title='bbox 312 4201 351 4248; x_wconf 76' lang='lat' dir='ltr'><strong>av.</strong></span> <span class='ocrx_word' id='word_1_437' title='bbox 468 4200 629 4261; x_wconf 65' lang='lat' dir='ltr'><strong>lamara.</strong></span> <span class='ocrx_word' id='word_1_438' title='bbox 872 4203 902 4246; x_wconf 83' lang='lat' dir='ltr'><strong>vo.</strong></span> <span class='ocrx_word' id='word_1_439' title='bbox 920 4203 1000 4270; x_wconf 68' lang='lat' dir='ltr'><strong>mlo</strong></span> <span class='ocrx_word' id='word_1_440' title='bbox 1117 4203 1356 4265; x_wconf 67' lang='lat' dir='ltr'><strong>(catalaunense</strong></span> 
     </span>
     <span class='ocr_line' id='line_1_48' title="bbox 200 4235 1399 4380; baseline 0.008 -78"><span class='ocrx_word' id='word_1_441' title='bbox 200 4261 221 4377; x_wconf 84' lang='lat' dir='ltr'><strong>q</strong></span> <span class='ocrx_word' id='word_1_442' title='bbox 229 4235 372 4377; x_wconf 43' lang='lat' dir='ltr'><strong>iiiia?</strong></span> <span class='ocrx_word' id='word_1_443' title='bbox 383 4260 430 4305; x_wconf 80' lang='lat' dir='ltr'><strong>ers</strong></span> <span class='ocrx_word' id='word_1_444' title='bbox 442 4259 503 4377; x_wconf 52' lang='lat' dir='ltr'><strong>aq.)</strong></span> <span class='ocrx_word' id='word_1_445' title='bbox 516 4317 591 4378; x_wconf 47' lang='lat' dir='ltr'><strong>M,</strong></span> <span class='ocrx_word' id='word_1_446' title='bbox 602 4319 641 4364; x_wconf 38' lang='grc'><strong>21.</strong></span> <span class='ocrx_word' id='word_1_447' title='bbox 750 4332 754 4346; x_wconf 74' lang='lat'><strong>,</strong></span> <span class='ocrx_word' id='word_1_448' title='bbox 798 4319 821 4380; x_wconf 42' lang='grc' dir='ltr'><strong>ὅ,</strong></span> <span class='ocrx_word' id='word_1_449' title='bbox 836 4257 919 4379; x_wconf 43' lang='lat' dir='ltr'><strong>gtthr.</strong></span> <span class='ocrx_word' id='word_1_450' title='bbox 932 4259 1068 4320; x_wconf 76' lang='lat' dir='ltr'><strong>stuprata</strong></span> <span class='ocrx_word' id='word_1_451' title='bbox 1088 4261 1141 4323; x_wconf 65' lang='lat' dir='ltr'><strong>aa.</strong></span> <span class='ocrx_word' id='word_1_452' title='bbox 1154 4264 1207 4323; x_wconf 82' lang='lat' dir='ltr'><strong>lov,</strong></span> <span class='ocrx_word' id='word_1_453' title='bbox 1221 4263 1241 4310; x_wconf 85' lang='lat' dir='ltr'><strong>t.</strong></span> <span class='ocrx_word' id='word_1_454' title='bbox 1254 4263 1399 4325; x_wconf 68' lang='lat' dir='ltr'><strong>oobmmrc</strong></span> 
     </span>
    </p>
   </div>
   <div class='ocr_carea' id='block_1_3' title="bbox 186 4138 1399 4378">
    <p class='ocr_par' dir='ltr' id='par_1_4' title="bbox 186 4138 1399 4378">
     <span class='ocr_line' id='line_1_49' title="bbox 186 4138 1399 4378; baseline 0.003 -188"><span class='ocrx_word' id='word_1_455' title='bbox 186 4141 309 4378; x_wconf 43' lang='lat' dir='ltr'><strong>&amp;hallin</strong></span> <span class='ocrx_word' id='word_1_456' title='bbox 321 4143 343 4202; x_wconf 84' lang='lat' dir='ltr'><strong>l,</strong></span> <span class='ocrx_word' id='word_1_457' title='bbox 355 4143 390 4196; x_wconf 66' lang='lat' dir='ltr'><strong>tta</strong></span> <span class='ocrx_word' id='word_1_458' title='bbox 401 4142 471 4188; x_wconf 88' lang='lat' dir='ltr'><strong>lllarc.</strong></span> <span class='ocrx_word' id='word_1_459' title='bbox 483 4139 505 4200; x_wconf 89' lang='lat' dir='ltr'><strong>l,</strong></span> <span class='ocrx_word' id='word_1_460' title='bbox 521 4141 554 4188; x_wconf 72' lang='lat' dir='ltr'><strong>lb.</strong></span> <span class='ocrx_word' id='word_1_461' title='bbox 827 4138 860 4322; x_wconf 50' lang='grc' dir='ltr'>β</span> <span class='ocrx_word' id='word_1_462' title='bbox 870 4139 951 4188; x_wconf 77' lang='lat' dir='ltr'><strong>matth.</strong></span> <span class='ocrx_word' id='word_1_463' title='bbox 961 4141 999 4202; x_wconf 77' lang='lat'><strong>26,</strong></span> <span class='ocrx_word' id='word_1_464' title='bbox 1009 4139 1046 4200; x_wconf 64' lang='lat' dir='ltr'><strong>aa,</strong></span> <span class='ocrx_word' id='word_1_465' title='bbox 1059 4141 1113 4190; x_wconf 85' lang='lat' dir='ltr'><strong>Luc.</strong></span> <span class='ocrx_word' id='word_1_466' title='bbox 1122 4145 1159 4202; x_wconf 79' lang='lat'><strong>22,</strong></span> <span class='ocrx_word' id='word_1_467' title='bbox 1170 4145 1207 4191; x_wconf 81' lang='lat'><strong>2⁰.</strong></span> <span class='ocrx_word' id='word_1_468' title='bbox 1233 4143 1264 4206; x_wconf 83' lang='lat'><strong>(8)</strong></span> <span class='ocrx_word' id='word_1_469' title='bbox 1277 4144 1309 4191; x_wconf 89' lang='lat' dir='ltr'><strong>lo.</strong></span> <span class='ocrx_word' id='word_1_470' title='bbox 1320 4145 1355 4206; x_wconf 87' lang='lat' dir='ltr'><strong>l8,</strong></span> <span class='ocrx_word' id='word_1_471' title='bbox 1363 4147 1399 4194; x_wconf 75' lang='lat' dir='ltr'><strong>nr.</strong></span> 
     </span>
     <span class='ocr_line' id='line_1_50' title="bbox 197 4263 845 4304; baseline 0.017 -11"><span class='ocrx_word' id='word_1_472' title='bbox 197 4287 199 4293; x_wconf 94' lang='lat'><em>.</em></span> <span class='ocrx_word' id='word_1_473' title='bbox 840 4263 845 4304; x_wconf 94' lang='grc' dir='ltr'>Ι</span> 
     </span>
    </p>
   </div>
   <div class='ocr_carea' id='block_1_4' title="bbox 0 0 1474 4734">
    <p class='ocr_par' dir='ltr' id='par_1_5' title="bbox 0 0 1474 4734">
     <span class='ocr_line' id='line_1_51' title="bbox 0 0 1474 4734; baseline 0 0"><span class='ocrx_word' id='word_1_474' title='bbox 0 0 1474 4734; x_wconf 95' lang='lat' dir='ltr'><strong> </strong></span> 
     </span>
    </p>
   </div>
  </div>
 </body>
</html>
