<?xml version="1.0" encoding="UTF-8"?>
<!DOCTYPE html PUBLIC "-//W3C//DTD XHTML 1.0 Transitional//EN"
    "http://www.w3.org/TR/xhtml1/DTD/xhtml1-transitional.dtd">
<html xmlns="http://www.w3.org/1999/xhtml" xml:lang="en" lang="en">
 <head>
  <title>
</title>
<meta http-equiv="Content-Type" content="text/html;charset=utf-8" />
  <meta name='ocr-system' content='tesseract 3.04.00' />
  <meta name='ocr-capabilities' content='ocr_page ocr_carea ocr_par ocr_line ocrx_word'/>
</head>
<body>
  <div class='ocr_page' id='page_1' title='image "./institutionesth00knolgoog_0363.png"; bbox 0 0 2934 4736; ppageno 0'>
   <div class='ocr_carea' id='block_1_1' title="bbox 416 171 1246 236">
    <p class='ocr_par' dir='ltr' id='par_1_1' title="bbox 416 171 1246 236">
     <span class='ocr_line' id='line_1_1' title="bbox 416 171 1246 236; baseline 0.005 -4"><span class='ocrx_word' id='word_1_1' title='bbox 416 183 491 232; x_wconf 82' lang='lat' dir='ltr'><strong>enas</strong></span> <span class='ocrx_word' id='word_1_2' title='bbox 512 185 556 232; x_wconf 86' lang='lat' dir='ltr'><strong>ru.</strong></span> <span class='ocrx_word' id='word_1_3' title='bbox 579 182 681 232; x_wconf 80' lang='lat' dir='ltr'><strong>securo</strong></span> <span class='ocrx_word' id='word_1_4' title='bbox 702 184 735 232; x_wconf 91' lang='lat' dir='ltr'><strong>u.</strong></span> <span class='ocrx_word' id='word_1_5' title='bbox 758 185 853 234; x_wconf 82' lang='lat' dir='ltr'><strong>carcr</strong></span> <span class='ocrx_word' id='word_1_6' title='bbox 873 187 907 235; x_wconf 90' lang='lat' dir='ltr'><strong>n.</strong></span> <span class='ocrx_word' id='word_1_7' title='bbox 1102 231 1104 236; x_wconf 85' lang='lat'><strong>.</strong></span> <span class='ocrx_word' id='word_1_8' title='bbox 1184 171 1246 236; x_wconf 82' lang='lat'><strong>³55</strong></span> 
     </span>
    </p>
   </div>
   <div class='ocr_carea' id='block_1_2' title="bbox 23 262 1372 4308">
    <p class='ocr_par' dir='ltr' id='par_1_2' title="bbox 54 262 1286 598">
     <span class='ocr_line' id='line_1_2' title="bbox 56 262 1286 351; baseline 0.003 -24"><span class='ocrx_word' id='word_1_9' title='bbox 56 263 125 327; x_wconf 88' lang='lat' dir='ltr'><strong>enim</strong></span> <span class='ocrx_word' id='word_1_10' title='bbox 144 262 255 328; x_wconf 76' lang='lat' dir='ltr'><strong>scribit:</strong></span> <span class='ocrx_word' id='word_1_11' title='bbox 271 264 386 330; x_wconf 82' lang='lat' dir='ltr'><strong>Pascite</strong></span> <span class='ocrx_word' id='word_1_12' title='bbox 399 269 451 346; x_wconf 86' lang='lat' dir='ltr'><strong>qul</strong></span> <span class='ocrx_word' id='word_1_13' title='bbox 463 267 589 330; x_wconf 80' lang='lat' dir='ltr'><strong>lucebis</strong></span> <span class='ocrx_word' id='word_1_14' title='bbox 602 274 643 330; x_wconf 83' lang='lat' dir='ltr'><strong>est</strong></span> <span class='ocrx_word' id='word_1_15' title='bbox 682 285 787 330; x_wconf 88' lang='lat' dir='ltr'><strong>omnes</strong></span> <span class='ocrx_word' id='word_1_16' title='bbox 805 268 974 349; x_wconf 78' lang='lat' dir='ltr'><strong>pertinent,</strong></span> <span class='ocrx_word' id='word_1_17' title='bbox 994 267 1044 351; x_wconf 89' lang='lat' dir='ltr'><strong>qui</strong></span> <span class='ocrx_word' id='word_1_18' title='bbox 1065 275 1177 332; x_wconf 87' lang='lat' dir='ltr'><strong>rectam</strong></span> <span class='ocrx_word' id='word_1_19' title='bbox 1197 269 1286 331; x_wconf 85' lang='lat' dir='ltr'><strong>iidem</strong></span> 
     </span>
     <span class='ocr_line' id='line_1_3' title="bbox 54 349 1286 433; baseline 0.005 -23"><span class='ocrx_word' id='word_1_20' title='bbox 54 367 157 430; x_wconf 78' lang='lat' dir='ltr'><strong>pragen</strong></span> <span class='ocrx_word' id='word_1_21' title='bbox 183 351 239 412; x_wconf 85' lang='lat' dir='ltr'><strong>Del</strong></span> <span class='ocrx_word' id='word_1_22' title='bbox 264 350 324 431; x_wconf 87' lang='lat' dir='ltr'><strong>(l).</strong></span> <span class='ocrx_word' id='word_1_23' title='bbox 351 349 428 432; x_wconf 74' lang='lat' dir='ltr'><strong>Ergo</strong></span> <span class='ocrx_word' id='word_1_24' title='bbox 458 360 487 413; x_wconf 90' lang='lat' dir='ltr'><strong>et</strong></span> <span class='ocrx_word' id='word_1_25' title='bbox 508 351 642 433; x_wconf 79' lang='lat' dir='ltr'><strong>Apostoli</strong></span> <span class='ocrx_word' id='word_1_26' title='bbox 682 354 1076 433; x_wconf 88' lang='lat' dir='ltr'><strong>tenentetprelitentur,de</strong></span> <span class='ocrx_word' id='word_1_27' title='bbox 1091 353 1286 416; x_wconf 74' lang='lat' dir='ltr'><strong>sacramentis</strong></span> 
     </span>
     <span class='ocr_line' id='line_1_4' title="bbox 55 433 1286 518; baseline 0.005 -25"><span class='ocrx_word' id='word_1_28' title='bbox 55 433 204 494; x_wconf 75' lang='lat' dir='ltr'><strong>Ecclesiam</strong></span> <span class='ocrx_word' id='word_1_29' title='bbox 220 434 436 499; x_wconf 82' lang='lat' dir='ltr'><strong>utsocietatena</strong></span> <span class='ocrx_word' id='word_1_30' title='bbox 451 435 638 518; x_wconf 82' lang='lat' dir='ltr'><strong>inaequalem</strong></span> <span class='ocrx_word' id='word_1_31' title='bbox 673 435 882 518; x_wconf 89' lang='lat' dir='ltr'><strong>participant,</strong></span> <span class='ocrx_word' id='word_1_32' title='bbox 905 447 936 500; x_wconf 91' lang='lat' dir='ltr'><strong>et</strong></span> <span class='ocrx_word' id='word_1_33' title='bbox 957 437 1098 515; x_wconf 80' lang='lat' dir='ltr'><strong>legitimis</strong></span> <span class='ocrx_word' id='word_1_34' title='bbox 1116 437 1286 518; x_wconf 90' lang='lat' dir='ltr'><strong>pasteribus</strong></span> 
     </span>
     <span class='ocr_line' id='line_1_5' title="bbox 54 520 1284 598; baseline 0.003 -20"><span class='ocrx_word' id='word_1_35' title='bbox 54 524 222 598; x_wconf 91' lang='lat' dir='ltr'><strong>proponunt.</strong></span> <span class='ocrx_word' id='word_1_36' title='bbox 680 520 818 596; x_wconf 88' lang='lat' dir='ltr'><strong>subsunt;</strong></span> <span class='ocrx_word' id='word_1_37' title='bbox 837 521 984 583; x_wconf 90' lang='lat' dir='ltr'><strong>internam</strong></span> <span class='ocrx_word' id='word_1_38' title='bbox 1005 529 1103 582; x_wconf 91' lang='lat' dir='ltr'><strong>autem</strong></span> <span class='ocrx_word' id='word_1_39' title='bbox 1119 521 1284 582; x_wconf 80' lang='lat' dir='ltr'><strong>Ecclesiam</strong></span> 
     </span>
    </p>

    <p class='ocr_par' dir='ltr' id='par_1_3' title="bbox 43 600 1285 1107">
     <span class='ocr_line' id='line_1_6' title="bbox 89 600 1285 687; baseline 0.006 -26"><span class='ocrx_word' id='word_1_40' title='bbox 89 603 115 664; x_wconf 88' lang='lat'><strong>3.</strong></span> <span class='ocrx_word' id='word_1_41' title='bbox 129 600 258 663; x_wconf 87' lang='lat' dir='ltr'><strong>llistoria</strong></span> <span class='ocrx_word' id='word_1_42' title='bbox 271 601 369 677; x_wconf 90' lang='lat' dir='ltr'><strong>docet,</strong></span> <span class='ocrx_word' id='word_1_43' title='bbox 381 619 512 685; x_wconf 89' lang='lat' dir='ltr'><strong>semper,</strong></span> <span class='ocrx_word' id='word_1_44' title='bbox 525 601 639 685; x_wconf 93' lang='lat' dir='ltr'><strong>ubique</strong></span> <span class='ocrx_word' id='word_1_45' title='bbox 679 603 724 664; x_wconf 95' lang='lat' dir='ltr'><strong>illi</strong></span> <span class='ocrx_word' id='word_1_46' title='bbox 750 605 955 684; x_wconf 89' lang='lat' dir='ltr'><strong>constituunt,</strong></span> <span class='ocrx_word' id='word_1_47' title='bbox 979 604 1031 687; x_wconf 94' lang='lat' dir='ltr'><strong>qui</strong></span> <span class='ocrx_word' id='word_1_48' title='bbox 1056 612 1176 686; x_wconf 89' lang='lat' dir='ltr'><strong>praeter</strong></span> <span class='ocrx_word' id='word_1_49' title='bbox 1199 614 1285 668; x_wconf 91' lang='lat' dir='ltr'><strong>nutas</strong></span> 
     </span>
     <span class='ocr_line' id='line_1_7' title="bbox 56 684 1285 768; baseline 0.006 -23"><span class='ocrx_word' id='word_1_50' title='bbox 56 694 79 745; x_wconf 88' lang='lat' dir='ltr'><strong>et</strong></span> <span class='ocrx_word' id='word_1_51' title='bbox 93 684 125 746; x_wconf 89' lang='lat' dir='ltr'><strong>ab</strong></span> <span class='ocrx_word' id='word_1_52' title='bbox 143 686 284 748; x_wconf 89' lang='lat' dir='ltr'><strong>omuibus</strong></span> <span class='ocrx_word' id='word_1_53' title='bbox 301 688 444 749; x_wconf 85' lang='lat' dir='ltr'><strong>creditum</strong></span> <span class='ocrx_word' id='word_1_54' title='bbox 462 687 565 762; x_wconf 88' lang='lat' dir='ltr'><strong>luisse,</strong></span> <span class='ocrx_word' id='word_1_55' title='bbox 578 689 638 750; x_wconf 89' lang='lat' dir='ltr'><strong>Ec·</strong></span> <span class='ocrx_word' id='word_1_56' title='bbox 679 687 845 767; x_wconf 87' lang='lat' dir='ltr'><strong>praedictas</strong></span> <span class='ocrx_word' id='word_1_57' title='bbox 863 689 953 750; x_wconf 85' lang='lat' dir='ltr'><strong>etiarn</strong></span> <span class='ocrx_word' id='word_1_58' title='bbox 968 689 1064 768; x_wconf 88' lang='lat' dir='ltr'><strong>gratia</strong></span> <span class='ocrx_word' id='word_1_59' title='bbox 1080 689 1285 752; x_wconf 83' lang='lat' dir='ltr'><strong>sanctificante</strong></span> 
     </span>
     <span class='ocr_line' id='line_1_8' title="bbox 54 769 1283 855; baseline 0.004 -26"><span class='ocrx_word' id='word_1_60' title='bbox 54 769 158 831; x_wconf 80' lang='lat' dir='ltr'><strong>alesiam</strong></span> <span class='ocrx_word' id='word_1_61' title='bbox 178 789 216 832; x_wconf 82' lang='lat' dir='ltr'><strong>ex</strong></span> <span class='ocrx_word' id='word_1_62' title='bbox 236 770 303 852; x_wconf 90' lang='lat' dir='ltr'><strong>ipsa</strong></span> <span class='ocrx_word' id='word_1_63' title='bbox 323 771 637 835; x_wconf 86' lang='lat' dir='ltr'><strong>institutioneChristi</strong></span> <span class='ocrx_word' id='word_1_64' title='bbox 679 773 776 835; x_wconf 88' lang='lat' dir='ltr'><strong>ornati</strong></span> <span class='ocrx_word' id='word_1_65' title='bbox 794 780 876 834; x_wconf 93' lang='lat' dir='ltr'><strong>sunt.</strong></span> <span class='ocrx_word' id='word_1_66' title='bbox 893 773 937 834; x_wconf 84' lang='lat' dir='ltr'><strong>Ex</strong></span> <span class='ocrx_word' id='word_1_67' title='bbox 951 793 1010 855; x_wconf 88' lang='lat' dir='ltr'><strong>quo</strong></span> <span class='ocrx_word' id='word_1_68' title='bbox 1029 781 1164 854; x_wconf 89' lang='lat' dir='ltr'><strong>apparet,</strong></span> <span class='ocrx_word' id='word_1_69' title='bbox 1184 772 1283 835; x_wconf 91' lang='lat' dir='ltr'><strong>nemi-</strong></span> 
     </span>
     <span class='ocr_line' id='line_1_9' title="bbox 54 854 1283 937; baseline 0.004 -24"><span class='ocrx_word' id='word_1_70' title='bbox 54 854 88 914; x_wconf 88' lang='lat' dir='ltr'><strong>sie</strong></span> <span class='ocrx_word' id='word_1_71' title='bbox 102 854 263 916; x_wconf 89' lang='lat' dir='ltr'><strong>ordinatam</strong></span> <span class='ocrx_word' id='word_1_72' title='bbox 281 855 384 932; x_wconf 91' lang='lat' dir='ltr'><strong>luisse,</strong></span> <span class='ocrx_word' id='word_1_73' title='bbox 405 866 437 918; x_wconf 90' lang='lat' dir='ltr'><strong>ut</strong></span> <span class='ocrx_word' id='word_1_74' title='bbox 458 855 599 922; x_wconf 87' lang='lat' dir='ltr'><strong>docentes</strong></span> <span class='ocrx_word' id='word_1_75' title='bbox 620 876 638 918; x_wconf 89' lang='lat' dir='ltr'><strong>a</strong></span> <span class='ocrx_word' id='word_1_76' title='bbox 679 873 747 917; x_wconf 91' lang='lat' dir='ltr'><strong>nem</strong></span> <span class='ocrx_word' id='word_1_77' title='bbox 773 873 840 918; x_wconf 90' lang='lat' dir='ltr'><strong>esse</strong></span> <span class='ocrx_word' id='word_1_78' title='bbox 861 857 893 918; x_wconf 90' lang='lat' dir='ltr'><strong>in</strong></span> <span class='ocrx_word' id='word_1_79' title='bbox 915 856 1048 920; x_wconf 84' lang='lat' dir='ltr'><strong>Ecclesia</strong></span> <span class='ocrx_word' id='word_1_80' title='bbox 1073 859 1211 933; x_wconf 87' lang='lat' dir='ltr'><strong>interna,</strong></span> <span class='ocrx_word' id='word_1_81' title='bbox 1231 857 1283 937; x_wconf 92' lang='lat' dir='ltr'><strong>qui</strong></span> 
     </span>
     <span class='ocr_line' id='line_1_10' title="bbox 54 937 1283 1021; baseline 0.005 -24"><span class='ocrx_word' id='word_1_82' title='bbox 54 937 234 1014; x_wconf 88' lang='lat' dir='ltr'><strong>discentibus,</strong></span> <span class='ocrx_word' id='word_1_83' title='bbox 249 939 431 1021; x_wconf 85' lang='lat' dir='ltr'><strong>imperantes</strong></span> <span class='ocrx_word' id='word_1_84' title='bbox 445 939 639 1003; x_wconf 89' lang='lat' dir='ltr'><strong>abobedien-</strong></span> <span class='ocrx_word' id='word_1_85' title='bbox 678 958 738 1000; x_wconf 92' lang='lat' dir='ltr'><strong>non</strong></span> <span class='ocrx_word' id='word_1_86' title='bbox 753 948 867 1020; x_wconf 90' lang='lat' dir='ltr'><strong>spectet</strong></span> <span class='ocrx_word' id='word_1_87' title='bbox 882 941 919 1003; x_wconf 90' lang='lat' dir='ltr'><strong>ad</strong></span> <span class='ocrx_word' id='word_1_88' title='bbox 935 951 1098 1018; x_wconf 87' lang='lat' dir='ltr'><strong>externam,</strong></span> <span class='ocrx_word' id='word_1_89' title='bbox 1114 942 1184 1003; x_wconf 91' lang='lat' dir='ltr'><strong>licet</strong></span> <span class='ocrx_word' id='word_1_90' title='bbox 1197 941 1283 1004; x_wconf 91' lang='lat' dir='ltr'><strong>multi</strong></span> 
     </span>
     <span class='ocr_line' id='line_1_11' title="bbox 43 1020 1283 1107; baseline 0.004 -26"><span class='ocrx_word' id='word_1_91' title='bbox 43 1020 122 1100; x_wconf 55' lang='lat' dir='ltr'><strong>jtibus</strong></span> <span class='ocrx_word' id='word_1_92' title='bbox 143 1022 408 1102; x_wconf 81' lang='lat' dir='ltr'><strong>distinguerentur.</strong></span> <span class='ocrx_word' id='word_1_93' title='bbox 434 1023 503 1086; x_wconf 90' lang='lat' dir='ltr'><strong>ldeo</strong></span> <span class='ocrx_word' id='word_1_94' title='bbox 526 1024 638 1106; x_wconf 89' lang='lat' dir='ltr'><strong>ubique</strong></span> <span class='ocrx_word' id='word_1_95' title='bbox 678 1024 738 1084; x_wconf 88' lang='lat' dir='ltr'><strong>siut</strong></span> <span class='ocrx_word' id='word_1_96' title='bbox 756 1024 786 1085; x_wconf 94' lang='lat' dir='ltr'><strong>iu</strong></span> <span class='ocrx_word' id='word_1_97' title='bbox 805 1024 938 1088; x_wconf 85' lang='lat' dir='ltr'><strong>Ecclesia</strong></span> <span class='ocrx_word' id='word_1_98' title='bbox 960 1034 1099 1103; x_wconf 85' lang='lat' dir='ltr'><strong>externa,</strong></span> <span class='ocrx_word' id='word_1_99' title='bbox 1119 1025 1193 1107; x_wconf 94' lang='lat' dir='ltr'><strong>quin</strong></span> <span class='ocrx_word' id='word_1_100' title='bbox 1211 1043 1283 1105; x_wconf 90' lang='lat' dir='ltr'><strong>per·</strong></span> 
     </span>
    </p>

    <p class='ocr_par' dir='ltr' id='par_1_4' title="bbox 31 1105 1284 1948">
     <span class='ocr_line' id='line_1_12' title="bbox 31 1105 1283 1188; baseline 0.005 -24"><span class='ocrx_word' id='word_1_101' title='bbox 31 1105 305 1186; x_wconf 84' lang='lat' dir='ltr'><strong>·:semperPastures</strong></span> <span class='ocrx_word' id='word_1_102' title='bbox 322 1116 352 1170; x_wconf 92' lang='lat' dir='ltr'><strong>et</strong></span> <span class='ocrx_word' id='word_1_103' title='bbox 368 1109 509 1170; x_wconf 81' lang='lat' dir='ltr'><strong>Docloms</strong></span> <span class='ocrx_word' id='word_1_104' title='bbox 524 1109 638 1170; x_wconf 87' lang='lat' dir='ltr'><strong>consti·</strong></span> <span class='ocrx_word' id='word_1_105' title='bbox 680 1107 794 1174; x_wconf 83' lang='lat' dir='ltr'><strong>tineent</strong></span> <span class='ocrx_word' id='word_1_106' title='bbox 814 1109 850 1170; x_wconf 88' lang='lat' dir='ltr'><strong>ad</strong></span> <span class='ocrx_word' id='word_1_107' title='bbox 869 1108 1029 1172; x_wconf 89' lang='lat' dir='ltr'><strong>internam.</strong></span> <span class='ocrx_word' id='word_1_108' title='bbox 1048 1108 1126 1172; x_wconf 85' lang='lat' dir='ltr'><strong>llaec</strong></span> <span class='ocrx_word' id='word_1_109' title='bbox 1146 1127 1215 1188; x_wconf 88' lang='lat' dir='ltr'><strong>ergo</strong></span> <span class='ocrx_word' id='word_1_110' title='bbox 1234 1109 1283 1170; x_wconf 92' lang='lat' dir='ltr'><strong>di·</strong></span> 
     </span>
     <span class='ocr_line' id='line_1_13' title="bbox 47 1190 1283 1272; baseline 0.005 -24"><span class='ocrx_word' id='word_1_111' title='bbox 47 1190 188 1268; x_wconf 77' lang='lat' dir='ltr'><strong>inlisum,</strong></span> <span class='ocrx_word' id='word_1_112' title='bbox 202 1199 233 1254; x_wconf 91' lang='lat' dir='ltr'><strong>et</strong></span> <span class='ocrx_word' id='word_1_113' title='bbox 246 1210 354 1272; x_wconf 89' lang='lat' dir='ltr'><strong>magna</strong></span> <span class='ocrx_word' id='word_1_114' title='bbox 368 1212 439 1254; x_wconf 86' lang='lat' dir='ltr'><strong>cura</strong></span> <span class='ocrx_word' id='word_1_115' title='bbox 454 1193 554 1254; x_wconf 88' lang='lat' dir='ltr'><strong>habita</strong></span> <span class='ocrx_word' id='word_1_116' title='bbox 568 1193 635 1271; x_wconf 85' lang='lat' dir='ltr'><strong>luit,</strong></span> <span class='ocrx_word' id='word_1_117' title='bbox 678 1191 752 1254; x_wconf 84' lang='lat' dir='ltr'><strong>visio</strong></span> <span class='ocrx_word' id='word_1_118' title='bbox 771 1192 859 1270; x_wconf 87' lang='lat' dir='ltr'><strong>longe</strong></span> <span class='ocrx_word' id='word_1_119' title='bbox 874 1193 974 1255; x_wconf 82' lang='lat' dir='ltr'><strong>differt</strong></span> <span class='ocrx_word' id='word_1_120' title='bbox 992 1193 1029 1261; x_wconf 90' lang='lat' dir='ltr'><strong>ab</strong></span> <span class='ocrx_word' id='word_1_121' title='bbox 1043 1193 1095 1255; x_wconf 90' lang='lat' dir='ltr'><strong>illa</strong></span> <span class='ocrx_word' id='word_1_122' title='bbox 1109 1192 1283 1255; x_wconf 89' lang='lat' dir='ltr'><strong>Protestan-</strong></span> 
     </span>
     <span class='ocr_line' id='line_1_14' title="bbox 52 1274 1284 1356; baseline 0.006 -24"><span class='ocrx_word' id='word_1_123' title='bbox 52 1274 295 1356; x_wconf 89' lang='lat' dir='ltr'><strong>utEpiscoporum</strong></span> <span class='ocrx_word' id='word_1_124' title='bbox 308 1276 490 1340; x_wconf 87' lang='lat' dir='ltr'><strong>inEeelesiis</strong></span> <span class='ocrx_word' id='word_1_125' title='bbox 502 1276 559 1338; x_wconf 88' lang='lat' dir='ltr'><strong>sibi</strong></span> <span class='ocrx_word' id='word_1_126' title='bbox 573 1296 638 1340; x_wconf 90' lang='lat' dir='ltr'><strong>sue·</strong></span> <span class='ocrx_word' id='word_1_127' title='bbox 679 1275 766 1352; x_wconf 91' lang='lat' dir='ltr'><strong>tium,</strong></span> <span class='ocrx_word' id='word_1_128' title='bbox 787 1277 838 1356; x_wconf 92' lang='lat' dir='ltr'><strong>qui</strong></span> <span class='ocrx_word' id='word_1_129' title='bbox 857 1277 1020 1339; x_wconf 82' lang='lat' dir='ltr'><strong>Ecclesiam</strong></span> <span class='ocrx_word' id='word_1_130' title='bbox 1041 1277 1072 1338; x_wconf 94' lang='lat' dir='ltr'><strong>in</strong></span> <span class='ocrx_word' id='word_1_131' title='bbox 1090 1278 1234 1340; x_wconf 79' lang='lat' dir='ltr'><strong>visibilem</strong></span> <span class='ocrx_word' id='word_1_132' title='bbox 1253 1285 1284 1340; x_wconf 91' lang='lat' dir='ltr'><strong>et</strong></span> 
     </span>
     <span class='ocr_line' id='line_1_15' title="bbox 52 1357 1281 1442; baseline 0.007 -28"><span class='ocrx_word' id='word_1_133' title='bbox 52 1357 640 1442; x_wconf 87' lang='lat' dir='ltr'><strong>cedentiumseriesnunquamiuterrum·</strong></span> <span class='ocrx_word' id='word_1_134' title='bbox 678 1360 856 1424; x_wconf 75' lang='lat' dir='ltr'><strong>invisibilem</strong></span> <span class='ocrx_word' id='word_1_135' title='bbox 878 1361 920 1422; x_wconf 89' lang='lat' dir='ltr'><strong>ita</strong></span> <span class='ocrx_word' id='word_1_136' title='bbox 941 1362 1096 1438; x_wconf 90' lang='lat' dir='ltr'><strong>dividunt,</strong></span> <span class='ocrx_word' id='word_1_137' title='bbox 1117 1371 1150 1424; x_wconf 92' lang='grc' dir='ltr'><strong>ιι</strong></span> <span class='ocrx_word' id='word_1_138' title='bbox 1168 1361 1281 1439; x_wconf 89' lang='lat' dir='ltr'><strong>dicant,</strong></span> 
     </span>
     <span class='ocr_line' id='line_1_16' title="bbox 53 1441 1280 1522; baseline 0.005 -21"><span class='ocrx_word' id='word_1_139' title='bbox 53 1452 167 1519; x_wconf 85' lang='lat' dir='ltr'><strong>peretur.</strong></span> <span class='ocrx_word' id='word_1_140' title='bbox 189 1442 246 1515; x_wconf 89' lang='lat' dir='ltr'><strong>Qui</strong></span> <span class='ocrx_word' id='word_1_141' title='bbox 264 1443 405 1522; x_wconf 79' lang='lat' dir='ltr'><strong>legitimis</strong></span> <span class='ocrx_word' id='word_1_142' title='bbox 421 1443 593 1507; x_wconf 83' lang='lat' dir='ltr'><strong>Pectoribus</strong></span> <span class='ocrx_word' id='word_1_143' title='bbox 606 1465 639 1508; x_wconf 91' lang='lat' dir='ltr'><strong>se</strong></span> <span class='ocrx_word' id='word_1_144' title='bbox 680 1444 818 1506; x_wconf 91' lang='lat' dir='ltr'><strong>homines</strong></span> <span class='ocrx_word' id='word_1_145' title='bbox 846 1446 882 1508; x_wconf 89' lang='lat' dir='ltr'><strong>ad</strong></span> <span class='ocrx_word' id='word_1_146' title='bbox 909 1443 1073 1508; x_wconf 88' lang='lat' dir='ltr'><strong>Ecclesiam</strong></span> <span class='ocrx_word' id='word_1_147' title='bbox 1103 1441 1280 1507; x_wconf 85' lang='lat' dir='ltr'><strong>invisibilem</strong></span> 
     </span>
     <span class='ocr_line' id='line_1_17' title="bbox 53 1525 1282 1610; baseline 0.007 -26"><span class='ocrx_word' id='word_1_148' title='bbox 53 1525 184 1588; x_wconf 89' lang='lat' dir='ltr'><strong>subiicere</strong></span> <span class='ocrx_word' id='word_1_149' title='bbox 202 1537 389 1605; x_wconf 88' lang='lat' dir='ltr'><strong>recusarunt,</strong></span> <span class='ocrx_word' id='word_1_150' title='bbox 413 1548 468 1590; x_wconf 91' lang='lat' dir='ltr'><strong>ceu</strong></span> <span class='ocrx_word' id='word_1_151' title='bbox 490 1529 638 1592; x_wconf 90' lang='lat' dir='ltr'><strong>schisma·</strong></span> <span class='ocrx_word' id='word_1_152' title='bbox 679 1537 814 1608; x_wconf 89' lang='lat' dir='ltr'><strong>spectare</strong></span> <span class='ocrx_word' id='word_1_153' title='bbox 833 1547 932 1610; x_wconf 90' lang='lat' dir='ltr'><strong>pesse,</strong></span> <span class='ocrx_word' id='word_1_154' title='bbox 952 1530 1024 1610; x_wconf 93' lang='lat' dir='ltr'><strong>quin</strong></span> <span class='ocrx_word' id='word_1_155' title='bbox 1041 1530 1192 1592; x_wconf 88' lang='lat' dir='ltr'><strong>Ecclesiae</strong></span> <span class='ocrx_word' id='word_1_156' title='bbox 1208 1530 1282 1592; x_wconf 87' lang='lat' dir='ltr'><strong>uisi·</strong></span> 
     </span>
     <span class='ocr_line' id='line_1_18' title="bbox 54 1610 1282 1695; baseline 0.007 -28"><span class='ocrx_word' id='word_1_157' title='bbox 54 1610 92 1670; x_wconf 89' lang='lat' dir='ltr'><strong>tici</strong></span> <span class='ocrx_word' id='word_1_158' title='bbox 106 1611 197 1673; x_wconf 87' lang='lat' dir='ltr'><strong>habiti</strong></span> <span class='ocrx_word' id='word_1_159' title='bbox 213 1621 242 1674; x_wconf 93' lang='lat' dir='ltr'><strong>et</strong></span> <span class='ocrx_word' id='word_1_160' title='bbox 256 1613 389 1674; x_wconf 85' lang='lat' dir='ltr'><strong>damnati</strong></span> <span class='ocrx_word' id='word_1_161' title='bbox 404 1621 485 1676; x_wconf 89' lang='lat' dir='ltr'><strong>sunt.</strong></span> <span class='ocrx_word' id='word_1_162' title='bbox 502 1613 565 1678; x_wconf 90' lang='lat' dir='ltr'><strong>lmo</strong></span> <span class='ocrx_word' id='word_1_163' title='bbox 578 1614 638 1676; x_wconf 85' lang='lat' dir='ltr'><strong>he·</strong></span> <span class='ocrx_word' id='word_1_164' title='bbox 678 1612 732 1674; x_wconf 90' lang='lat' dir='ltr'><strong>bili</strong></span> <span class='ocrx_word' id='word_1_165' title='bbox 751 1613 892 1694; x_wconf 87' lang='lat' dir='ltr'><strong>adscripti</strong></span> <span class='ocrx_word' id='word_1_166' title='bbox 907 1614 978 1676; x_wconf 86' lang='lat' dir='ltr'><strong>sint:</strong></span> <span class='ocrx_word' id='word_1_167' title='bbox 995 1633 1084 1695; x_wconf 90' lang='lat' dir='ltr'><strong>quarn</strong></span> <span class='ocrx_word' id='word_1_168' title='bbox 1105 1614 1282 1676; x_wconf 86' lang='lat' dir='ltr'><strong>diuisionem</strong></span> 
     </span>
     <span class='ocr_line' id='line_1_19' title="bbox 53 1693 1283 1781; baseline 0.007 -29"><span class='ocrx_word' id='word_1_169' title='bbox 53 1693 103 1754; x_wconf 92' lang='lat' dir='ltr'><strong>rius</strong></span> <span class='ocrx_word' id='word_1_170' title='bbox 126 1697 247 1758; x_wconf 87' lang='lat' dir='ltr'><strong>saeculo</strong></span> <span class='ocrx_word' id='word_1_171' title='bbox 277 1705 382 1778; x_wconf 89' lang='lat' dir='ltr'><strong>quarto</strong></span> <span class='ocrx_word' id='word_1_172' title='bbox 401 1706 443 1760; x_wconf 93' lang='lat' dir='ltr'><strong>.ut</strong></span> <span class='ocrx_word' id='word_1_173' title='bbox 471 1697 639 1762; x_wconf 87' lang='lat' dir='ltr'><strong>haereticus</strong></span> <span class='ocrx_word' id='word_1_174' title='bbox 679 1697 709 1757; x_wconf 93' lang='lat' dir='ltr'><strong>iu</strong></span> <span class='ocrx_word' id='word_1_175' title='bbox 726 1696 777 1757; x_wconf 86' lang='lat' dir='ltr'><strong>tali</strong></span> <span class='ocrx_word' id='word_1_176' title='bbox 796 1715 887 1759; x_wconf 89' lang='lat' dir='ltr'><strong>sensu</strong></span> <span class='ocrx_word' id='word_1_177' title='bbox 906 1697 1022 1760; x_wconf 90' lang='lat' dir='ltr'><strong>admitti</strong></span> <span class='ocrx_word' id='word_1_178' title='bbox 1041 1717 1101 1759; x_wconf 93' lang='lat' dir='ltr'><strong>non</strong></span> <span class='ocrx_word' id='word_1_179' title='bbox 1120 1717 1222 1781; x_wconf 89' lang='lat' dir='ltr'><strong>pesse,</strong></span> <span class='ocrx_word' id='word_1_180' title='bbox 1235 1717 1283 1761; x_wconf 84' lang='lat' dir='ltr'><strong>ca·</strong></span> 
     </span>
     <span class='ocr_line' id='line_1_20' title="bbox 54 1777 1134 1864; baseline 0.009 -28"><span class='ocrx_word' id='word_1_181' title='bbox 54 1777 194 1842; x_wconf 88' lang='lat' dir='ltr'><strong>damnatus</strong></span> <span class='ocrx_word' id='word_1_182' title='bbox 212 1779 280 1855; x_wconf 88' lang='lat' dir='ltr'><strong>luit,</strong></span> <span class='ocrx_word' id='word_1_183' title='bbox 297 1781 367 1862; x_wconf 86' lang='lat' dir='ltr'><strong>quia</strong></span> <span class='ocrx_word' id='word_1_184' title='bbox 385 1781 640 1845; x_wconf 90' lang='lat' dir='ltr'><strong>discrimen·inter</strong></span> <span class='ocrx_word' id='word_1_185' title='bbox 679 1780 739 1862; x_wconf 89' lang='lat' dir='ltr'><strong>pite</strong></span> <span class='ocrx_word' id='word_1_186' title='bbox 758 1789 864 1864; x_wconf 88' lang='lat' dir='ltr'><strong>quarto</strong></span> <span class='ocrx_word' id='word_1_187' title='bbox 883 1782 1056 1845; x_wconf 90' lang='lat' dir='ltr'><strong>ostendetur</strong></span> <span class='ocrx_word' id='word_1_188' title='bbox 1073 1781 1134 1864; x_wconf 72' lang='lat'><strong>(⁰2).</strong></span> 
     </span>
     <span class='ocr_line' id='line_1_21' title="bbox 53 1859 638 1948; baseline 0.014 -27"><span class='ocrx_word' id='word_1_189' title='bbox 53 1859 199 1945; x_wconf 86' lang='lat' dir='ltr'><strong>Episcopus</strong></span> <span class='ocrx_word' id='word_1_190' title='bbox 220 1865 356 1946; x_wconf 90' lang='lat' dir='ltr'><strong>aliosque</strong></span> <span class='ocrx_word' id='word_1_191' title='bbox 372 1866 558 1948; x_wconf 74' lang='lat' dir='ltr'><strong>presbyteros</strong></span> <span class='ocrx_word' id='word_1_192' title='bbox 581 1885 638 1928; x_wconf 89' lang='lat' dir='ltr'><strong>ne-</strong></span> 
     </span>
    </p>

    <p class='ocr_par' dir='ltr' id='par_1_5' title="bbox 53 1947 1075 2030">
     <span class='ocr_line' id='line_1_22' title="bbox 53 1947 1075 2030; baseline 0.008 -24"><span class='ocrx_word' id='word_1_193' title='bbox 53 1961 109 2021; x_wconf 79' lang='lat' dir='ltr'><strong>gare</strong></span> <span class='ocrx_word' id='word_1_194' title='bbox 125 1956 169 2009; x_wconf 92' lang='lat' dir='ltr'><strong>est</strong></span> <span class='ocrx_word' id='word_1_195' title='bbox 187 1968 290 2010; x_wconf 86' lang='lat' dir='ltr'><strong>ausus.</strong></span> <span class='ocrx_word' id='word_1_196' title='bbox 311 1949 456 2012; x_wconf 81' lang='lat' dir='ltr'><strong>Cuntinus</strong></span> <span class='ocrx_word' id='word_1_197' title='bbox 473 1970 543 2030; x_wconf 87' lang='lat' dir='ltr'><strong>ergo</strong></span> <span class='ocrx_word' id='word_1_198' title='bbox 561 1950 640 2012; x_wconf 90' lang='lat' dir='ltr'><strong>inter</strong></span> <span class='ocrx_word' id='word_1_199' title='bbox 723 1987 725 1992; x_wconf 94' lang='lat'>·</span> <span class='ocrx_word' id='word_1_200' title='bbox 883 1947 1010 1996; x_wconf 72' lang='lat' dir='ltr'><strong>fflUT</strong></span> <span class='ocrx_word' id='word_1_201' title='bbox 1034 1948 1075 1994; x_wconf 89' lang='lat'><strong>¹¹·</strong></span> 
     </span>
    </p>

    <p class='ocr_par' dir='ltr' id='par_1_6' title="bbox 52 2030 1271 2232">
     <span class='ocr_line' id='line_1_23' title="bbox 53 2030 1271 2113; baseline 0.014 -24"><span class='ocrx_word' id='word_1_202' title='bbox 53 2030 139 2092; x_wconf 89' lang='lat' dir='ltr'><strong>lideles</strong></span> <span class='ocrx_word' id='word_1_203' title='bbox 160 2032 316 2113; x_wconf 90' lang='lat' dir='ltr'><strong>persuasio</strong></span> <span class='ocrx_word' id='word_1_204' title='bbox 333 2035 401 2110; x_wconf 91' lang='lat' dir='ltr'><strong>luit,</strong></span> <span class='ocrx_word' id='word_1_205' title='bbox 420 2034 583 2098; x_wconf 89' lang='lat' dir='ltr'><strong>Ecclesiam</strong></span> <span class='ocrx_word' id='word_1_206' title='bbox 603 2055 638 2098; x_wconf 82' lang='lat' dir='ltr'><strong>eu</strong></span> <span class='ocrx_word' id='word_1_207' title='bbox 788 2063 821 2100; x_wconf 77' lang='lat' dir='ltr'><strong>an</strong></span> <span class='ocrx_word' id='word_1_208' title='bbox 836 2061 959 2100; x_wconf 81' lang='grc' dir='ltr'>ιιιιιιιιι</span> <span class='ocrx_word' id='word_1_209' title='bbox 975 2061 1176 2102; x_wconf 79' lang='lat' dir='ltr'><strong>rrrrurnurrm.</strong></span> <span class='ocrx_word' id='word_1_210' title='bbox 1266 2065 1271 2106; x_wconf 73' lang='grc' dir='ltr'>ε</span> 
     </span>
     <span class='ocr_line' id='line_1_24' title="bbox 52 2110 1048 2232; baseline 0.007 -58"><span class='ocrx_word' id='word_1_211' title='bbox 52 2110 104 2206; x_wconf 83' lang='lat' dir='ltr'><strong>ipsa</strong></span> <span class='ocrx_word' id='word_1_212' title='bbox 124 2115 233 2178; x_wconf 87' lang='lat' dir='ltr'><strong>Christi</strong></span> <span class='ocrx_word' id='word_1_213' title='bbox 255 2117 443 2182; x_wconf 79' lang='lat' dir='ltr'><strong>institutione</strong></span> <span class='ocrx_word' id='word_1_214' title='bbox 465 2120 637 2182; x_wconf 89' lang='lat' dir='ltr'><strong>societatem</strong></span> <span class='ocrx_word' id='word_1_215' title='bbox 913 2161 943 2232; x_wconf 46' lang='lat' dir='ltr'><strong>s·</strong></span> <span class='ocrx_word' id='word_1_216' title='bbox 971 2167 1048 2218; x_wconf 47' lang='lat' dir='ltr'><strong>m·</strong></span> 
     </span>
    </p>

    <p class='ocr_par' dir='ltr' id='par_1_7' title="bbox 54 2202 325 2279">
     <span class='ocr_line' id='line_1_25' title="bbox 54 2202 325 2279; baseline 0.026 -23"><span class='ocrx_word' id='word_1_217' title='bbox 54 2202 228 2279; x_wconf 75' lang='lat' dir='ltr'><strong>inaequalem</strong></span> <span class='ocrx_word' id='word_1_218' title='bbox 247 2219 325 2263; x_wconf 84' lang='lat' dir='ltr'><strong>esse.</strong></span> 
     </span>
    </p>

    <p class='ocr_par' dir='ltr' id='par_1_8' title="bbox 51 2267 1372 3710">
     <span class='ocr_line' id='line_1_26' title="bbox 85 2267 1128 2352; baseline 0.007 -6"><span class='ocrx_word' id='word_1_219' title='bbox 85 2284 166 2347; x_wconf 86' lang='lat' dir='ltr'><strong>Note.</strong></span> <span class='ocrx_word' id='word_1_220' title='bbox 183 2283 293 2347; x_wconf 86' lang='lat' dir='ltr'><strong>Variae</strong></span> <span class='ocrx_word' id='word_1_221' title='bbox 310 2285 470 2349; x_wconf 82' lang='lat' dir='ltr'><strong>divisiones</strong></span> <span class='ocrx_word' id='word_1_222' title='bbox 487 2287 638 2352; x_wconf 87' lang='lat' dir='ltr'><strong>Ecclesiae</strong></span> <span class='ocrx_word' id='word_1_223' title='bbox 835 2267 982 2316; x_wconf 76' lang='lat' dir='ltr'><strong>momentum</strong></span> <span class='ocrx_word' id='word_1_224' title='bbox 997 2267 1128 2324; x_wconf 50' lang='lat' dir='ltr'><strong>‘hm-¹²⁸⁶·</strong></span> 
     </span>
     <span class='ocr_line' id='line_1_27' title="bbox 53 2361 1282 2450; baseline 0.008 -26"><span class='ocrx_word' id='word_1_225' title='bbox 53 2361 77 2424; x_wconf 91' lang='lat' dir='ltr'><strong>in</strong></span> <span class='ocrx_word' id='word_1_226' title='bbox 96 2366 254 2447; x_wconf 85' lang='lat' dir='ltr'><strong>Theologis</strong></span> <span class='ocrx_word' id='word_1_227' title='bbox 275 2389 432 2432; x_wconf 89' lang='lat' dir='ltr'><strong>occurrere</strong></span> <span class='ocrx_word' id='word_1_228' title='bbox 450 2373 557 2434; x_wconf 89' lang='lat' dir='ltr'><strong>solent.</strong></span> <span class='ocrx_word' id='word_1_229' title='bbox 578 2373 637 2436; x_wconf 88' lang='lat' dir='ltr'><strong>Ec·</strong></span> <span class='ocrx_word' id='word_1_230' title='bbox 719 2367 793 2434; x_wconf 83' lang='lat' dir='ltr'><strong>Cum</strong></span> <span class='ocrx_word' id='word_1_231' title='bbox 812 2370 946 2445; x_wconf 80' lang='lat' dir='ltr'><strong>Ecclesia</strong></span> <span class='ocrx_word' id='word_1_232' title='bbox 964 2370 1090 2434; x_wconf 88' lang='lat' dir='ltr'><strong>societas</strong></span> <span class='ocrx_word' id='word_1_233' title='bbox 1109 2370 1213 2449; x_wconf 88' lang='lat' dir='ltr'><strong>legalis</strong></span> <span class='ocrx_word' id='word_1_234' title='bbox 1231 2371 1282 2450; x_wconf 92' lang='lat' dir='ltr'><strong>sit,</strong></span> 
     </span>
     <span class='ocr_line' id='line_1_28' title="bbox 53 2448 1284 2536; baseline 0.011 -31"><span class='ocrx_word' id='word_1_235' title='bbox 53 2448 139 2528; x_wconf 88' lang='lat' dir='ltr'><strong>clesia,</strong></span> <span class='ocrx_word' id='word_1_236' title='bbox 152 2453 176 2513; x_wconf 92' lang='lat' dir='ltr'><strong>si</strong></span> <span class='ocrx_word' id='word_1_237' title='bbox 190 2461 224 2514; x_wconf 91' lang='lat' dir='ltr'><strong>ut</strong></span> <span class='ocrx_word' id='word_1_238' title='bbox 236 2454 406 2516; x_wconf 84' lang='lat' dir='ltr'><strong>uniuersum</strong></span> <span class='ocrx_word' id='word_1_239' title='bbox 420 2473 543 2534; x_wconf 82' lang='lat' dir='ltr'><strong>regnum</strong></span> <span class='ocrx_word' id='word_1_240' title='bbox 556 2455 639 2520; x_wconf 87' lang='lat' dir='ltr'><strong>Chri·</strong></span> <span class='ocrx_word' id='word_1_241' title='bbox 678 2453 708 2514; x_wconf 96' lang='lat' dir='ltr'><strong>in</strong></span> <span class='ocrx_word' id='word_1_242' title='bbox 729 2474 788 2535; x_wconf 88' lang='lat' dir='ltr'><strong>qua</strong></span> <span class='ocrx_word' id='word_1_243' title='bbox 806 2455 908 2517; x_wconf 85' lang='lat' dir='ltr'><strong>oninia</strong></span> <span class='ocrx_word' id='word_1_244' title='bbox 926 2455 964 2519; x_wconf 92' lang='lat' dir='ltr'><strong>ah</strong></span> <span class='ocrx_word' id='word_1_245' title='bbox 983 2455 1113 2522; x_wconf 87' lang='lat' dir='ltr'><strong>auctoris</strong></span> <span class='ocrx_word' id='word_1_246' title='bbox 1128 2457 1222 2536; x_wconf 85' lang='lat' dir='ltr'><strong>ipsius</strong></span> <span class='ocrx_word' id='word_1_247' title='bbox 1237 2457 1284 2518; x_wconf 90' lang='lat' dir='ltr'><strong>in·</strong></span> 
     </span>
     <span class='ocr_line' id='line_1_29' title="bbox 53 2533 1372 2621; baseline 0.008 -30"><span class='ocrx_word' id='word_1_248' title='bbox 53 2533 203 2607; x_wconf 83' lang='lat' dir='ltr'><strong>stimqrale</strong></span> <span class='ocrx_word' id='word_1_249' title='bbox 223 2537 440 2617; x_wconf 90' lang='lat' dir='ltr'><strong>consideretur,</strong></span> <span class='ocrx_word' id='word_1_250' title='bbox 455 2541 637 2621; x_wconf 89' lang='lat' dir='ltr'><strong>quodetiam</strong></span> <span class='ocrx_word' id='word_1_251' title='bbox 678 2539 834 2601; x_wconf 89' lang='lat' dir='ltr'><strong>stitutione</strong></span> <span class='ocrx_word' id='word_1_252' title='bbox 857 2548 887 2601; x_wconf 90' lang='lat' dir='ltr'><strong>et</strong></span> <span class='ocrx_word' id='word_1_253' title='bbox 909 2539 1098 2602; x_wconf 91' lang='lat' dir='ltr'><strong>ordinatione</strong></span> <span class='ocrx_word' id='word_1_254' title='bbox 1120 2540 1283 2621; x_wconf 89' lang='lat' dir='ltr'><strong>repetenda</strong></span> <span class='ocrx_word' id='word_1_255' title='bbox 1370 2555 1372 2562; x_wconf 80' lang='grc'><em>’</em></span> 
     </span>
     <span class='ocr_line' id='line_1_30' title="bbox 53 2614 1281 2705; baseline 0.008 -31"><span class='ocrx_word' id='word_1_256' title='bbox 53 2614 106 2679; x_wconf 91' lang='lat' dir='ltr'><strong>illos</strong></span> <span class='ocrx_word' id='word_1_257' title='bbox 121 2621 341 2702; x_wconf 86' lang='lat' dir='ltr'><strong>complectitur,</strong></span> <span class='ocrx_word' id='word_1_258' title='bbox 356 2624 408 2704; x_wconf 91' lang='lat' dir='ltr'><strong>qui</strong></span> <span class='ocrx_word' id='word_1_259' title='bbox 426 2625 521 2702; x_wconf 86' lang='lat' dir='ltr'><strong>gratia</strong></span> <span class='ocrx_word' id='word_1_260' title='bbox 537 2624 639 2688; x_wconf 86' lang='lat' dir='ltr'><strong>diuina</strong></span> <span class='ocrx_word' id='word_1_261' title='bbox 678 2632 759 2698; x_wconf 93' lang='lat' dir='ltr'><strong>suut,</strong></span> <span class='ocrx_word' id='word_1_262' title='bbox 776 2622 897 2684; x_wconf 84' lang='lat' dir='ltr'><strong>inanimi</strong></span> <span class='ocrx_word' id='word_1_263' title='bbox 915 2625 1049 2705; x_wconf 88' lang='lat' dir='ltr'><strong>prolecto</strong></span> <span class='ocrx_word' id='word_1_264' title='bbox 1064 2624 1209 2686; x_wconf 90' lang='lat' dir='ltr'><strong>momenti</strong></span> <span class='ocrx_word' id='word_1_265' title='bbox 1224 2633 1281 2702; x_wconf 90' lang='lat' dir='ltr'><strong>est,</strong></span> 
     </span>
     <span class='ocr_line' id='line_1_31' title="bbox 53 2705 1284 2789; baseline 0.007 -30"><span class='ocrx_word' id='word_1_266' title='bbox 53 2705 131 2764; x_wconf 88' lang='lat' dir='ltr'><strong>ornati</strong></span> <span class='ocrx_word' id='word_1_267' title='bbox 149 2724 164 2766; x_wconf 94' lang='lat' dir='ltr'><strong>e</strong></span> <span class='ocrx_word' id='word_1_268' title='bbox 183 2706 243 2766; x_wconf 87' lang='lat' dir='ltr'><strong>uita</strong></span> <span class='ocrx_word' id='word_1_269' title='bbox 261 2706 320 2767; x_wconf 83' lang='lat' dir='ltr'><strong>ianr</strong></span> <span class='ocrx_word' id='word_1_270' title='bbox 339 2717 540 2785; x_wconf 83' lang='lat' dir='ltr'><strong>excesserunt,</strong></span> <span class='ocrx_word' id='word_1_271' title='bbox 561 2709 637 2774; x_wconf 84' lang='lat' dir='ltr'><strong>diri·</strong></span> <span class='ocrx_word' id='word_1_272' title='bbox 679 2716 713 2768; x_wconf 93' lang='lat' dir='ltr'><strong>ut</strong></span> <span class='ocrx_word' id='word_1_273' title='bbox 732 2716 939 2785; x_wconf 86' lang='lat' dir='ltr'><strong>cognoscatur,</strong></span> <span class='ocrx_word' id='word_1_274' title='bbox 958 2727 995 2770; x_wconf 89' lang='lat' dir='ltr'><strong>an</strong></span> <span class='ocrx_word' id='word_1_275' title='bbox 1016 2717 1045 2771; x_wconf 91' lang='lat' dir='ltr'><strong>et</strong></span> <span class='ocrx_word' id='word_1_276' title='bbox 1063 2709 1180 2789; x_wconf 90' lang='lat' dir='ltr'><strong>qualem</strong></span> <span class='ocrx_word' id='word_1_277' title='bbox 1200 2706 1284 2770; x_wconf 86' lang='lat' dir='ltr'><strong>Chri·</strong></span> 
     </span>
     <span class='ocr_line' id='line_1_32' title="bbox 53 2782 1282 2874; baseline 0.007 -31"><span class='ocrx_word' id='word_1_278' title='bbox 53 2782 116 2847; x_wconf 92' lang='lat' dir='ltr'><strong>ditur</strong></span> <span class='ocrx_word' id='word_1_279' title='bbox 125 2789 154 2849; x_wconf 94' lang='lat' dir='ltr'><strong>in</strong></span> <span class='ocrx_word' id='word_1_280' title='bbox 166 2789 411 2870; x_wconf 76' lang='lat' dir='ltr'><strong>triumphantem,</strong></span> <span class='ocrx_word' id='word_1_281' title='bbox 424 2812 501 2874; x_wconf 91' lang='lat' dir='ltr'><strong>quae</strong></span> <span class='ocrx_word' id='word_1_282' title='bbox 516 2801 561 2855; x_wconf 89' lang='lat' dir='ltr'><strong>est</strong></span> <span class='ocrx_word' id='word_1_283' title='bbox 572 2812 639 2856; x_wconf 89' lang='lat' dir='ltr'><strong>coe·</strong></span> <span class='ocrx_word' id='word_1_284' title='bbox 679 2799 742 2852; x_wconf 92' lang='lat' dir='ltr'><strong>stus</strong></span> <span class='ocrx_word' id='word_1_285' title='bbox 764 2791 916 2854; x_wconf 91' lang='lat' dir='ltr'><strong>doctrinae</strong></span> <span class='ocrx_word' id='word_1_286' title='bbox 937 2810 1009 2854; x_wconf 90' lang='lat' dir='ltr'><strong>suae</strong></span> <span class='ocrx_word' id='word_1_287' title='bbox 1027 2810 1044 2852; x_wconf 93' lang='lat' dir='ltr'><strong>e</strong></span> <span class='ocrx_word' id='word_1_288' title='bbox 1062 2793 1154 2854; x_wconf 87' lang='lat' dir='ltr'><strong>coelis</strong></span> <span class='ocrx_word' id='word_1_289' title='bbox 1175 2791 1282 2852; x_wconf 89' lang='lat' dir='ltr'><strong>allatae</strong></span> 
     </span>
     <span class='ocr_line' id='line_1_33' title="bbox 53 2870 1281 2956; baseline 0.005 -28"><span class='ocrx_word' id='word_1_290' title='bbox 53 2873 89 2929; x_wconf 89' lang='lat' dir='ltr'><strong>tus</strong></span> <span class='ocrx_word' id='word_1_291' title='bbox 104 2870 257 2934; x_wconf 87' lang='lat' dir='ltr'><strong>beatorum</strong></span> <span class='ocrx_word' id='word_1_292' title='bbox 281 2875 312 2936; x_wconf 92' lang='lat' dir='ltr'><strong>in</strong></span> <span class='ocrx_word' id='word_1_293' title='bbox 335 2877 431 2953; x_wconf 90' lang='lat' dir='ltr'><strong>coelo,</strong></span> <span class='ocrx_word' id='word_1_294' title='bbox 451 2877 481 2938; x_wconf 93' lang='lat' dir='ltr'><strong>in</strong></span> <span class='ocrx_word' id='word_1_295' title='bbox 500 2878 638 2941; x_wconf 83' lang='lat' dir='ltr'><strong>militen·</strong></span> <span class='ocrx_word' id='word_1_296' title='bbox 678 2873 870 2956; x_wconf 89' lang='lat' dir='ltr'><strong>interprelern</strong></span> <span class='ocrx_word' id='word_1_297' title='bbox 884 2893 918 2936; x_wconf 90' lang='lat' dir='ltr'><strong>ac</strong></span> <span class='ocrx_word' id='word_1_298' title='bbox 930 2875 1196 2938; x_wconf 87' lang='lat' dir='ltr'><strong>controversiarum</strong></span> <span class='ocrx_word' id='word_1_299' title='bbox 1211 2873 1281 2936; x_wconf 83' lang='lat' dir='ltr'><strong>fidei</strong></span> 
     </span>
     <span class='ocr_line' id='line_1_34' title="bbox 54 2956 1282 3037; baseline 0.002 -22"><span class='ocrx_word' id='word_1_300' title='bbox 54 2959 197 3037; x_wconf 68' lang='lat' dir='ltr'><strong>itemquae</strong></span> <span class='ocrx_word' id='word_1_301' title='bbox 214 2967 258 3020; x_wconf 90' lang='lat' dir='ltr'><strong>est</strong></span> <span class='ocrx_word' id='word_1_302' title='bbox 271 2969 373 3022; x_wconf 90' lang='lat' dir='ltr'><strong>coetus</strong></span> <span class='ocrx_word' id='word_1_303' title='bbox 387 2960 519 3022; x_wconf 84' lang='lat' dir='ltr'><strong>fidelium</strong></span> <span class='ocrx_word' id='word_1_304' title='bbox 536 2962 566 3022; x_wconf 93' lang='lat' dir='ltr'><strong>in</strong></span> <span class='ocrx_word' id='word_1_305' title='bbox 580 2972 639 3024; x_wconf 85' lang='lat' dir='ltr'><strong>ter·</strong></span> <span class='ocrx_word' id='word_1_306' title='bbox 678 2958 807 3021; x_wconf 91' lang='lat' dir='ltr'><strong>iudicem</strong></span> <span class='ocrx_word' id='word_1_307' title='bbox 827 2960 976 3022; x_wconf 88' lang='lat' dir='ltr'><strong>statuerit.</strong></span> <span class='ocrx_word' id='word_1_308' title='bbox 997 2956 1079 3021; x_wconf 86' lang='lat' dir='ltr'><strong>Sicut</strong></span> <span class='ocrx_word' id='word_1_309' title='bbox 1093 2959 1173 3020; x_wconf 92' lang='lat' dir='ltr'><strong>enim</strong></span> <span class='ocrx_word' id='word_1_310' title='bbox 1189 2958 1225 3019; x_wconf 90' lang='lat' dir='ltr'><strong>ad</strong></span> <span class='ocrx_word' id='word_1_311' title='bbox 1241 2958 1282 3018; x_wconf 93' lang='lat' dir='ltr'><strong>li·</strong></span> 
     </span>
     <span class='ocr_line' id='line_1_35' title="bbox 52 3041 1281 3127; baseline 0.003 -27"><span class='ocrx_word' id='word_1_312' title='bbox 52 3041 167 3110; x_wconf 64' lang='lat' dir='ltr'><strong>thetin</strong></span> <span class='ocrx_word' id='word_1_313' title='bbox 181 3051 373 3124; x_wconf 77' lang='lat' dir='ltr'><strong>purgantem,</strong></span> <span class='ocrx_word' id='word_1_314' title='bbox 387 3053 521 3124; x_wconf 87' lang='lat' dir='ltr'><strong>quaeest</strong></span> <span class='ocrx_word' id='word_1_315' title='bbox 536 3055 638 3109; x_wconf 90' lang='lat' dir='ltr'><strong>coelus</strong></span> <span class='ocrx_word' id='word_1_316' title='bbox 678 3051 723 3116; x_wconf 90' lang='lat' dir='ltr'><strong>tes</strong></span> <span class='ocrx_word' id='word_1_317' title='bbox 746 3043 967 3127; x_wconf 86' lang='lat' dir='ltr'><strong>componendas</strong></span> <span class='ocrx_word' id='word_1_318' title='bbox 989 3051 1058 3104; x_wconf 89' lang='lat' dir='ltr'><strong>ante</strong></span> <span class='ocrx_word' id='word_1_319' title='bbox 1081 3042 1181 3104; x_wconf 90' lang='lat' dir='ltr'><strong>ornnia</strong></span> <span class='ocrx_word' id='word_1_320' title='bbox 1206 3061 1281 3122; x_wconf 90' lang='lat' dir='ltr'><strong>epus</strong></span> 
     </span>
     <span class='ocr_line' id='line_1_36' title="bbox 52 3120 1279 3209; baseline 0.007 -31"><span class='ocrx_word' id='word_1_321' title='bbox 52 3120 202 3186; x_wconf 90' lang='lat' dir='ltr'><strong>mimarum</strong></span> <span class='ocrx_word' id='word_1_322' title='bbox 215 3125 244 3187; x_wconf 93' lang='lat' dir='ltr'><strong>in</strong></span> <span class='ocrx_word' id='word_1_323' title='bbox 257 3129 635 3209; x_wconf 86' lang='lat' dir='ltr'><strong>purgaturiodeteritarum,</strong></span> <span class='ocrx_word' id='word_1_324' title='bbox 676 3137 734 3203; x_wconf 86' lang='lat' dir='ltr'><strong>est,</strong></span> <span class='ocrx_word' id='word_1_325' title='bbox 751 3137 783 3188; x_wconf 92' lang='lat' dir='ltr'><strong>ut</strong></span> <span class='ocrx_word' id='word_1_326' title='bbox 799 3127 949 3206; x_wconf 88' lang='lat' dir='ltr'><strong>legitimus</strong></span> <span class='ocrx_word' id='word_1_327' title='bbox 967 3127 1055 3189; x_wconf 83' lang='lat' dir='ltr'><strong>iudex</strong></span> <span class='ocrx_word' id='word_1_328' title='bbox 1071 3137 1279 3205; x_wconf 86' lang='lat' dir='ltr'><strong>cognoscatur,</strong></span> 
     </span>
     <span class='ocr_line' id='line_1_37' title="bbox 51 3210 1283 3293; baseline 0.006 -28"><span class='ocrx_word' id='word_1_329' title='bbox 51 3211 78 3264; x_wconf 89' lang='lat' dir='ltr'><strong>ut</strong></span> <span class='ocrx_word' id='word_1_330' title='bbox 98 3226 113 3268; x_wconf 91' lang='lat' dir='ltr'><strong>a</strong></span> <span class='ocrx_word' id='word_1_331' title='bbox 139 3210 263 3271; x_wconf 90' lang='lat' dir='ltr'><strong>maculis</strong></span> <span class='ocrx_word' id='word_1_332' title='bbox 289 3213 351 3273; x_wconf 90' lang='lat' dir='ltr'><strong>suis</strong></span> <span class='ocrx_word' id='word_1_333' title='bbox 376 3212 522 3276; x_wconf 86' lang='lat' dir='ltr'><strong>laventur.</strong></span> <span class='ocrx_word' id='word_1_334' title='bbox 542 3247 580 3262; x_wconf 89' lang='lat'><em>-</em></span> <span class='ocrx_word' id='word_1_335' title='bbox 602 3214 635 3276; x_wconf 92' lang='lat' dir='ltr'><strong>lu</strong></span> <span class='ocrx_word' id='word_1_336' title='bbox 678 3211 726 3272; x_wconf 91' lang='lat' dir='ltr'><strong>cui</strong></span> <span class='ocrx_word' id='word_1_337' title='bbox 741 3220 868 3293; x_wconf 86' lang='lat' dir='ltr'><strong>utraque</strong></span> <span class='ocrx_word' id='word_1_338' title='bbox 884 3229 953 3293; x_wconf 91' lang='lat' dir='ltr'><strong>pars</strong></span> <span class='ocrx_word' id='word_1_339' title='bbox 968 3229 999 3272; x_wconf 91' lang='lat' dir='ltr'><strong>se</strong></span> <span class='ocrx_word' id='word_1_340' title='bbox 1013 3210 1161 3276; x_wconf 84' lang='lat' dir='ltr'><strong>subiicere</strong></span> <span class='ocrx_word' id='word_1_341' title='bbox 1181 3219 1283 3274; x_wconf 87' lang='lat' dir='ltr'><strong>tenea·</strong></span> 
     </span>
     <span class='ocr_line' id='line_1_38' title="bbox 52 3293 1282 3370; baseline 0.008 -23"><span class='ocrx_word' id='word_1_342' title='bbox 52 3293 185 3366; x_wconf 88' lang='lat' dir='ltr'><strong>praesenti</strong></span> <span class='ocrx_word' id='word_1_343' title='bbox 203 3303 301 3356; x_wconf 87' lang='lat' dir='ltr'><strong>autem</strong></span> <span class='ocrx_word' id='word_1_344' title='bbox 321 3303 447 3358; x_wconf 89' lang='lat' dir='ltr'><strong>tractatu</strong></span> <span class='ocrx_word' id='word_1_345' title='bbox 464 3297 586 3360; x_wconf 86' lang='lat' dir='ltr'><strong>nonnisi</strong></span> <span class='ocrx_word' id='word_1_346' title='bbox 600 3299 636 3361; x_wconf 90' lang='lat' dir='ltr'><strong>de</strong></span> <span class='ocrx_word' id='word_1_347' title='bbox 679 3305 737 3370; x_wconf 94' lang='lat' dir='ltr'><strong>tur,</strong></span> <span class='ocrx_word' id='word_1_348' title='bbox 757 3295 799 3356; x_wconf 91' lang='lat' dir='ltr'><strong>sic</strong></span> <span class='ocrx_word' id='word_1_349' title='bbox 815 3295 918 3369; x_wconf 92' lang='lat' dir='ltr'><strong>etiam,</strong></span> <span class='ocrx_word' id='word_1_350' title='bbox 935 3313 1001 3356; x_wconf 94' lang='lat' dir='ltr'><strong>cum</strong></span> <span class='ocrx_word' id='word_1_351' title='bbox 1021 3294 1058 3356; x_wconf 90' lang='lat' dir='ltr'><strong>de</strong></span> <span class='ocrx_word' id='word_1_352' title='bbox 1076 3294 1221 3370; x_wconf 83' lang='lat' dir='ltr'><strong>doctrinis</strong></span> <span class='ocrx_word' id='word_1_353' title='bbox 1235 3313 1282 3358; x_wconf 89' lang='lat' dir='ltr'><strong>re·</strong></span> 
     </span>
     <span class='ocr_line' id='line_1_39' title="bbox 52 3367 1281 3455; baseline 0.008 -24"><span class='ocrx_word' id='word_1_354' title='bbox 52 3367 169 3438; x_wconf 88' lang='lat' dir='ltr'><strong>Ecclesia</strong></span> <span class='ocrx_word' id='word_1_355' title='bbox 185 3379 330 3441; x_wconf 90' lang='lat' dir='ltr'><strong>militante</strong></span> <span class='ocrx_word' id='word_1_356' title='bbox 344 3399 443 3444; x_wconf 90' lang='lat' dir='ltr'><strong>sermo</strong></span> <span class='ocrx_word' id='word_1_357' title='bbox 458 3380 634 3446; x_wconf 91' lang='lat' dir='ltr'><strong>instituitur.</strong></span> <span class='ocrx_word' id='word_1_358' title='bbox 678 3378 792 3455; x_wconf 88' lang='lat' dir='ltr'><strong>velatis,</strong></span> <span class='ocrx_word' id='word_1_359' title='bbox 812 3397 864 3440; x_wconf 92' lang='lat' dir='ltr'><strong>seu</strong></span> <span class='ocrx_word' id='word_1_360' title='bbox 882 3379 919 3442; x_wconf 90' lang='lat' dir='ltr'><strong>de</strong></span> <span class='ocrx_word' id='word_1_361' title='bbox 937 3378 1004 3440; x_wconf 90' lang='lat' dir='ltr'><strong>lidei</strong></span> <span class='ocrx_word' id='word_1_362' title='bbox 1024 3378 1213 3454; x_wconf 87' lang='lat' dir='ltr'><strong>dogmatibus</strong></span> <span class='ocrx_word' id='word_1_363' title='bbox 1232 3379 1281 3442; x_wconf 90' lang='lat' dir='ltr'><strong>di·</strong></span> 
     </span>
     <span class='ocr_line' id='line_1_40' title="bbox 52 3450 1279 3546; baseline 0.007 -30"><span class='ocrx_word' id='word_1_364' title='bbox 52 3450 116 3519; x_wconf 88' lang='lat' dir='ltr'><strong>llaeo</strong></span> <span class='ocrx_word' id='word_1_365' title='bbox 136 3471 234 3524; x_wconf 88' lang='lat' dir='ltr'><strong>autem</strong></span> <span class='ocrx_word' id='word_1_366' title='bbox 254 3463 395 3526; x_wconf 89' lang='lat' dir='ltr'><strong>diuiditur</strong></span> <span class='ocrx_word' id='word_1_367' title='bbox 410 3465 442 3526; x_wconf 92' lang='lat' dir='ltr'><strong>in</strong></span> <span class='ocrx_word' id='word_1_368' title='bbox 461 3483 636 3546; x_wconf 77' lang='lat' dir='ltr'><strong>repraeseu-</strong></span> <span class='ocrx_word' id='word_1_369' title='bbox 677 3471 839 3544; x_wconf 87' lang='lat' dir='ltr'><strong>sceptatur,</strong></span> <span class='ocrx_word' id='word_1_370' title='bbox 851 3463 892 3524; x_wconf 96' lang='lat' dir='ltr'><strong>nil</strong></span> <span class='ocrx_word' id='word_1_371' title='bbox 906 3461 999 3542; x_wconf 84' lang='lat' dir='ltr'><strong>inagis</strong></span> <span class='ocrx_word' id='word_1_372' title='bbox 1009 3463 1209 3527; x_wconf 90' lang='lat' dir='ltr'><strong>necessarium</strong></span> <span class='ocrx_word' id='word_1_373' title='bbox 1222 3473 1279 3542; x_wconf 91' lang='lat' dir='ltr'><strong>est,</strong></span> 
     </span>
     <span class='ocr_line' id='line_1_41' title="bbox 55 3543 1280 3628; baseline 0.009 -29"><span class='ocrx_word' id='word_1_374' title='bbox 55 3543 170 3620; x_wconf 83' lang='lat' dir='ltr'><strong>laticum,</strong></span> <span class='ocrx_word' id='word_1_375' title='bbox 191 3565 268 3628; x_wconf 90' lang='lat' dir='ltr'><strong>quae</strong></span> <span class='ocrx_word' id='word_1_376' title='bbox 286 3555 331 3609; x_wconf 88' lang='lat' dir='ltr'><strong>est</strong></span> <span class='ocrx_word' id='word_1_377' title='bbox 348 3557 451 3611; x_wconf 90' lang='lat' dir='ltr'><strong>coetus</strong></span> <span class='ocrx_word' id='word_1_378' title='bbox 466 3548 635 3627; x_wconf 87' lang='lat' dir='ltr'><strong>Pastorum,</strong></span> <span class='ocrx_word' id='word_1_379' title='bbox 678 3547 736 3608; x_wconf 90' lang='lat' dir='ltr'><strong>nisi</strong></span> <span class='ocrx_word' id='word_1_380' title='bbox 755 3556 787 3608; x_wconf 92' lang='lat' dir='ltr'><strong>ut</strong></span> <span class='ocrx_word' id='word_1_381' title='bbox 803 3545 966 3626; x_wconf 88' lang='lat' dir='ltr'><strong>legitimum</strong></span> <span class='ocrx_word' id='word_1_382' title='bbox 986 3545 1128 3624; x_wconf 86' lang='lat' dir='ltr'><strong>tribuual,</strong></span> <span class='ocrx_word' id='word_1_383' title='bbox 1145 3549 1197 3610; x_wconf 89' lang='lat' dir='ltr'><strong>seu</strong></span> <span class='ocrx_word' id='word_1_384' title='bbox 1215 3567 1280 3610; x_wconf 83' lang='lat' dir='ltr'><strong>nra-</strong></span> 
     </span>
     <span class='ocr_line' id='line_1_42' title="bbox 53 3624 1281 3710; baseline 0.009 -28"><span class='ocrx_word' id='word_1_385' title='bbox 53 3624 135 3700; x_wconf 91' lang='lat' dir='ltr'><strong>quiin</strong></span> <span class='ocrx_word' id='word_1_386' title='bbox 154 3631 282 3692; x_wconf 91' lang='lat' dir='ltr'><strong>concilio</strong></span> <span class='ocrx_word' id='word_1_387' title='bbox 300 3633 376 3695; x_wconf 89' lang='lat' dir='ltr'><strong>uuiti</strong></span> <span class='ocrx_word' id='word_1_388' title='bbox 395 3632 562 3695; x_wconf 86' lang='lat' dir='ltr'><strong>uniuersam</strong></span> <span class='ocrx_word' id='word_1_389' title='bbox 579 3634 637 3696; x_wconf 85' lang='lat' dir='ltr'><strong>Ec·</strong></span> <span class='ocrx_word' id='word_1_390' title='bbox 677 3631 829 3710; x_wconf 85' lang='lat' dir='ltr'><strong>gislerium</strong></span> <span class='ocrx_word' id='word_1_391' title='bbox 850 3631 1031 3710; x_wconf 86' lang='lat' dir='ltr'><strong>inquiratur,</strong></span> <span class='ocrx_word' id='word_1_392' title='bbox 1051 3632 1099 3692; x_wconf 91' lang='lat' dir='ltr'><strong>cui</strong></span> <span class='ocrx_word' id='word_1_393' title='bbox 1122 3650 1227 3694; x_wconf 90' lang='lat' dir='ltr'><strong>omnes</strong></span> <span class='ocrx_word' id='word_1_394' title='bbox 1248 3649 1281 3693; x_wconf 87' lang='lat' dir='ltr'><strong>se</strong></span> 
     </span>
    </p>

    <p class='ocr_par' dir='ltr' id='par_1_9' title="bbox 23 3707 1325 4308">
     <span class='ocr_line' id='line_1_43' title="bbox 23 3707 1280 3799; baseline 0.007 -33"><span class='ocrx_word' id='word_1_395' title='bbox 23 3779 25 3782; x_wconf 16' lang='grc' dir='ltr'>Ι</span> <span class='ocrx_word' id='word_1_396' title='bbox 53 3707 157 3772; x_wconf 78' lang='lat' dir='ltr'><strong>alesiam</strong></span> <span class='ocrx_word' id='word_1_397' title='bbox 173 3725 454 3795; x_wconf 63' lang='lat' dir='ltr'><strong>repraesentarem</strong></span> <span class='ocrx_word' id='word_1_398' title='bbox 472 3717 502 3778; x_wconf 94' lang='lat' dir='ltr'><strong>in</strong></span> <span class='ocrx_word' id='word_1_399' title='bbox 521 3719 639 3799; x_wconf 81' lang='lat' dir='ltr'><strong>spathe-</strong></span> <span class='ocrx_word' id='word_1_400' title='bbox 678 3714 853 3776; x_wconf 85' lang='lat' dir='ltr'><strong>submittere</strong></span> <span class='ocrx_word' id='word_1_401' title='bbox 871 3723 1039 3776; x_wconf 86' lang='lat' dir='ltr'><strong>terreantur.</strong></span> <span class='ocrx_word' id='word_1_402' title='bbox 1054 3713 1116 3778; x_wconf 89' lang='lat' dir='ltr'><strong>Hoc</strong></span> <span class='ocrx_word' id='word_1_403' title='bbox 1129 3722 1238 3778; x_wconf 90' lang='lat' dir='ltr'><strong>statuto</strong></span> <span class='ocrx_word' id='word_1_404' title='bbox 1251 3720 1280 3778; x_wconf 84' lang='lat' dir='ltr'><strong>et</strong></span> 
     </span>
     <span class='ocr_line' id='line_1_44' title="bbox 53 3791 1279 3878; baseline 0.007 -29"><span class='ocrx_word' id='word_1_405' title='bbox 53 3791 137 3872; x_wconf 86' lang='lat' dir='ltr'><strong>ticum,</strong></span> <span class='ocrx_word' id='word_1_406' title='bbox 152 3815 228 3878; x_wconf 90' lang='lat' dir='ltr'><strong>quae</strong></span> <span class='ocrx_word' id='word_1_407' title='bbox 244 3806 334 3860; x_wconf 87' lang='lat' dir='ltr'><strong>totam</strong></span> <span class='ocrx_word' id='word_1_408' title='bbox 352 3801 482 3863; x_wconf 90' lang='lat' dir='ltr'><strong>lidelium</strong></span> <span class='ocrx_word' id='word_1_409' title='bbox 503 3803 638 3866; x_wconf 84' lang='lat' dir='ltr'><strong>mititilu·</strong></span> <span class='ocrx_word' id='word_1_410' title='bbox 679 3799 716 3862; x_wconf 85' lang='lat' dir='ltr'><strong>ab</strong></span> <span class='ocrx_word' id='word_1_411' title='bbox 735 3797 874 3860; x_wconf 90' lang='lat' dir='ltr'><strong>omnibus</strong></span> <span class='ocrx_word' id='word_1_412' title='bbox 899 3798 1043 3876; x_wconf 89' lang='lat' dir='ltr'><strong>admisso,</strong></span> <span class='ocrx_word' id='word_1_413' title='bbox 1062 3798 1279 3870; x_wconf 83' lang='lat' dir='ltr'><strong>controversiae</strong></span> 
     </span>
     <span class='ocr_line' id='line_1_45' title="bbox 53 3872 1279 3960; baseline 0.008 -29"><span class='ocrx_word' id='word_1_414' title='bbox 53 3872 136 3939; x_wconf 83' lang='lat' dir='ltr'><strong>dinem</strong></span> <span class='ocrx_word' id='word_1_415' title='bbox 157 3883 302 3960; x_wconf 89' lang='lat' dir='ltr'><strong>designat.</strong></span> <span class='ocrx_word' id='word_1_416' title='bbox 319 3882 394 3955; x_wconf 86' lang='lat' dir='ltr'><strong>Quid</strong></span> <span class='ocrx_word' id='word_1_417' title='bbox 414 3885 547 3948; x_wconf 85' lang='lat' dir='ltr'><strong>Ecclesia</strong></span> <span class='ocrx_word' id='word_1_418' title='bbox 564 3889 636 3950; x_wconf 82' lang='lat' dir='ltr'><strong>arni·</strong></span> <span class='ocrx_word' id='word_1_419' title='bbox 676 3882 848 3958; x_wconf 84' lang='lat' dir='ltr'><strong>hnirenlur,</strong></span> <span class='ocrx_word' id='word_1_420' title='bbox 867 3881 927 3944; x_wconf 93' lang='lat' dir='ltr'><strong>imo</strong></span> <span class='ocrx_word' id='word_1_421' title='bbox 947 3892 976 3945; x_wconf 92' lang='lat' dir='ltr'><strong>et</strong></span> <span class='ocrx_word' id='word_1_422' title='bbox 1001 3883 1155 3945; x_wconf 90' lang='lat' dir='ltr'><strong>erroribus</strong></span> <span class='ocrx_word' id='word_1_423' title='bbox 1180 3881 1279 3941; x_wconf 89' lang='lat' dir='ltr'><strong>aditus</strong></span> 
     </span>
     <span class='ocr_line' id='line_1_46' title="bbox 53 3963 1278 4053; baseline 0.006 -36"><span class='ocrx_word' id='word_1_424' title='bbox 53 3965 177 4042; x_wconf 82' lang='lat' dir='ltr'><strong>uerendis,</strong></span> <span class='ocrx_word' id='word_1_425' title='bbox 197 3966 267 4048; x_wconf 91' lang='lat' dir='ltr'><strong>quid</strong></span> <span class='ocrx_word' id='word_1_426' title='bbox 283 3970 477 4048; x_wconf 85' lang='lat' dir='ltr'><strong>particularis</strong></span> <span class='ocrx_word' id='word_1_427' title='bbox 495 3971 553 4048; x_wconf 91' lang='lat' dir='ltr'><strong>sit,</strong></span> <span class='ocrx_word' id='word_1_428' title='bbox 573 3973 637 4053; x_wconf 91' lang='lat' dir='ltr'><strong>ipsa</strong></span> <span class='ocrx_word' id='word_1_429' title='bbox 678 3966 932 4050; x_wconf 86' lang='lat' dir='ltr'><strong>praecluderetur.</strong></span> <span class='ocrx_word' id='word_1_430' title='bbox 951 3967 1004 4033; x_wconf 79' lang='lat' dir='ltr'><strong>alst</strong></span> <span class='ocrx_word' id='word_1_431' title='bbox 1027 3967 1081 4028; x_wconf 88' lang='lat' dir='ltr'><strong>hac</strong></span> <span class='ocrx_word' id='word_1_432' title='bbox 1099 3966 1128 4027; x_wconf 91' lang='lat' dir='ltr'><strong>in</strong></span> <span class='ocrx_word' id='word_1_433' title='bbox 1149 3982 1180 4024; x_wconf 90' lang='lat' dir='ltr'><strong>re</strong></span> <span class='ocrx_word' id='word_1_434' title='bbox 1203 3963 1278 4024; x_wconf 87' lang='lat' dir='ltr'><strong>Pro·</strong></span> 
     </span>
     <span class='ocr_line' id='line_1_47' title="bbox 53 4046 1325 4136; baseline 0.006 -36"><span class='ocrx_word' id='word_1_435' title='bbox 53 4046 161 4108; x_wconf 89' lang='lat' dir='ltr'><strong>numina</strong></span> <span class='ocrx_word' id='word_1_436' title='bbox 179 4051 250 4111; x_wconf 87' lang='lat' dir='ltr'><strong>satis</strong></span> <span class='ocrx_word' id='word_1_437' title='bbox 268 4052 430 4115; x_wconf 89' lang='lat' dir='ltr'><strong>declarant.</strong></span> <span class='ocrx_word' id='word_1_438' title='bbox 448 4053 545 4116; x_wconf 87' lang='lat' dir='ltr'><strong>Dividi</strong></span> <span class='ocrx_word' id='word_1_439' title='bbox 560 4073 637 4136; x_wconf 91' lang='lat' dir='ltr'><strong>quo·</strong></span> <span class='ocrx_word' id='word_1_440' title='bbox 680 4058 821 4114; x_wconf 89' lang='lat' dir='ltr'><strong>testantes</strong></span> <span class='ocrx_word' id='word_1_441' title='bbox 839 4060 868 4112; x_wconf 90' lang='lat' dir='ltr'><strong>et</strong></span> <span class='ocrx_word' id='word_1_442' title='bbox 886 4070 990 4113; x_wconf 91' lang='lat' dir='ltr'><strong>omnes</strong></span> <span class='ocrx_word' id='word_1_443' title='bbox 1010 4049 1205 4112; x_wconf 84' lang='lat' dir='ltr'><strong>lielerodorrae</strong></span> <span class='ocrx_word' id='word_1_444' title='bbox 1226 4055 1293 4108; x_wconf 86' lang='lat' dir='ltr'><strong>se-&#39;</strong></span> <span class='ocrx_word' id='word_1_445' title='bbox 1318 4101 1325 4122; x_wconf 47' lang='grc' dir='ltr'>ι</span> 
     </span>
     <span class='ocr_line' id='line_1_48' title="bbox 54 4131 1278 4214; baseline 0.004 -27"><span class='ocrx_word' id='word_1_446' title='bbox 54 4143 103 4203; x_wconf 88' lang='lat' dir='ltr'><strong>que</strong></span> <span class='ocrx_word' id='word_1_447' title='bbox 123 4134 196 4194; x_wconf 88' lang='lat' dir='ltr'><strong>solet</strong></span> <span class='ocrx_word' id='word_1_448' title='bbox 216 4133 349 4198; x_wconf 87' lang='lat' dir='ltr'><strong>Ecclesia</strong></span> <span class='ocrx_word' id='word_1_449' title='bbox 373 4138 404 4198; x_wconf 94' lang='lat' dir='ltr'><strong>in</strong></span> <span class='ocrx_word' id='word_1_450' title='bbox 429 4146 583 4202; x_wconf 76' lang='lat' dir='ltr'><strong>cateruam</strong></span> <span class='ocrx_word' id='word_1_451' title='bbox 609 4147 640 4201; x_wconf 90' lang='lat' dir='ltr'><strong>et</strong></span> <span class='ocrx_word' id='word_1_452' title='bbox 679 4145 743 4198; x_wconf 89' lang='lat' dir='ltr'><strong>ctae</strong></span> <span class='ocrx_word' id='word_1_453' title='bbox 758 4157 773 4198; x_wconf 90' lang='lat' dir='ltr'><strong>a</strong></span> <span class='ocrx_word' id='word_1_454' title='bbox 788 4133 947 4199; x_wconf 84' lang='lat' dir='ltr'><strong>Catholicis</strong></span> <span class='ocrx_word' id='word_1_455' title='bbox 960 4135 1076 4214; x_wconf 86' lang='lat' dir='ltr'><strong>penitus</strong></span> <span class='ocrx_word' id='word_1_456' title='bbox 1088 4131 1278 4208; x_wconf 88' lang='lat' dir='ltr'><strong>dissentiunt,</strong></span> 
     </span>
     <span class='ocr_line' id='line_1_49' title="bbox 53 4219 1279 4308; baseline 0.007 -41"><span class='ocrx_word' id='word_1_457' title='bbox 53 4221 202 4280; x_wconf 73' lang='lat' dir='ltr'><strong>claternam.</strong></span> <span class='ocrx_word' id='word_1_458' title='bbox 225 4219 269 4280; x_wconf 84' lang='lat' dir='ltr'><strong>Ad</strong></span> <span class='ocrx_word' id='word_1_459' title='bbox 293 4230 442 4284; x_wconf 80' lang='lat' dir='ltr'><strong>externam</strong></span> <span class='ocrx_word' id='word_1_460' title='bbox 473 4221 636 4286; x_wconf 86' lang='lat' dir='ltr'><strong>Ecclesiam</strong></span> <span class='ocrx_word' id='word_1_461' title='bbox 677 4231 768 4308; x_wconf 79' lang='lat' dir='ltr'><strong>atque</strong></span> <span class='ocrx_word' id='word_1_462' title='bbox 786 4219 853 4282; x_wconf 90' lang='lat' dir='ltr'><strong>ideo</strong></span> <span class='ocrx_word' id='word_1_463' title='bbox 871 4219 1101 4292; x_wconf 85' lang='lat' dir='ltr'><strong>corrtruuersiae,</strong></span> <span class='ocrx_word' id='word_1_464' title='bbox 1119 4219 1279 4294; x_wconf 85' lang='lat' dir='ltr'><strong>quaecum</strong></span> 
     </span>
    </p>
   </div>
   <div class='ocr_carea' id='block_1_3' title="bbox 66 4319 1183 4392">
    <p class='ocr_par' dir='ltr' id='par_1_10' title="bbox 66 4319 1183 4399">
     <span class='ocr_line' id='line_1_50' title="bbox 66 4319 1183 4392; baseline -0.016 -9"><span class='ocrx_word' id='word_1_465' title='bbox 66 4320 306 4388; x_wconf 62' lang='lat' dir='ltr'><strong>illlata-52²..</strong></span> <span class='ocrx_word' id='word_1_466' title='bbox 592 4345 651 4392; x_wconf 79' lang='grc' dir='ltr'><strong>Ἰιι</strong></span> <span class='ocrx_word' id='word_1_467' title='bbox 708 4319 1183 4386; x_wconf 71' lang='grc' dir='ltr'><strong>ιιιιιιιιιειιιι.ιι.ι,ι.ιιιΙ</strong></span> 
     </span>
    </p>
   </div>
   <div class='ocr_carea' id='block_1_4' title="bbox 0 0 1472 4736">
    <p class='ocr_par' dir='ltr' id='par_1_11' title="bbox 0 0 1472 4736">
     <span class='ocr_line' id='line_1_51' title="bbox 0 0 1472 4736; baseline 0 0"><span class='ocrx_word' id='word_1_468' title='bbox 0 0 1472 4736; x_wconf 95' lang='lat' dir='ltr'><strong> </strong></span> 
     </span>
    </p>
   </div>
  </div>
 </body>
</html>
