2962 4736
461 197 536 244 rins
557 197 600 246 ιιι.
624 196 726 244 sacrm
747 197 779 243 ιι.
804 196 898 244 clrur
919 195 952 244 v.
1225 175 1287 240 515

124 272 156 334 l.
177 269 466 350 Ratioctrevelatio
485 275 543 338 sibi
562 277 692 340 nullate·
719 277 861 352 veritates
869 277 1109 352 manifestantur,
1126 293 1200 359 quas
1215 292 1251 336 ex
1267 270 1330 338 suis

75 357 370 435 nuscontradicunt,
386 361 693 442 sedipterutramque
720 361 874 443 principiis
895 361 971 424 ratio
987 361 1121 423 evolvere
1141 379 1201 424 non
1220 365 1327 439 potest.

77 439 239 504 harmonia
262 443 372 519 existit,
400 443 478 524 quod
502 445 692 525 probatura)
762 447 793 508 5.
816 447 982 510 Subiectum
998 443 1163 524 Religionis
1180 443 1206 504 si
1231 451 1331 506 auen-

78 542 101 587 a
116 525 229 604 priori,
251 526 323 606 quia
347 527 428 589 idem
450 527 541 606 Deus,
566 528 617 610 qui
636 528 694 590 sibi
721 529 846 607 damus,
872 538 985 592 certum
1007 539 1063 603 est,
1084 527 1219 590 hominos
1237 527 1330 588 multo

79 609 288 672 contradicere
299 611 415 692 nequit,
429 611 696 694 utriusqueauctur
721 613 849 688 facilius,
861 614 953 676 tutius
969 621 998 676 et
1013 611 1161 675 efficacius
1173 627 1227 692 per
1238 608 1333 673 Reve-

80 700 141 768 est‚
165 711 219 773 per
238 701 397 776 utramque
417 695 455 758 ad
473 715 527 758 nos
549 697 692 776 loquitur,
721 697 876 774 lationem,
895 715 984 778 quam
1003 714 1056 777 per
1065 697 1212 758 rationem
1229 691 1266 756 ad
1276 691 1334 756 tte-

81 785 115 839 et
130 777 250 839 nonnisi
267 778 307 842 ad
321 780 481 841 salutarem
496 780 629 847 veritatis
643 799 695 842 co·
722 781 863 861 ligicnem
886 780 1122 859 cognoscendam
1141 788 1171 841 et
1188 785 1333 840 exercen-

81 860 250 940 gnitionem
265 881 321 926 nos
339 864 504 943 perducere
520 863 612 945 cupit:
629 863 696 943 b)e
723 865 791 926 dam
813 865 946 946 perduci.
972 863 1116 928 Homines
1132 862 1214 926 enim
1230 859 1268 922 ab
1282 858 1333 922 in·

77 946 255 1026 posteriori,
275 946 346 1027 quia
364 948 480 1010 nullum
498 949 615 1010 ostendi
627 956 696 1028 pot·
723 949 815 1012 lautia
827 957 1004 1012 assuescunt
1016 945 1185 1011 auctoritati
1197 942 1333 1018 credero,

82 1038 133 1091 est
151 1037 251 1110 caput,
270 1031 302 1092 in
326 1049 385 1112 quo
405 1031 480 1093 ratio
500 1041 530 1094 et
554 1031 696 1098 revelatio
724 1041 753 1096 et
778 1034 919 1116 pleraque
941 1031 1062 1096 nonnisi
1081 1050 1117 1094 ex
1139 1030 1267 1092 aliorum
1286 1035 1334 1088 te-

58 1113 209 1176 .interse
226 1122 369 1194 pugnent.
390 1115 535 1196 Equidem
555 1126 698 1197 peracto·
724 1116 872 1179 stimouiis
904 1117 1070 1180 addiscunt:
1101 1112 1243 1196 perpauci
1271 1112 1335 1174 ssola

83 1197 183 1260 decim
202 1199 320 1260 saecula
334 1197 495 1277 Religionis
518 1199 697 1264 christianae
725 1200 862 1282 propriae
886 1201 1010 1263 rationis
1029 1199 1234 1281 speculatione
1253 1195 1334 1260 veri-

85 1281 252 1344 adversarii
265 1283 409 1363 plurimos
419 1291 544 1346 conatus
554 1283 699 1346 adbibue·
726 1293 819 1346 tatum
835 1285 1036 1362 cognitionem
1057 1283 1113 1345 sibi
1136 1286 1332 1362 cornparant:

83 1374 171 1442 runt,
184 1365 256 1428 utin
267 1367 401 1429 doctrina
410 1365 697 1440 aChristorevelata‚
725 1369 881 1431 hominurn
893 1387 964 1446 ergo
975 1367 1149 1430 indolinihil
1163 1365 1256 1444 magis
1265 1381 1337 1426 con·

85 1458 119 1514 ct
142 1450 179 1511 ab
206 1449 340 1512 Ecclesia
367 1449 521 1515 Catholica
546 1451 698 1532 proposita
725 1471 831 1531 gruum
848 1460 904 1528 est,
922 1471 1011 1534 quarn
1032 1450 1203 1526 auctoritas,
1222 1455 1253 1512 et
1268 1447 1334 1528 qui·

86 1532 339 1597 contradictiones
349 1534 527 1612 invenirent,
539 1536 590 1598 sed
601 1546 698 1600 tamen
726 1538 792 1600 dem
810 1536 911 1600 diviua
929 1555 963 1600 ac
981 1535 1159 1612 infallibilis,
1179 1533 1229 1596 cui
1253 1549 1285 1594 se
1303 1530 1335 1592 in

84 1617 118 1680 id
130 1617 254 1697 probare
266 1619 437 1680 nullatenus
448 1626 697 1699 potueruul;nam
725 1620 896 1699 gravissimo
922 1619 1086 1698 Religionis
1113 1617 1231 1698 negotio
1261 1614 1336 1678 suh·

87 1703 290 1782 difficultates,
321 1721 394 1784 quas
425 1712 529 1766 contra
561 1703 700 1782 dogmata
727 1704 856 1767 mittant.
875 1697 1009 1778 Accedit,
1033 1703 1112 1784 quod
1132 1699 1337 1778 inReligione

87 1786 700 1869 catholicamoverunt,felicisempersuc-
726 1789 854 1852 revelata
891 1805 1030 1852 assensus
1060 1787 1216 1849 hominum
1245 1784 1336 1846 etiam

88 1889 176 1933 cassu
197 1871 312 1932 solutae
323 1878 411 1942 sunt.
727 1871 925 1953 pergratiam
953 1871 1083 1934 divimm
1111 1871 1280 1943 adiuvetur,
1307 1877 1339 1930 et

132 1955 163 2016 R.
181 1955 269 2018 Ratio
287 1955 415 2035 quodam
444 1954 475 2018 in
502 1973 591 2019 sensu
612 1955 701 2035 prior
727 1959 875 2032 lirinelur,
905 1956 977 2036 quia
1004 1955 1077 2018 fides
1099 1951 1337 2035 supernaturalis
1406 1955 1408 1960 '

88 2046 136 2100 est
153 2037 356 2116 Revelatione3
376 2039 452 2102 ratio
477 2039 557 2101 enim
583 2040 698 2102 revela·
727 2049 772 2104 est
791 2039 983 2116 donamini,
1001 2035 1334 2116 seueliectusgratiae.

64 2123 184 2184 “tionis
201 2123 295 2184 sactae
314 2123 466 2186 veritatem
493 2123 651 2201 investigat
671 2131 701 2185 et
769 2125 799 2187 b.
819 2125 949 2206 Effectus
974 2124 1041 2186 ideo
1067 2123 1155 2200 longe
1183 2119 1337 2184 uberiores

88 2206 209 2288 probat3
219 2207 356 2286 quare,si
365 2207 488 2269 rationis
499 2226 556 2268 usu
568 2207 701 2270 destituti
728 2217 757 2270 et
787 2208 1003 2290 splendidiores
1034 2205 1211 2281 Revelatic,
1248 2218 1353 2285 quam·

89 2291 699 2372 essemus,necrevelationisrecipiendae‚
729 2293 805 2354 ratio
822 2293 854 2354 ιιι
873 2291 1035 2370 Religionis
1053 2290 1172 2368 negotio
1189 2288 1337 2370 producit.

92 2393 150 2438 nec
166 2375 234 2437 lidei
253 2375 435 2439 exercendae
454 2393 540 2455 pares
554 2394 699 2438 essemus.
728 2376 814 2438 Ratio
832 2377 913 2438 enim
930 2377 988 2438 sibi
1003 2375 1106 2438 relicta
1126 2374 1162 2436 ad
1177 2373 1339 2454 perlectum

90 2458 195 2520 -Ast
209 2458 240 2520 in
251 2459 309 2520 alio
324 2476 414 2543 sensu
425 2459 571 2522 Revelotio
585 2460 704 2524 reticere
728 2459 890 2537 Religionis
906 2460 1118 2538 cognitionem,
1138 2467 1168 2519 et
1189 2457 1226 2526 ad
1247 2455 1340 2518 sinam

84 2542 179 2624 prior
189 2551 215 2606 et
224 2543 361 2622 eupator
373 2550 429 2618 est,
447 2543 607 2622 quianam
621 2561 704 2604 reve·
730 2553 863 2606 nostrum
882 2563 937 2606 nos
965 2545 1127 2624 perducere
1155 2540 1282 2623 nequit:
1310 2538 1341 2600 id

88 2627 197 2690 lationi
209 2645 241 2688 se
253 2627 427 2690 submittere
440 2627 540 2704 dehet,
553 2627 624 2691 licet
636 2645 701 2690 eam
730 2637 829 2690 autem
849 2635 979 2708 praestat
995 2627 1158 2702 Revelatio,
1179 2643 1255 2705 quae
1280 2625 1340 2686 iam

89 2710 402 2792 capererur-possit.
730 2729 783 2793 per
808 2711 936 2775 sormam
970 2729 1055 2774 suam
1083 2709 1341 2790 supernaturalem

135 2795 167 2857 3.
183 2795 271 2858 Retio
288 2803 314 2856 et
331 2795 478 2860 Reuelutio
491 2813 522 2858 ae
538 2801 644 2859 mutuo
656 2795 704 2856 iu·
730 2815 785 2857 nos
797 2795 835 2858 ad
849 2794 943 2856 Deum
956 2795 1050 2856 elevat
1065 2804 1094 2856 et
1109 2811 1176 2854 cum
1193 2793 1257 2872 ipso
1273 2811 1344 2854 con·

91 2886 165 2942 cont
182 2887 207 2940 el
222 2879 377 2940 sustinect.
393 2877 465 2940 Num
479 2878 553 2940 ratio
565 2878 705 2958 expendit
731 2878 837 2956 iungit.
851 2878 918 2958 lpsa
932 2878 990 2940 iam
1004 2876 1129 2938 historia
1142 2884 1278 2951 testatur,
1291 2894 1344 2954 per

92 2962 205 3026 motiva
223 2959 443 3040 credibilitatis‚
464 2981 499 3025 ει
517 2963 626 3043 quibus
643 2962 704 3026 Re·
732 2964 844 3044 optima
866 2981 987 3043 quoque
1004 2961 1253 3040 Philosophorum
1284 2959 1342 3019 do-

90 3045 199 3124 ligioni
214 3046 359 3108 revelatae
368 3047 591 3109 adhaerendum
606 3055 663 3122 est,
676 3056 705 3108 et
731 3054 870 3108 comente
886 3064 989 3130 parum
1006 3045 1142 3106 homines
1155 3041 1340 3118 emendatos,

92 3131 397 3194 sicfidemsustentat.
409 3131 543 3194 Econlra
554 3129 704 3192 Revelatio
731 3131 784 3194 sed
804 3147 856 3211 per
869 3129 1052 3208 Religionem
1069 3147 1085 3189 a
1100 3127 1214 3190 Christo
1230 3127 1343 3193 revela·

92 3214 235 3298 plurima,
250 3233 327 3294 quae
342 3215 417 3277 ratio
429 3215 520 3276 veluti
532 3213 705 3278 dubitanter
733 3223 791 3278 tam
808 3232 906 3278 rnores
919 3213 1158 3295 corruptissimos
1172 3211 1203 3271 in
1216 3209 1344 3272 sanctis·

93 3300 192 3364 solum
210 3306 240 3360 el
257 3297 384 3368 obscure
397 3299 560 3378 cognoscit,
581 3307 662 3362 certo
677 3308 706 3362 et
732 3299 825 3360 simos
844 3305 971 3360 mutatos
990 3298 1093 3360 luisse.
1110 3294 1262 3356 »Euhie
1280 3312 1345 3355 om·

94 3385 176 3448 clare
191 3382 287 3460 docet,
301 3391 331 3444 et
342 3381 384 3444 sic
395 3382 545 3448 Reveletio
560 3382 705 3445 rationem
734 3383 822 3446 nibus
843 3381 1043 3444 Revelntionis
1061 3379 1244 3463 praestantia
1265 3379 1343 3440 clare

94 3469 263 3532 confirmat.
734 3474 867 3548 apparet.

139 3551 170 3614 l.
190 3551 338 3614 Obiectum
352 3547 515 3628 Religionis
528 3549 553 3610 si
565 3548 708 3634 respicia-

95 3655 177 3712 mus,
190 3635 294 3713 negari
309 3651 369 3694 non
385 3642 493 3714 potest,
507 3634 596 3696 etiam
613 3634 707 3696 ratio·
916 3647 1096 3696 ,Anniculus
1107 3648 1151 3696 ιν.

95 3739 166 3784 1¹011¹
183 3720 290 3780 multas
302 3717 337 3813 ³1!
352 3719 526 3796 ¹0¹¹t¹⁰¹¹⁶¹¹¹
540 3717 706 3780 naturalem
771 3749 964 3801 normannum
979 3751 1009 3796 aa
1025 3751 1116 3797 aarum
1132 3745 1298 3807 ιιιιοωριιιο

96 3811 266 3885 spectantes
275 3809 413 3865 veritates
421 3819 598 3878 cognoscere
607 3819 706 3882 posse.
933 3812 959 3856 tc
974 3810 1132 3870 theologum

96 3885 157 3952 Sed
187 3886 336 3950 obiectum
368 3883 531 3962 Religionis
563 3886 710 3948 revelatae
867 3923 876 3937 ι
971 3929 1091 4001 μθ,

97 3973 193 4036 multo
216 3971 358 4032 maiorem
377 3968 579 4031 extensionem
607 3968 708 4031 lmbet.
1093 3961 1102 3979 ⁶
1130 3993 1132 3998 ’

97 4055 194 4120 Sirmi
210 4055 288 4117 enim
301 4071 354 4135 per
368 4051 588 4115 Revelationem
601 4054 712 4115 sorma-
779 4051 939 4117 Historiam
971 4048 1136 4129 Religionis
1162 4047 1348 4114 Christianae

90 4142 158 4208 ,lem
171 4140 309 4202 veritates
325 4135 477 4214 religionis
486 4137 641 4200 rationalis
653 4138 712 4198 cla·
738 4136 834 4200 obiter
853 4147 965 4200 tantum
986 4135 1169 4217 percurrenti
1188 4132 1274 4196 facile
1292 4151 1348 4213 pa-

98 4226 197 4288 riores
215 4232 244 4285 et
258 4222 400 4284 certiores
415 4220 592 4298 redduntur,
603 4222 644 4283 ita
660 4238 712 4303 par
740 4222 825 4298 tebit,
839 4222 870 4286 iu
884 4219 1045 4298 Religionis
1056 4219 1201 4280 revelatae
1212 4215 1349 4302 achaeo·

93 4307 321 4413 KRevelaticnem
341 4305 524 4370 materialem
535 4305 625 4370 etiam
639 4307 712 4370 tales
738 4306 834 4383 lopiac
861 4305 979 4391 negotia
1004 4312 1118 4368 remum
1142 4296 1355 4371 l'hilentllttllh
