2918 4734
449 171 524 218 rans
542 173 564 218 t.
589 171 691 218 murro
712 172 744 218 u.
768 173 862 218 maur
883 171 925 218 rr.
1233 149 1272 214 di

65 269 128 314 eum
146 261 212 332 ipso
237 251 444 328 consentiunt,
463 250 513 333 qui
532 251 665 332 plerum·
708 251 839 314 minibus
858 252 956 314 adhuc
974 250 1074 331 ignota
1094 249 1239 333 pandere,
1263 265 1315 312 ss·

67 354 120 416 que
135 336 292 398 veritatem
310 335 531 416 prophetiarum
548 333 667 396 histori·
703 335 1243 416 gacioresquecouiecturasperficere
1257 350 1315 414 po·

64 439 125 483 cam
141 419 345 500 impugnant,
365 438 425 482 non
449 437 518 481 vero
546 425 665 496 negant,
709 425 839 482 tuerunt.
851 416 933 498 Ipsos
946 418 1186 482 autemomnino
1202 417 1313 493 libere,

63 502 297 580 praedictionem
315 501 408 569 tibere
424 511 454 563 et
465 501 670 579 contingenter
708 509 738 566 et
755 501 961 579 contingenter
977 501 1094 563 tuturos
1109 512 1312 564 eventusuum

63 596 230 649 tuturorum
259 605 275 646 a
300 585 362 647 Deo
385 586 448 647 solo
474 585 667 666 repetendam
709 585 771 648 suis
797 584 1028 650 circumstantiis
1054 585 1253 668 praedixisse,
1273 602 1312 646 ne

62 689 136 734 esse.
162 705 208 720 -ν
231 667 359 749 Spinoza
382 669 519 749 equidem
539 669 668 750 prophe·
710 676 802 732 uuum
826 669 944 749 quidem
979 669 1145 748 exemplum
1178 675 1310 751 prostat:

65 757 117 816 tias
136 773 154 814 a
173 753 296 816 fortiori
322 763 352 814 et
376 750 516 814 vivaciori
540 753 668 833 phanta-
710 752 903 834 quamobrem
928 771 1046 834 semper
1063 770 1163 815 verum
1190 758 1310 825 manet,

63 845 124 914 sia,
150 855 207 900 scu
232 837 417 914 imaginandi
442 837 469 898 vi
496 835 671 917 repetendas
711 836 802 899 Deum
821 837 915 900 solum
934 835 1041 912 lihere,
1057 844 1087 896 et
1107 835 1316 913 contingenter

62 941 139 997 esse,
159 940 297 984 asserere
317 940 377 982 non
396 920 526 996 erubuit,
546 918 672 1000 prophe·
711 922 809 983 sutura
829 919 1011 1001 praedicere,
1033 939 1085 984 scu
1104 920 1164 984 veri
1184 917 1314 982 nominis

66 1012 118 1068 tias
129 1024 199 1067 curn
220 1004 369 1083 figmentis
381 1003 537 1066 Poetarum
548 1003 672 1082 turpiter
712 1005 884 1085 prophetias
911 1004 999 1066 edere
1031 1022 1130 1086 posse,
1148 1039 1190 1054 -
1211 1001 1314 1064 Plures

65 1089 264 1150 confundens
293 1087 458 1150 -llecum
481 1087 506 1148 si
535 1086 672 1148 homines
711 1087 1314 1168 difficultates,contraprophetiarumau·

68 1193 103 1235 ne
123 1173 313 1252 sagacissimi
330 1173 450 1252 quidem
473 1189 527 1252 per
540 1171 673 1253 qualem·
711 1173 877 1237 claritatem
891 1173 1002 1238 moveri
1015 1172 1130 1248 solitas,
1144 1177 1314 1253 proponunt

65 1277 184 1338 cunque
194 1257 332 1320 excultae
344 1254 672 1318 rationisconatumres
712 1265 742 1318 et
759 1256 876 1321 solvunt
900 1257 981 1322 Beda
1004 1257 1095 1336 Maur
1109 1255 1178 1337 (5),
1201 1256 1316 1319 Perru-

67 1340 156 1403 libere
177 1350 209 1402 et
236 1340 444 1416 contingenter
457 1339 571 1401 suturas
589 1357 673 1420 prau-
713 1359 751 1406 ne
770 1341 817 1421 (d)

64 1425 162 1487 videre
188 1432 218 1486 et
238 1423 409 1504 praedicere
440 1432 579 1504 possunt,
595 1441 672 1503 quo·
704 1473 706 1477 a

66 1509 152 1570 modo
168 1508 224 1570 has
237 1507 484 1590 perphantasiam
496 1523 673 1585 cognoscere

67 1599 221 1673 poterunt,
242 1611 319 1672 qnae
338 1610 397 1671 quo
417 1589 544 1652 vivacior
561 1598 617 1664 est,
638 1609 673 1653 ao
800 1659 801 1666 q

66 1677 159 1754 magis
179 1695 198 1738 a
217 1676 344 1744 veritate
362 1674 510 1738 abducere
533 1673 674 1736 soterte-
757 1678 785 1738 t.
798 1675 988 1739 characteres
997 1673 1208 1754 Revelationis,
1220 1676 1251 1738 in
1262 1677 1317 1740 hac

65 1761 157 1822 nsum
175 1778 249 1837 ergo
261 1759 373 1840 potius,
384 1777 472 1839 quam
486 1759 592 1821 sariam
604 1776 674 1822 cou—
709 1761 850 1834 rationali
866 1759 981 1824 theoria
999 1760 1314 1840 experiundarum,

64 1845 247 1908 tutationem
273 1858 333 1904 tam
365 1843 466 1922 inepta
492 1841 675 1916 obiectiu,e
714 1853 747 1909 ut
765 1844 912 1908 sufficiant
930 1843 967 1908 ad
987 1862 1085 1907 veram
1105 1843 1234 1906 divinam
1254 1843 1315 1906 lie-

67 1938 176 1990 natura
202 1935 233 1989 et
257 1927 372 1988 ratione
396 1927 526 1988 humana
553 1926 674 1990 omnino
714 1925 1317 1993 velationemaialsasecernendam.Sunt

65 2012 251 2087 abhorrens,
270 2019 413 2072 meretur.
433 2045 475 2062 -
487 2009 589 2090 Neque
608 2028 674 2072 ma·
715 2012 794 2074 enim
810 2012 973 2094 perspicui,
993 2012 1034 2074 ita
1054 2019 1086 2074 ut
1102 2011 1190 2074 edan
1213 2011 1250 2074 ab
1265 2011 1316 2075 in-

64 2095 676 2174 ionemdifficultatemiacessuntea,quae
716 2096 810 2160 doctis
835 2095 872 2158 ud
901 2094 1063 2174 Religionis
1080 2096 1226 2160 revelatae
1243 2113 1317 2160 era-

65 2181 109 2242 de.
120 2177 375 2254 divinationibus,
399 2187 428 2239 et
456 2177 583 2240 oraculis
601 2177 675 2240 Eth-
716 2200 783 2246 men
798 2179 940 2261 applicari
955 2187 1076 2260 queant,
1095 2177 1168 2242 Nam
1187 2178 1316 2260 quicun-

63 2263 208 2326 uieornm
225 2261 487 2324 circumferuntur.
505 2261 624 2324 Constat
641 2280 674 2324 e·
714 2283 772 2345 que
791 2282 863 2326 sana
884 2263 1000 2328 ratione
1016 2271 1095 2324 recte
1112 2263 1157 2324 uti
1173 2263 1255 2338 velit,
1268 2263 1316 2326 la·

64 2346 149 2423 nim,
171 2345 211 2408 ab
233 2345 292 2407 illis
308 2345 369 2406 veri
397 2345 527 2408 nominis
545 2344 675 2426 prophe·
716 2350 771 2411 nile
786 2347 948 2411 diiudicare
956 2355 1065 2428 potest,
1084 2356 1185 2412 utrum
1203 2345 1316 2409 doctri-

67 2430 123 2492 tias
142 2430 280 2512 prolatas
299 2449 356 2490 non
375 2429 483 2505 luisse,
502 2448 582 2503 cum,
602 2436 676 2492 teste
716 2451 766 2509 na,
786 2451 861 2512 quae
873 2431 1059 2512 proponitur,
1075 2438 1176 2512 aperte
1195 2439 1315 2496 eontra-

70 2515 167 2576 Tultio
188 2513 256 2592 (l),
286 2513 457 2575 eorumdem
477 2513 555 2577 dicte
578 2519 608 2576 et
625 2530 675 2576 re·
715 2515 850 2592 dictoria,
863 2516 986 2591 absona,
1000 2525 1029 2576 et
1040 2516 1235 2597 repugnantia
1247 2533 1316 2578 oon·

65 2617 183 2677 sponsa
204 2597 318 2658 tuerint
336 2598 440 2676 partin
461 2597 546 2673 tatsa,
567 2595 673 2677 purtim
716 2601 928 2677 tinent,utrum
942 2599 1315 2676 Deodigna,hominibus·

67 2700 139 2742 casn
157 2699 255 2756 vera,
276 2691 309 2742 ut
332 2683 364 2742 lit
382 2681 413 2741 in
435 2681 515 2741 omni
543 2681 675 2742 oratione
715 2703 774 2764 quo
793 2683 1014 2745 accommodata
1033 2683 1082 2745 sit.
1111 2683 1147 2744 Et
1165 2689 1233 2745 cuin
1258 2683 1314 2742 ho·

67 2764 260 2847 saepissime,
278 2765 384 2845 partim
398 2764 567 2844 flexiloqui,
580 2772 610 2826 et
623 2763 677 2825 ob·
716 2768 811 2829 mines
827 2767 863 2828 nd
885 2769 1004 2830 externi
1023 2767 1166 2843 serantur,
1190 2775 1218 2828 et
1237 2765 1266 2826 in
1287 2767 1313 2826 i-

68 2867 173 2924 scura,
189 2856 222 2909 ut
242 2848 390 2929 interpres
404 2850 489 2926 egeat
502 2848 674 2928 interprete,
716 2852 768 2913 stis
779 2850 982 2927 observandis,
994 2869 1027 2912 ac
1041 2849 1238 2911 diiudicandis
1249 2867 1315 2930 pas·

69 2932 184 3012 partim
202 2931 354 3010 ambigua,
373 2939 406 2993 ut
424 2951 475 3012 pro
495 2931 627 3014 quolibet
641 2950 676 2992 e·
715 2936 772 2998 sim
791 2943 984 3015 occupentur,
1004 2933 1084 2997 haud
1100 2932 1222 2994 'difficile
1242 2931 1314 3012 ipsis

71 3026 162 3079 ventu
183 3015 334 3096 quadrare
347 3015 676 3102 potuerint-Ethni-
716 3026 773 3096 est,
792 3017 991 3083 Revelationis
1009 3018 1133 3080 sormam
1150 3015 1311 3097 inquirere:

70 3117 120 3161 cos
134 3099 330 3177 eruditiores,
348 3110 376 3160 et
394 3099 559 3178 sagaciores
573 3098 628 3160 ista
641 3118 677 3161 o·
716 3104 890 3185 praesertim
917 3103 1077 3176 miracola,
1107 3109 1135 3162 et
1162 3100 1313 3178 vaticinia,

72 3185 180 3245 nacula
198 3184 308 3265 passim
328 3184 484 3264 sprevisse,
500 3205 534 3246 ac
547 3182 676 3252 ludibrio
716 3207 783 3250 cum
803 3187 881 3250 circa
901 3187 1128 3259 terramtenus,
1148 3183 1314 3262 sensibilia,

71 3265 231 3344 habuisse,
250 3275 399 3329 testantur
421 3267 560 3348 Origenes
579 3267 625 3348 (i)
648 3277 677 3328 et
717 3281 747 3336 et
764 3272 883 3333 insolita
898 3276 1065 3344 versentur,
1084 3269 1155 3330 talia
1171 3276 1252 3346 sunt,
1268 3277 1313 3344 ut,

70 3351 221 3414 Eusebius
240 3351 300 3431 (3).
318 3350 387 3418 ldeo
406 3352 541 3424 nonnulli
559 3359 675 3438 putant,
717 3376 775 3438 quo
795 3355 936 3424 maiorem
955 3352 1162 3428 attentionem,
1178 3352 1315 3414 etadmi·

70 3435 178 3495 omnia
206 3453 330 3517 prorsus
354 3432 527 3513 gentilitatis
558 3435 678 3498 oracula
718 3439 863 3502 rationem
875 3438 1002 3500 excitare
1017 3437 1142 3515 soleant,
1153 3455 1187 3498 eo
1200 3437 1315 3500 facilius

70 3518 679 3582 sacerdotumfraudibusadsccibendaes-
718 3545 735 3586 a
754 3522 959 3605 praesentibus
977 3539 1030 3602 per
1045 3539 1133 3583 sanos
1150 3540 1266 3597 sensus,
1286 3529 1316 3583 et

71 3619 103 3662 se
123 3601 188 3683 (d).
209 3601 264 3664 Ast
286 3603 451 3668 divinorum
470 3603 677 3670 veneratorum
719 3608 755 3670 ab
774 3604 1081 3687 atiispertestimoniu
1096 3605 1154 3668 fide
1166 3605 1254 3684 digna
1266 3624 1316 3666 co-

70 3685 239 3751 aucteritas
253 3687 342 3750 etiam
356 3705 416 3752 non
429 3687 583 3761 minuitur,
599 3687 623 3754 si
635 3687 679 3755 di·
717 3701 906 3772 grossantur.
1062 3692 1064 3697 '

71 3779 175 3847 catur,
198 3771 280 3852 quod
294 3773 395 3851 pluras
414 3791 450 3836 ex
468 3770 518 3838 SS.
541 3771 691 3838 Patribus.
759 3773 791 3844 λ
820 3773 1015 3846 Characteres
1028 3772 1137 3846 interni
1157 3780 1188 3840 et
1205 3771 1317 3834 externi

71 3863 281 3930 mutuemur,
300 3874 335 3918 ex
352 3855 497 3930 idolorum
513 3851 679 3921 simulacris
718 3857 837 3930 adducti
856 3867 925 3926 sunt
949 3857 1038 3926 etiam
1061 3857 1220 3924 artissimo
1239 3853 1316 3918 divi*

72 3937 194 4001 locutos
214 3955 281 4001 esse
301 3939 473 4016 daemones
497 3939 560 4021 qui,
581 3939 678 4002 tucio·
719 3961 775 4012 nne
788 3941 976 4013 revelationis
990 3949 1174 4019 argumenta.
1193 3938 1317 4006 neusa

74 4019 163 4082 ribus
176 4021 289 4110 viribus
301 4023 457 4104 pollentes,
471 4025 615 4090 nonnulla
626 4023 680 4100 ltu-
1103 4031 1106 4038 '

963 1463 992 1534 ς.
1014 1469 1053 1515 Η

849 1557 851 1562 ’
900 1573 1022 1618 Conclusio
1036 1574 1128 1630 capitis.

103 4172 137 4230 tt)
156 4173 189 4222 he
204 4175 276 4225 dtntn.
292 4179 308 4228 1.
322 4177 344 4236 2,
360 4191 379 4228 c,
395 4181 431 4232 gg,
718 4120 1191 4288 nfbl'ffdgbl'ssmve'mlff¹”⁸’⁶⁹¹
1205 4118 1316 4224 chr.1ret-

105 4231 141 4286 (2)
157 4233 222 4280 cont
238 4237 330 4282 celsum
345 4239 361 4283 1.
375 4240 398 4283 8.
559 4291 560 4294 Ἴ
749 4245 782 4298 (tlt
816 4252 858 4287 .c.
872 4239 897 4286 it.
911 4237 934 4298 2,
950 4237 970 4300 ξ.
984 4241 1021 4285 db.

102 4290 140 4351 (ὅ)
158 4291 235 4354 irrep
251 4307 333 4355 evang.
349 4298 364 4343 Ι,
380 4299 402 4360 2,
417 4310 439 4345 e.
451 4298 474 4349 t.
750 4303 780 4362 (dt
796 4301 823 4348 Τ.
836 4301 852 4362 1,
867 4313 892 4360 p.
906 4299 932 4360 u,
947 4311 967 4346 c.
982 4297 1018 4358 ur,
1034 4309 1057 4342 n.
1072 4295 1179 4346 abs-stt.
