2910 4732
454 216 528 263 rans
545 217 567 262 ι.
587 214 688 266 secare
706 213 739 273 u.
758 213 853 266 saror
868 215 911 260 ιιι.
1213 198 1262 262 ,ιι

57 293 292 360 stianis‘tliseere
310 301 489 374 potuerunt,
507 295 553 357 vel
567 293 656 357 etiam
695 290 1306 373 velatione-adbnemnobilissimumper»

59 381 174 442 interna
185 383 280 458 gratia
296 381 396 442 diviua
408 381 510 440 itaeos
529 379 659 440 illustra·
697 375 1037 440 ducerevelit‘l--certe
1053 394 1239 456 erroreque
1251 396 1306 440 aa·

58 483 86 526 re
100 463 211 545 potuit,
231 471 265 524 ut
284 463 463 524 revelatione
481 471 603 526 externa
623 481 659 522 o·
698 458 894 523 loramentis
924 459 1091 536 humanae,
1117 477 1215 541 neque
1240 460 1308 525 idea

57 568 110 628 pus
128 568 189 610 nori
212 548 314 608 luerit.
339 547 373 627 b)
392 545 423 608 Si
442 545 660 608 revelatione·
698 543 831 625 supremi
850 541 986 604 Numinis
1005 543 1209 606 necessitatem
1226 564 1306 608 reve·

59 632 186 694 cessaria
206 631 327 707 dicitur,
344 629 402 692 nori
423 631 491 692 ideo
508 629 660 692 rationio-
699 627 819 702 lationis
836 627 1070 707 supernaturalis
1098 628 1238 691 excludit.
1264 629 1306 714 b)

59 715 134 776 mnis
151 716 320 790 veritatum,
336 725 366 775 ιι
381 714 543 776 officiorum
555 713 660 792 cogni·
699 710 847 774 Animalia
859 711 894 773 ad
910 711 984 772 fines
998 729 1068 774 suos
1085 714 1236 776 naturales
1253 715 1306 776 ob·

60 799 96 860 tio
112 799 288 876 denegatur,
313 817 401 878 quarn
429 797 486 860 rite
511 797 660 862 adbilaen-
701 795 839 858 tinendos
857 795 1072 856 sufficientibus
1089 794 1202 858 viribus
1220 807 1306 860 natu·

61 893 100 944 ιιι
114 882 280 945 laudabiles
295 883 426 962 prolecto
443 891 527 944 ectus
550 899 661 961 ponere
701 880 813 942 ralihus
823 880 968 940 instructa
981 888 1070 956 sune·
1082 879 1163 960 quod
1176 880 1257 943 idem
1269 883 1306 946 de

63 975 180 1046 queunt:
199 985 259 1027 uon
276 976 374 1028 autem
394 964 461 1028 ideo
477 965 621 1045 perlecta,
633 973 663 1026 et
702 964 823 1025 homine
834 963 892 1024 dici
911 972 1019 1044 potest,
1036 963 1088 1044 qui
1102 963 1140 1029 ad
1158 973 1242 1028 aetus
1255 985 1306 1030 na·

62 1052 236 1112 adsalutem
257 1051 408 1112 sulliciens
437 1050 589 1112 moralitas
609 1067 662 1112 ιι·
703 1048 812 1110 rurales
832 1046 986 1127 ponendos
1008 1050 1306 1127 supernaturaliou-

65 1136 158 1212 surgit.
180 1133 255 1214 Ipsi,
275 1135 325 1214 qui
346 1135 423 1194 iuter
439 1134 580 1196 Etlvnicos
595 1134 662 1194 lau·
701 1132 771 1194 uilio
788 1150 845 1193 non
861 1131 984 1208 indiget.
1006 1130 1039 1194 ln
1058 1131 1130 1212 ipsir
1146 1151 1215 1194 vero
1237 1135 1306 1196 ani-

66 1217 122 1278 dari
137 1218 247 1293 solent,
262 1217 378 1279 virtutis
389 1225 472 1279 actus
488 1219 663 1298 plerumque
704 1215 854 1277 mantibus
872 1233 901 1276 e.
920 1235 949 1294 g.
974 1217 1060 1296 equis
1080 1217 1153 1278 varii
1170 1219 1308 1282 linesoh·

64 1302 90 1362 in
107 1302 232 1376 motivo,
252 1302 296 1362 vel
317 1301 348 1362 in
367 1301 598 1378 circumstantiis
616 1302 662 1362 vi·
704 1299 791 1362 lineri
811 1317 870 1360 non
888 1308 1032 1380 possunt,
1053 1300 1111 1362 nisi
1130 1300 1167 1362 ab
1185 1301 1307 1366 homine

65 1385 264 1447 tiatiluerunt.
276 1385 306 1464 c)
317 1385 435 1449 Falsum
450 1404 594 1467 persaepe
605 1393 662 1462 ιιι,
703 1384 881 1462 dirigantur:
893 1403 931 1444 an
946 1384 1013 1448 ideo
1025 1383 1172 1447 absonum
1191 1395 1246 1464 est,
1261 1407 1309 1450 as·

64 1469 137 1548 quod
156 1469 298 1530 debonis
316 1469 510 1531 Ethnlcorum
531 1469 664 1533 moribus
704 1485 816 1542 serere,
834 1467 984 1530 hominem
998 1469 1028 1530 in
1044 1469 1167 1532 srnesuo
1183 1471 1309 1534 nobilis·

65 1562 212 1630 narratum
223 1553 306 1626 sice.
320 1571 351 1631 g.
360 1553 494 1615 nonnulli
511 1571 579 1616 cum
591 1551 663 1616 Vol·
704 1553 779 1614 simo
807 1552 988 1631 acquirendo
1010 1570 1026 1613 a
1050 1552 1110 1616 Deo
1130 1553 1195 1634 ipso
1220 1556 1309 1636 dirigi

66 1637 147 1698 tairio
166 1637 199 1697 iu
219 1637 320 1698 odium
344 1635 579 1700 Christianorum
598 1655 664 1698 rna-
704 1635 829 1698 debere?
842 1671 884 1680 -
899 1637 939 1714 c)
956 1635 1019 1698 Non
1039 1638 1135 1701 solum
1155 1639 1307 1718 animalia,

67 1721 137 1782 xime
167 1721 336 1782 extulerunt
356 1719 526 1784 Sinensium
546 1740 663 1798 morea,
705 1721 757 1782 sed
784 1719 948 1800 etreliqua
971 1720 1052 1782 entia
1071 1722 1114 1784 sic
1138 1735 1311 1804 comparata

67 1824 136 1884 quos
159 1815 261 1866 tamen
284 1802 458 1882 Rousseau,
479 1815 508 1868 el
530 1806 593 1882 alii,
614 1806 666 1886 qui
705 1811 786 1882 sunl,
800 1814 834 1865 ut
846 1805 945 1866 omnia
957 1805 991 1865 ιιι
1003 1803 1134 1884 ipsorum
1151 1807 1225 1868 lines
1238 1828 1309 1890 pro·

67 1891 100 1948 de
112 1888 171 1949 illis
186 1887 329 1968 optimam
340 1888 473 1950 notitiam
486 1889 664 1967 habueruut,
706 1889 866 1950 movendos
893 1889 1089 1967 ordinentur3
1127 1893 1309 1958 contrarium

70 1973 149 2033 valde
167 1980 326 2053 corruptos
344 1973 526 2036 describunt.
707 1992 774 2035 vero
791 1973 963 2034 inhomiuc
983 1973 1127 2049 cernitur3
1149 1989 1180 2050 ιιΙ
1197 1974 1311 2040 horest

108 2056 169 2120 obt.
192 2057 223 2118 5.
245 2055 312 2136 lpsa
331 2055 477 2120 humanae
490 2059 597 2120 mentis
611 2077 665 2122 na·
707 2057 872 2139 problema,
894 2058 971 2137 quod
991 2056 1182 2139 Philosophia
1197 2061 1311 2124 solvere

73 2149 144 2216 tura,
161 2148 192 2202 et
219 2141 329 2201 summi
347 2139 484 2204 Numinis
502 2143 569 2204 idea
587 2153 667 2205 recte
707 2141 829 2222 nequit,
849 2159 941 2222 quare
959 2143 1098 2204 revelatio
1120 2145 1186 2206 iure
1204 2163 1310 2208 neces·

69 2225 217 2285 eliormata
237 2242 356 2286 omnem
380 2226 540 2289 excludunt
559 2245 667 2308 super·
707 2229 784 2288 saria
803 2226 911 2288 dicitur
929 2225 988 2304 (ι).

71 2307 209 2368 naturalis
234 2309 424 2370 revelationis
446 2311 665 2389 necessitatem3
752 2310 815 2379 (loa.
837 2311 867 2372 d.
886 2308 917 2370 ln
936 2309 1067 2373 humano
1085 2329 1194 2390 genere
1213 2315 1310 2376 couti·

71 2392 369 2472 -quemadmodum
385 2392 464 2454 enim
491 2395 592 2457 omnia
610 2396 669 2458 alia
709 2414 769 2456 nua
789 2395 1008 2475 perfectibilv'tos
1025 2396 1141 2458 admitti
1161 2399 1267 2461 dehet:
1287 2401 1312 2462 si

72 2475 228 2538 animantia
244 2476 281 2537 iis
297 2475 410 2538 viribus
427 2479 564 2556 praedita
585 2489 667 2558 sunt,
709 2479 766 2560 ipsi
784 2497 852 2558 crgo
871 2478 970 2540 divina
987 2481 1128 2543 revelatio
1145 2485 1312 2546 necessaria

72 2559 173 2638 quibus
192 2568 317 2622 naturae
336 2580 407 2622 suae
427 2564 500 2624 fines
525 2563 669 2641 attingere
710 2565 767 2624 luit
784 2563 815 2624 in
830 2571 908 2625 statu
931 2562 1152 2645 impubertalis,
1173 2574 1202 2628 et
1220 2568 1312 2649 stupi-

73 2643 199 2721 possiul;
225 2643 265 2704 ita
291 2647 392 2725 procul
423 2646 513 2708 dubio
533 2646 670 2710 homiues
710 2647 822 2721 dilatis,
846 2647 934 2708 morlo
961 2657 1079 2722 tamen,
1108 2668 1174 2711 cum
1198 2668 1233 2711 ιι
1259 2652 1313 2713 ιιοι

74 2727 182 2789 ιιιιοιιι
199 2727 257 2788 sibi
274 2747 415 2790 concessa
429 2739 583 2810 praestant
601 2732 671 2794 reli·
711 2731 786 2793 tristi
800 2740 876 2794 statu
893 2750 1042 2810 egressum
1056 2733 1094 2794 ad
1107 2734 1312 2814 perfectiorem

72 2811 133 2888 quis
151 2811 368 2888 animantibus,
389 2813 560 2896 eisdemque
580 2816 672 2877 lacul·
711 2818 856 2878 culturam
876 2817 1141 2896 pervenit,·divina
1155 2819 1312 2881 revelatio·

76 2901 111 2955 tas
129 2894 197 2957 data
220 2906 277 2972 est,
299 2915 333 2957 ea
352 2897 452 2959 omnia
488 2897 670 2978 intelligendi
712 2918 749 2961 ne
770 2919 830 2962 nou
854 2900 981 2981 amplius
999 2901 1122 2978 indiget.

75 2985 100 3036 et
112 2977 301 3056 observandi,
322 2999 398 3060 quae
412 2982 447 3043 ad
463 3001 595 3045 summos
613 2984 671 3045 hu·
752 2985 837 3064 Rccp.
858 2987 888 3064 ι)
907 2983 938 3046 Si
957 2985 1093 3046 homines
1116 2984 1196 3047 circe
1222 2993 1313 3065 artes,

78 3062 149 3122 mani
163 3064 285 3142 generis
303 3064 377 3125 fines
399 3065 589 3144 obtinendos,
610 3067 671 3129 sci·
712 3068 909 3150 scientiaeque
934 3068 1086 3130 naturales
1111 3087 1205 3151 usque
1224 3073 1313 3152 perfi-

78 3143 137 3206 lieel
153 3146 192 3208 ad
205 3147 301 3208 ollvcia
315 3147 435 3225 tuenda,
455 3159 483 3211 ιι
502 3152 536 3212 ιιι
556 3151 673 3230 religio·
712 3153 842 3227 ciuntur,
863 3153 1019 3214 nunidem
1043 3160 1141 3215 tamen
1169 3154 1206 3216 de
1228 3156 1312 3237 ipsis,

76 3246 133 3288 nem
152 3230 308 3292 colendam
333 3241 467 3312 spectant
485 3235 544 3314 (ll.
597 3260 603 3274 ·
713 3236 737 3298 si
756 3237 885 3317 propriis
905 3237 1019 3300 viribus
1039 3237 1265 3318 relinquantur,
1283 3242 1313 3302 in

110 3314 194 3394 Reop.
217 3315 385 3395 alNatura
416 3318 539 3386 rationis
561 3339 597 3382 ea
615 3328 671 3399 est,
713 3322 831 3399 negotio
862 3320 1023 3398 Religionis
1057 3321 1173 3384 admitti
1205 3333 1313 3405 polest.

77 3404 103 3456 ut
123 3398 157 3459 ad
178 3399 378 3476 cognitionem
400 3402 529 3464 veritatis
547 3423 606 3465 non
627 3424 674 3466 so·
712 3404 802 3466 lllulta
820 3405 899 3466 enim
919 3413 999 3476 ιιιιιι,
1027 3425 1103 3486 quae
1122 3407 1193 3468 huic
1214 3410 1313 3489 perle-

76 3477 129 3540 lum
144 3481 293 3563 principia
311 3503 364 3544 sua
379 3486 553 3564 evolvendo,
570 3489 675 3550 sedet·
713 3489 864 3551 ctibilitati
889 3489 1017 3551 obstant.
1044 3490 1108 3552 Non
1128 3491 1207 3552 enirn
1227 3493 1315 3554 homo

77 3562 127 3622 iam
146 3567 317 3628 auctoritati
343 3568 490 3632 credendo
514 3572 670 3652 pertingat.
714 3573 911 3634 inabstracta
937 3575 1065 3653 spectari
1087 3574 1195 3652 debet,
1214 3577 1265 3638 sed
1285 3577 1314 3636 in

75 3643 178 3715 Quodsi
199 3649 335 3713 homines
352 3653 381 3714 in
401 3656 587 3718 naturalibus
604 3660 673 3736 plu»
714 3665 865 3732 concreto,
882 3667 969 3738 prout
981 3665 1024 3719 est
1044 3659 1129 3720 malis
1147 3660 1314 3739 cupiditati·

77 3731 144 3792 rimo
157 3751 192 3794 ιι
211 3735 274 3795 sola
287 3737 462 3798 auctoritate
477 3750 672 3818 cognoscunt,
715 3741 770 3802 hus
785 3741 962 3819 abstractus,
979 3751 1008 3804 et
1025 3742 1153 3817 illectus,
1180 3743 1315 3824 pessimis

76 3815 236 3892 quisdicet,
249 3819 369 3900 ipsosin
383 3825 672 3902 supernaturalibus,
715 3825 856 3905 exemplis
876 3825 1107 3902 circumventus,
1127 3827 1313 3908 praeiudica-

77 3915 122 3958 seu
139 3899 169 3960 in
188 3901 373 3980 veritatibus,
392 3924 468 3985 quae
485 3908 670 3985 religionem,
716 3909 752 3972 tis
779 3907 991 3988 opinionibus,
1022 3929 1096 3990 quas
1122 3910 1159 3970 ab
1190 3909 1320 3970 inlantia

78 3988 102 4039 el
122 3983 247 4046 salutern
272 3998 468 4066 concernunt,
503 3993 602 4054 omnia
622 4011 675 4072 per
714 3993 824 4067 hausit,
841 3993 986 4068 imbutus,
1002 3994 1133 4074 publica,
1148 4001 1236 4071 alque
1250 3993 1316 4053 uni·

79 4064 162 4126 solam
183 4069 329 4131 rationem
356 4091 439 4134 suam
466 4076 601 4137 evolvere
619 4077 673 4138 de·
715 4077 904 4156 versallapud
919 4077 1100 4153 suosegendi
1115 4075 1228 4136 ratione
1239 4095 1316 4156 quo-

81 4144 156 4209 bere?
172 4153 240 4230 quis
254 4149 406 4231 indignum
422 4155 482 4219 Deo
498 4159 625 4238 putabit,
643 4169 674 4221 ul
714 4161 872 4222 dammodo
895 4167 1007 4240 raptus.
1024 4158 1056 4224 Ic
1071 4159 1126 4218 hoc
1146 4159 1221 4218 lltsli
1239 4169 1315 4221 Sltlu

83 4226 206 4296 homines
226 4236 337 4318 duplici
354 4240 563 4318 via-ratione,
577 4250 606 4304 et
623 4261 673 4305 re·
714 4245 803 4306 homo
827 4243 905 4304 circa
921 4239 1083 4318 Religionis
1102 4240 1315 4316 cognitionem,

107 4334 136 4396 li)
148 4336 181 4386 lla
193 4343 356 4403 Wegsebeider
370 4347 423 4394 luet.
439 4345 509 4397 theol.
522 4360 543 4395 c.
557 4349 574 4397 l.
589 4347 608 4408 ι.
621 4349 659 4398 ιι.
744 4351 774 4411 (ιι
790 4351 817 4400 V.
833 4349 934 4394 Perrouo
950 4345 966 4390 t.
982 4343 999 4388 ι.
1014 4353 1065 4399 cop.
1083 4340 1105 4388 2.
1121 4354 1190 4402 prop.
1204 4346 1226 4390 5.
1241 4343 1318 4400 obl,l·
