2928 4734
223 161 286 228 050
622 179 807 232 mmrenttr
830 179 992 234 muretus

181 259 328 342 pinquum
351 258 511 324 annuntiet
524 279 552 322 u.
570 258 651 324 30..
669 305 676 324 .
694 305 703 322 .
719 277 781 326 nort
820 277 887 327 soro
905 262 994 329 iliud:
1023 279 1121 342 nequo
1150 277 1206 324 nos
1234 255 1382 336 exigimus
1409 275 1426 319 a

180 345 317 410 nominet
328 345 782 426 praemiatocc,ooocconotc
819 343 939 412 Christo
956 344 1140 426 prophetias,
1161 343 1214 406 sed
1234 344 1326 406 tactas
1347 341 1426 406 laeta

178 429 254 509 ficut
273 473 328 492 ...
349 427 427 510 quod
451 437 551 511 auteur
571 439 690 509 tempus
705 428 779 495 atti·
812 438 919 492 mente
936 438 967 492 at
985 430 1071 495 hrma
1089 429 1147 493 fide
1170 425 1362 508 suscipimus.
1384 459 1426 472 -

178 521 231 578 net
247 520 397 578 extremae
417 513 519 579 mundi
542 513 779 576 eousurnmttio-
818 511 976 592 Indignum
993 511 1252 594 quoqueChristo,
1265 508 1424 572 hominum

178 596 237 672 nis,
258 597 300 661 eit
317 617 344 660 u.
366 597 406 660 30
426 596 501 660 ittud
528 596 567 658 ad
591 596 707 660 occmta
725 595 779 660 Dei
818 597 1014 678 redemptori,
1028 615 1086 662 non
1102 596 1171 672 suit,
1190 594 1307 660 Iudaeis
1326 593 1426 656 incre-

177 681 289 744 iudicia
302 681 464 762 pertinere:
484 681 696 746 dedicantem
713 681 776 759 ibo,
818 681 896 746 dutis
912 681 1078 746 infortunia
1089 679 1274 762 praedicere;
1292 696 1364 741 nam
1383 677 1425 740 le·

177 766 223 830 nel
243 765 417 830 miamin
433 767 487 829 scit
500 765 560 845 (1).
817 773 918 842 catum
939 764 992 832 Dei
1015 784 1075 836 non
1097 764 1192 828 solum
1219 760 1337 826 intirtitc
1363 761 1424 822 mi-

159 846 166 854 ’
418 897 448 968 3·
467 901 541 952 Μ.
816 849 990 924 sericnrdis,
1009 849 1060 914 sed
1080 845 1235 944 etinhnite
1254 846 1327 942 iusti
1343 863 1423 907 sem-

816 932 1341 1100 inet,

232 1095 369 1162 Christus
396 1113 466 1175 erpo
484 1116 568 1160 ueras
585 1098 679 1166 edidit
704 1119 775 1184 pro·
860 1171 863 1178 f
992 1147 1171 1196 ,mmm
1184 1146 1222 1194 ,ν

175 1179 678 1278 phenas'qmmuququffit’
698 1205 775 1282 qu·ae
881 1245 901 1290 1)
963 1246 1037 1292 nrt
1064 1246 1072 1291 t
1104 1181 1345 1292 mrtoaatmtctts

174 1267 258 1334 nuntia
282 1275 381 1328 creata
405 1267 600 1344 rntetbgentra
626 1287 774 1349 praesente
875 1258 963 1330 Ψ
983 1257 1088 1292 “⁰¹³⁰
1139 1257 1171 1290 '⁵
1274 1255 1290 1303 ¹’
1345 1277 1352 1289 ·

175 1351 284 1429 potuit:
303 1367 373 1427 ergo
390 1349 436 1414 rel
454 1349 533 1414 bens
547 1351 617 1429 tuit,
632 1353 678 1418 vel
695 1365 774 1418 certe
1052 1329 1082 1400 §-
1109 1333 1182 1381 ¹⁴¹·

174 1434 274 1496 diuino
289 1432 394 1512 spiritu
404 1434 545 1513 repletus,
556 1455 648 1517 quare
661 1437 691 1500 in
705 1457 773 1502 curn
820 1495 823 1504 ,
855 1436 978 1503 Messias
993 1455 1052 1502 non
1063 1435 1160 1499 solum
1172 1431 1290 1496 Iudaeis
1301 1439 1335 1492 ut
1350 1448 1420 1514 prn-

173 1516 559 1582 aulieiraudisetsaiiaciae
578 1521 709 1601 suspicio
720 1541 772 1586 ca·
815 1522 904 1603 pheta
922 1539 1059 1601 coagnus,
1071 1520 1186 1597 legatus
1205 1515 1335 1590 divinus,
1361 1515 1419 1575 hc-

174 1600 245 1664 dere
265 1608 371 1681 potest.
386 1599 558 1666 Necessario
571 1622 641 1681 ergo
656 1605 700 1668 itti
712 1625 774 1670 cre·
814 1606 991 1688 mirumque
1004 1605 1173 1684 redemptor
1183 1598 1350 1682 promissus
1362 1597 1420 1660 suit

173 1684 303 1748 ciendum
317 1693 373 1760 est,
388 1703 456 1750 curn
472 1704 504 1748 se
518 1687 592 1752 dixit
606 1707 623 1750 a
637 1688 773 1754 Patrcad
814 1691 855 1770 (ἓ.
879 1690 966 1769 tce),
986 1689 1041 1752 sed
1059 1697 1090 1750 et
1109 1697 1225 1766 tempus
1245 1702 1300 1764 pro
1321 1682 1419 1765 ipsius

174 1767 443 1835 hominesmissum
457 1780 548 1850 atque
562 1772 666 1850 religio
679 1775 774 1855 ipsius
813 1775 942 1841 adventu
975 1770 1205 1837 determinatum
1237 1776 1295 1844 est,
1326 1775 1419 1847 atque

174 1852 311 1918 habenda
331 1862 377 1917 est
395 1863 427 1916 ut
445 1852 587 1921 divinitus
609 1858 749 1924 revelata.
814 1859 1001 1922 characteres
1019 1855 1113 1937 ipsius
1130 1852 1272 1930 assignati
1287 1860 1358 1914 sunt
1373 1850 1415 1932 (ξ.

214 1939 302 2004 nna.
322 1935 470 2001 Incraduh
489 1940 654 2019 prophetiis
676 1943 772 2006 aneu·
805 1943 875 2013 ,100
892 1941 978 2022 ete).
999 1940 1133 2004 Christus
1152 1945 1252 2002 autem
1271 1943 1336 1998 tum
1352 1943 1419 1996 stu-

173 2021 229 2084 ctis
247 2022 452 2086 auctoritatem
471 2031 502 2084 et
529 2024 617 2088 tidem
641 2025 773 2104 denega·
814 2035 877 2092 tuto
896 2035 1024 2105 temporo
1040 2023 1131 2098 matt,
1152 2029 1214 2085 tum
1234 2036 1333 2082 emeres
1350 2019 1419 2082 cho-

173 2114 255 2182 runt,
277 2105 348 2185 quia
366 2118 432 2186 post
446 2117 585 2172 euentum
604 2111 773 2191 conscripta
813 2119 941 2177 rectores
958 2110 1080 2175 noctae
1097 2103 1312 2170 evidentissime
1326 2103 1360 2164 iu
1386 2120 1418 2164 sc

173 2191 305 2254 suerunt.
325 2190 437 2254 -Ast
454 2190 569 2258 iicetid
588 2192 624 2256 de
638 2195 772 2260 nonnul·
812 2195 980 2276 compleres
992 2201 1045 2258 cst:
1066 2210 1137 2269 exuo
1160 2199 1204 2255 est
1232 2205 1318 2252 verus
1335 2184 1417 2248 hies-

173 2275 209 2336 tis
225 2272 334 2338 Christi
350 2274 514 2354 prophetiis
528 2295 629 2338 rerum
647 2277 697 2356 sit,
714 2298 771 2342 no·
810 2279 883 2355 sias,
904 2280 1016 2357 legatus
1034 2277 1166 2352 divinus,
1186 2293 1221 2338 ec
1234 2271 1353 2337 divinae
1370 2288 1418 2334 re·

173 2358 295 2422 tandum
314 2367 414 2424 tamen
433 2360 586 2434 esnatica
604 2380 680 2437 esse,
700 2382 771 2443 pro·
803 2362 970 2428 celationis
987 2380 1108 2442 praeeo.

172 2442 303 2523 photiani
326 2443 469 2522 preferre,
490 2453 520 2508 et
542 2445 621 2507 atiud
639 2448 771 2527 prophe-

173 2527 771 2609 tiamiamanteeventumproiatamcon-
1045 2495 1076 2567 3*
1105 2497 1177 2547 Μ’·
1294 2587 1323 2600 ,,

171 2588 1401 2690 wfflmfflfflfflmemmmffltmmmwwwfflmwmm

171 2696 254 2758 omni
271 2694 444 2774 exceptione
463 2696 612 2773 maiores,
628 2709 768 2775 horrent,
852 2696 985 2764 Christus
1002 2696 1051 2760 iliu
1064 2693 1198 2778 praecise
1214 2701 1350 2774 tempore
1367 2710 1416 2754 ve

171 2778 319 2842 Christum
338 2788 460 2844 eventus
476 2779 527 2846 tali
547 2788 679 2864 tempore
697 2802 769 2864 pro·
810 2781 865 2858 nit,
885 2801 944 2862 qun
961 2780 1085 2845 Messias
1098 2778 1243 2844 aduentus
1255 2795 1272 2836 a
1286 2775 1415 2858 prophe·

171 2863 361 2942 tulisseque
379 2862 470 2930 saturi
489 2874 584 2940 erant,
603 2885 658 2929 neo
680 2877 769 2934 natur·
811 2867 848 2928 tis
864 2865 1090 2945 praenuntiatus
1109 2864 1204 2926 fuerat
1223 2860 1267 2942 (d.
1288 2860 1348 2921 100
1372 2891 1414 2904 -

171 2948 276 3010 naliter
294 2946 458 3027 praevideri
478 2959 626 3034 poteraut.
645 2985 687 2999 --
707 2951 769 3015 Into
810 2949 836 3030 b.
855 2949 940 3029 tte).
974 2949 1050 3026 Ergo
1080 2944 1272 3029 prophetiae,
1294 2952 1413 3024 tempus

146 3036 147 3043 ’
171 3031 365 3096 celeberrima
379 3031 416 3094 de
432 3032 546 3097 excidio
562 3032 771 3115 Hierosotyrni·
810 3033 933 3096 Messias
951 3033 1156 3114 respicientes,
1176 3048 1206 3090 rn
1227 3029 1292 3110 ipso
1312 3026 1413 3088 adim-

171 3123 241 3178 tano
267 3116 423 3195 prophetia
446 3117 507 3179 iarn
536 3126 605 3184 onte
631 3129 767 3184 eventum
810 3113 1413 3199 pletaesunt,quodiaoillhnumestpro-
1451 3181 1452 3190 χ

170 3200 339 3280 conscripta
356 3199 412 3264 tuit
429 3220 445 3264 a
463 3199 729 3277 Matttiacmttarco
742 3214 770 3267 et
811 3205 892 3267 here.
913 3200 984 3262 Nam

170 3281 262 3358 Luca,
279 3282 330 3362 qui
347 3281 407 3347 iam
430 3293 500 3347 ante
518 3285 701 3365 praedictum
717 3307 768 3348 ex·
871 3286 899 3348 1.
921 3284 963 3350 Ex
992 3281 1147 3346 morientis
1170 3279 1267 3344 Iacche
1290 3277 1411 3340 oraculo
1450 3333 1451 3376 ,

170 3366 282 3430 sidium
297 3366 404 3430 ntertui
420 3377 515 3432 erant.
526 3369 768 3436 -Herderodi-
808 3367 928 3432 Messias
938 3368 1077 3432 advenire
1088 3365 1337 3428 debuitcessantc
1347 3379 1412 3422 sce·

170 3449 261 3511 centi:
278 3450 329 3528 qui
347 3469 364 3514 a
383 3453 476 3527 iegato
489 3451 587 3514 divino
598 3455 769 3533 prophetias
810 3464 875 3534 ptro
892 3454 922 3514 in
945 3452 1018 3518 Iuda
1035 3451 1075 3532 (5.
1094 3450 1181 3531 101).
1202 3444 1259 3510 Sed
1277 3464 1345 3510 curn
1361 3443 1411 3506 le-

171 3533 387 3610 exisitstnntts
399 3535 611 3613 estmiiitibus,
620 3537 768 3604 Christum
810 3557 860 3605 eus
881 3536 1049 3604 Nazarenus
1067 3540 1257 3608 nasceretur,
1277 3529 1338 3592 iam
1360 3526 1410 3590 lu·
1449 3535 1450 3546 ¹

123 3681 124 3686 ,
171 3617 424 3697 percutientibus,
444 3627 473 3680 et
496 3619 767 3700 interrogantibus:
807 3622 920 3696 daei,.a
932 3619 1074 3700 Pompeio
1090 3616 1196 3680 deuicti
1210 3622 1343 3696 sceptro,
1359 3630 1411 3674 seu
1448 3689 1449 3708 Χ

170 3702 457 3780 Prophetizonohis,
470 3708 771 3786 pctsest,puttcpcr-
809 3724 948 3786 suprema
966 3711 1112 3785 potestate
1133 3699 1238 3782 privati
1255 3707 1360 3774 erant,
1382 3703 1411 3756 et

170 3787 283 3850 cussit?
300 3821 340 3834 -
358 3788 507 3866 Dobmmpr
523 3791 701 3870 respondet:
717 3790 769 3872 qui
809 3789 940 3861 Herodes
955 3788 1125 3865 alienigena
1146 3801 1271 3863 regnum
1283 3779 1411 3846 Iudaeae

133 3897 135 3904 ’
169 3870 260 3946 108011
278 3868 369 3936 divini
387 3871 604 3952 praedictiones
623 3893 682 3937 uon
701 3893 769 3936 cre·
810 3880 997 3939 asenatuet
1017 3870 1411 3952 populoremanoaccetc-
1447 3869 1448 3888 ¹

171 3955 233 4030 dit,
258 3953 365 4020 similis
395 3966 439 4021 est
465 3955 601 4034 Iudaeis,
621 3957 769 4026 Christum
810 3966 866 4026 rat.
888 3951 1337 4036 Paulopostilerodismortem
1375 3966 1410 4008 u·
1446 3969 1447 3996 t

171 4045 293 4119 propter
310 4039 363 4100 has
383 4041 592 4104 accusantibus
613 4049 642 4103 et
664 4042 770 4104 dicen·
810 4041 901 4102 dacae
920 4040 999 4118 regio
1019 4037 1168 4099 idumaeis
1187 4043 1309 4115 erepta,
1330 4039 1358 4093 et
1381 4029 1411 4090 in
1446 3999 1447 4057 1

172 4123 267 4184 tibus:
287 4124 343 4184 Hic
365 4125 461 4200 dicit,
479 4142 601 4202 poserem
620 4127 772 4188 destrucre
812 4124 993 4206 provinciam
1021 4138 1176 4184 romanam
1203 4117 1324 4180 redacta
1354 4121 1408 4176 est.
1445 4133 1446 4227 p

145 4243 149 4251 ι
173 4207 311 4283 temptum
325 4207 389 4282 hoc,
408 4215 435 4269 et
454 4208 487 4268 tu
507 4209 607 4269 triduo
631 4210 770 4283 recedifi·
811 4207 879 4273 Ideo
898 4207 999 4270 Iudaei
1014 4205 1107 4268 Pilato
1121 4203 1266 4267 dicentes:
1282 4199 1412 4266 Noniae·
1444 4291 1445 4300 ἵ

203 4311 545 4370 tibhieherrnnntom.i,png.
562 4312 614 4358 tet.
705 4311 708 4318 ‘
787 4291 1116 4375 1(2)001)ω.1.5,ἷ.81.
1444 4311 1445 4397 p

1438 4607 1443 4697 t
