2934 4736
433 203 508 250 ruas
526 203 558 248 ιι.
578 203 679 249 sacrm
696 203 728 249 ιι.
750 203 843 248 carun
864 203 906 248 ιν.
1198 183 1258 247 ill

73 280 240 344 interritam
268 287 298 343 et
320 288 452 345 *mortem
483 283 653 345 discernam
928 289 958 360 ς.
987 293 1061 344 ιιι.

74 383 122 428 ιιι
146 367 320 442 valuissent,
341 374 392 429 aut
418 385 507 430 caeco
531 386 653 449 prorsus

75 451 144 512 modo
161 451 233 513 dura
254 469 308 531 pro
326 451 461 514 amoenis
478 451 650 531 elegissent.

73 531 126 614 Ipsa
138 535 354 614 sapientissima
371 553 525 615 responsa,
543 536 652 617 quibus
746 531 851 594 Divina
883 530 1097 608 Providentia,
1118 551 1195 613 quae
1213 554 1246 597 se
1268 537 1300 600 in

73 636 85 678 a
101 619 266 698 martyribus
283 618 344 680 imo
359 626 389 680 ct
406 639 423 680 a
441 620 585 696 femellis,
602 619 652 682 iu·
693 617 897 678 conservanda
915 616 1068 694 Religione
1085 619 1217 680 unosaica
1237 637 1300 684 rna-

72 700 137 762 dices
148 701 257 764 ethuici
268 703 383 764 contusi
395 713 477 779 sunt,
488 713 533 765 sat
548 712 653 766 osten·
693 701 855 775 nisestauit,
872 701 962 762 etiam
980 701 1011 762 in
1027 703 1229 764 conservancia
1241 702 1300 766 lte·

72 784 147 863 duut,
165 787 230 848 illos
244 787 380 868 stupidos
404 788 481 850 haud
496 788 653 850 luisse—
691 785 802 863 ligioue
814 784 975 847 christiana
986 785 1059 846 satis
1067 786 1228 866 conspicua
1240 795 1296 849 est.

71 867 163 930 lolem
188 871 277 933 modo
301 872 478 934 insanientis
500 872 651 934 lunatisuui
691 903 733 914 -
751 868 915 948 Religionis
930 870 1009 930 cuim
1029 869 1209 932 christianae
1224 889 1298 950 prer-

71 955 248 1034 suspicionem
262 956 351 1034 longe
368 976 386 1018 a
405 956 583 1039 martyribus
600 974 650 1018 rc·
688 953 869 1032 petuointer
881 954 1147 1016 vehementissimos
1161 972 1299 1033 perseca-

48 1083 53 1119 ;
71 1047 169 1099 mouent
183 1073 198 1084 -
218 1040 305 1121 quies
324 1039 476 1122 animique
504 1041 651 1120 tranquil·
690 1037 784 1099 tiones
801 1039 957 1114 stabilitos,
980 1039 1117 1117 sanatos
1131 1048 1298 1117 persecuto·

71 1119 136 1197 litas,
148 1142 231 1203 quam
248 1125 280 1183 in
294 1125 475 1187 eruciatibus
487 1125 650 1187 acerbissi-
689 1138 760 1183 ram
778 1123 1007 1197 crustumino,
1024 1139 1058 1184 ac
1074 1132 1297 1201 supernatura-

71 1204 115 1264 mis
135 1207 391 1286 praeseferebnnt,
412 1209 546 1271 oocuutua
577 1227 649 1271 sau·
690 1205 731 1267 lio
746 1207 938 1281 charismata,
954 1207 1064 1288 quibus
1078 1207 1227 1283 genuinae
1239 1208 1297 1270 do-

70 1287 192 1367 ctissime,
205 1311 296 1372 qnam
312 1311 371 1354 uon
388 1293 484 1354 solum
500 1293 649 1375 intrepide
690 1289 803 1351 ctrinae
822 1291 1002 1353 christianae
1021 1291 1144 1371 perlecti
1164 1299 1296 1354 sectato-

70 1375 274 1452 pruhtehantur,
299 1377 456 1458 sedsaepe
485 1377 574 1440 etiam
598 1395 650 1438 so·
690 1375 861 1453 respueris
884 1375 1053 1437 insaecula
1081 1375 1215 1436 eneruati
1239 1394 1295 1457 ap-

70 1456 298 1522 litteratioribus
313 1459 538 1537 confirmabant,
552 1479 647 1537 amor,
691 1467 865 1538 paruerunt,
895 1459 1077 1536 singularem
1108 1459 1238 1521 diuinam
1259 1479 1295 1522 o·

71 1557 116 1618 quo
129 1543 399 1623 complectebantur
412 1545 549 1607 inimicos
566 1564 648 1622 suos,
690 1560 770 1621 pem,
790 1559 843 1604 seu
855 1550 994 1604 constans
1009 1543 1185 1606 miraculum
1199 1543 1229 1606 in
1243 1563 1295 1606 or*

69 1641 163 1702 preces,
176 1647 250 1707 quas
264 1647 316 1708 pro
328 1629 568 1710 persecutoribus
582 1629 651 1690 son·
690 1626 760 1687 dine
778 1627 884 1688 morali
905 1627 1076 1694 ostendunt·

68 1705 168 1785 iebant,
182 1719 212 1772 et
228 1712 289 1773 alia
301 1711 458 1789 beneticia,
470 1732 546 1794 quae
562 1713 650 1774 hinc·
734 1711 765 1772 l.
788 1709 922 1773 Christus
940 1708 1087 1788 Religioni
1103 1718 1133 1772 et
1144 1711 1296 1774 Ecclesiae

68 1788 122 1852 iude
142 1794 210 1872 illis,
242 1815 261 1858 a
289 1796 397 1876 quibus
416 1796 648 1874 cruciabantur,
691 1811 751 1856 ase
764 1794 929 1870 institutae,
949 1794 1213 1858 nonobstantibus
1232 1798 1298 1876 plu·

68 1878 651 1961 praestabunt.-Nequeargumentino
691 1877 775 1938 rimis
807 1878 1084 1959 persecutionibus,
1119 1890 1295 1961 perpetuam

68 1959 108 2018 stri
123 1962 161 2022 ris
179 1981 213 2024 ex
231 1983 269 2027 eo
288 1973 456 2042 enervatur,
476 1965 555 2046 quod
573 1964 652 2027 iuter
691 1961 880 2024 stabilitatem
892 1962 1040 2056 promisit,
1054 1962 1168 2025 dicens:
1187 1965 1297 2027 Portae

68 2038 182 2107 iuidcles
200 2058 366 2128 quoqueet
385 2049 550 2111 haereticos
572 2069 650 2110 nou·
690 2045 785 2125 inferi
815 2065 878 2109 ooo
906 2047 1118 2127 praevalebunt
1154 2049 1295 2112 odeactus

68 2127 126 2188 nulli
142 2129 252 2193 inventi
272 2133 393 2210 suerint,
411 2133 463 2214 qui
479 2151 533 2215 pro
547 2151 651 2214 super·
691 2147 757 2207 eom
768 2131 827 2211 (2).
845 2129 930 2202 Quod
945 2138 1043 2193 autem
1057 2130 1191 2194 Christus
1211 2152 1296 2214 prae·

68 2211 183 2290 stitione,
202 2235 256 2277 seu
283 2235 383 2278 errore
412 2236 465 2278 suo
496 2227 649 2279 cruentam
690 2213 764 2274 dixit
781 2216 839 2276 iam
861 2233 915 2295 per
929 2215 1094 2278 octodecim
1114 2217 1232 2278 saecula
1248 2235 1296 2280 ue-

69 2305 172 2358 umrtem
193 2299 362 2362 tolerarint.
380 2299 490 2362 ilerum
505 2301 583 2363 enim
597 2320 652 2363 nu·
690 2298 838 2360 risucatum
859 2307 913 2362 est.
930 2298 1096 2379 -lieligio
1112 2301 1191 2362 euim
1211 2301 1294 2363 chri-

67 2393 148 2441 nerus
170 2402 236 2445 com
269 2384 460 2446 multitudiue
490 2394 649 2466 martyrum
691 2383 829 2444 stiauaiu
847 2383 941 2446 tribus
954 2384 1296 2465 prioribussaeculisdi·

68 2476 109 2537 pro
125 2465 177 2528 huie
194 2467 521 2531 christiano-catholica
540 2470 652 2530 occiso·
690 2467 817 2528 rissiuruis
832 2467 863 2529 iu
882 2476 943 2529 tcto
969 2469 1094 2550 imperio
1113 2485 1237 2531 romano
1257 2489 1293 2531 a·

67 2559 119 2605 rum
139 2553 303 2632 comparari
331 2554 444 2634 nequit.
466 2553 604 2614 Inludeles
622 2562 651 2616 et
690 2550 781 2629 gitata
794 2559 838 2612 est
851 2552 1234 2632 persecutionibus-llis
1247 2573 1296 2616 ue·

68 2622 186 2694 haeretici
206 2636 335 2716 proauis
350 2637 555 2717 opinionibus,
572 2638 651 2698 circa
691 2652 724 2696 ro
743 2635 929 2698 cessantibus
948 2655 982 2698 ex
1008 2637 1102 2718 ipsius
1125 2637 1237 2714 gremio
1258 2658 1295 2699 a·

70 2727 128 2788 quas
146 2717 317 2798 imaginatio
330 2739 419 2802 saepe
437 2721 524 2794 lallit,
541 2723 651 2783 mortui
693 2719 754 2780 liud
779 2719 1018 2781 saevissimorum
1054 2719 1294 2783 aduersariorum

67 2805 130 2872 sunt,
145 2813 284 2884 martyres
300 2813 398 2866 autem
417 2823 485 2867 uere
496 2805 650 2867 christiani
690 2821 785 2880 genus
800 2811 920 2864 enatum
939 2811 1003 2874 est,
1026 2804 1166 2865 nimirum
1187 2804 1296 2866 haere·

69 2876 129 2942 tacta
141 2888 293 2949 sensibilia
311 2897 341 2950 et
354 2888 487 2969 publica,
504 2890 525 2951 i.
543 2909 572 2951 e.
596 2891 651 2951 mi·
692 2886 756 2963 tici,
776 2902 810 2948 ae
825 2886 972 2967 imprimis
989 2886 1104 2965 Ariani,
1124 2887 1175 2967 qui
1194 2887 1304 2967 impe-3³

69 2967 149 3028 recula
166 2979 303 3049 patrata,
333 2972 370 3033 de
397 2973 507 3052 quibus
527 2975 650 3036 omnino
692 2980 822 3033 ratorum
841 2972 939 3032 lavore
957 2971 1068 3032 sullulti
1090 2971 1304 3034 vehementis-5

68 3055 180 3122 persuasi
197 3055 328 3130 fueraut,
353 3066 447 3118 morta
466 3076 520 3119 sna
539 3060 650 3119 consur·
692 3055 784 3116 simos
806 3062 906 3117 motus
931 3056 1095 3117 excitarunt
1120 3055 1304 3118 adnectam
1334 3101 1336 3106 .

68 3145 177 3198 nauuut.
208 3139 290 3201 luter
317 3140 385 3201 illos
405 3141 490 3202 multi
510 3161 569 3203 nou
590 3150 649 3204 tam
691 3139 799 3201 Christi
810 3139 896 3200 fidem
906 3137 1217 3200 labefactandamllis
1227 3147 1294 3201 sue·-

68 3227 168 3296 proptor
184 3224 290 3300 sudetur,
310 3242 399 3304 quam
417 3226 632 3306 profitebantur
639 3272 649 3304 ,
692 3232 845 3284 cesserunt
863 3222 1044 3296 Donatistae,
1057 3221 1305 3307 Pelagiaui,Ne·[

69 3313 140 3390 llam
159 3308 256 3385 potius
279 3317 399 3389 propter
415 3309 500 3384 ialsa,
523 3317 553 3372 et
572 3309 650 3371 luouo
692 3307 829 3383 storiani,
849 3306 1043 3387 Eutychiani,
1062 3305 1304 3390 llonothelitae,j

68 3384 175 3450 ciuitatis
187 3391 306 3470 penitus
324 3392 472 3459 contraria
489 3393 649 3474 principia,
692 3389 892 3467 iconomachi,
906 3391 1164 3471 aliique,quorum
1176 3393 1303 3457 incluti-T

70 3479 130 3542 qtae
146 3476 334 3554 spargebant,
350 3476 394 3537 uel
413 3486 532 3557 propter
544 3477 652 3558 impias
692 3476 804 3536 stiauos
822 3484 900 3536 recte
918 3477 1080 3536 sentientes
1098 3476 1226 3538 insultus
1245 3477 1304 3537 Ιιί-”

69 3550 223 3635 seditiones,
244 3578 317 3640 quas
346 3560 536 3636 excitabant,
558 3571 652 3622 morte
692 3559 1303 3640 storiaecclesiasticaexhibet.Quotdein

69 3635 182 3702 uutctaui
200 3657 280 3706 suut.
301 3643 403 3724 Neque
421 3645 451 3705 in
471 3644 536 3706 istis
554 3645 651 3707 uirtu—
694 3643 827 3705 turbines
846 3644 1059 3726 posterioribus
1075 3645 1203 3706 saeculis
1220 3663 1293 3726 pro·

71 3719 104 3808 its
120 3728 368 3802 mansuetudiniS,
387 3729 546 3809 patientiae
559 3740 588 3791 et
605 3750 654 3792 ca·
693 3727 841 3791 duxerunt
863 3727 1060 3806 Albigeuses,
1083 3728 1243 3800 llussitae,
1264 3725 1301 3791 et'

69 3808 147 3867 ruatis
160 3828 226 3888 erga
245 3811 382 3874 iuimicus
396 3821 453 3873 tam
473 3814 652 3894 conspicuae
694 3812 852 3893 praecipue
868 3814 988 3876 saeculo
1006 3813 1204 3875 decimosexto
1231 3809 1293 3872 No·

70 3879 262 3970 luerunt,uitin
279 3896 456 3976 martyribus
470 3897 649 3960 christianis.
692 3905 820 3973 ratores,
840 3897 890 3978 qui
920 3896 976 3959 sub
994 3897 1129 3978 specioso
1147 3895 1293 3956 reforma-

69 3959 173 4036 hemum
193 3979 222 4039 in
239 3980 358 4042 illorum
372 3980 471 4042 lavore
489 4000 544 4042 nee
559 4001 650 4043 uuum
694 3981 783 4042 tionis
802 3981 924 4042 nomine
946 3999 1063 4043 ornnem
1081 3979 1207 4059 lapidem
1226 3995 1293 4039 mo-

72 4065 97 4109 lt
113 4059 255 4124 miraculis
280 4065 424 4141 assignari
444 4074 552 4145 potest,
576 4085 652 4146 quae
693 4075 796 4126 rerunt
809 4066 845 4127 ad
857 4065 1015 4142 genuinam
1032 4064 1196 4125 doctrinam
1209 4059 1294 4122 Chri·

71 4131 654 4229 frequenteriugratiamunartyruuuchri'·
693 4149 731 4223 sti
753 4148 1013 4230 eorruuupeudami
1037 4146 1153 4208 Ultimis
1172 4144 1293 4208 deutrum

70 4224 213 4315 sturnorum
243 4232 454 4309 contigerunt,
475 4232 516 4294 uti
543 4252 577 4293 cx
599 4251 652 4310 ge·
722 4279 754 4338 ⁰)
771 4280 894 4327 refrenet
920 4278 964 4323 tn
983 4276 1081 4323 „¹457

71 4309 156 4370 nuruis
181 4316 344 4379 eorundem
364 4317 438 4380 actis
451 4317 575 4397 putescit
591 4317 650 4400 (l).
724 4342 757 4401 pap
771 4340 850 4387 Msslth.
866 4311 904 4397 ιιι,Ι
918 4311 971 4384 tit'
990 4355 994 4364 ·
1082 4308 1090 4322 ⁶

722 417 739 462 c
758 399 886 474 Religionis
895 412 1037 460 christianae
1049 415 1108 460 intra
1117 417 1271 464 conservatio.
