2918 4734
438 233 511 282 runs
531 235 554 280 1.
577 233 678 280 sacrm
699 233 731 278 n.
755 231 849 278 curor
870 229 912 278 m.
1207 211 1244 276 dl

62 313 167 380 creandi
185 314 332 398 potestate
346 315 449 398 pollet,
465 321 494 376 et
508 323 577 376 tunc
592 312 649 375 mi·
687 321 747 376 tem
766 309 905 389 'theologi
930 308 1063 391 plerique
1085 308 1221 390 sequenti
1238 307 1287 372 di·

62 402 141 464 raculi
154 401 231 463 ratio
246 401 305 463 iam
322 401 458 462 habetur.
473 399 506 479 b)
517 397 589 460 Cum
602 416 649 460 ra·
687 397 828 458 lemmate
837 395 966 456 solvunt:
979 391 1106 475 Spiritus
1117 393 1286 456 hominibus

61 483 152 546 dorix
175 482 236 546 sibi
258 485 437 567 persuadere
454 481 568 564 possit,
588 499 648 544 uno
687 480 856 562 superiores
874 479 919 541 vel
945 477 1016 540 honi
1035 485 1122 551 sunt,
1139 477 1184 540 vel
1203 478 1285 554 mali,

60 569 95 630 rel
110 569 199 630 altero
215 587 287 630 casu
307 586 374 630 cum
397 567 503 630 ellectu
523 565 600 626 miro
619 572 649 628 et
687 573 775 644 prout
785 563 830 625 vel
844 562 905 626 Deo
921 561 1044 638 subditi,
1058 569 1086 622 et
1101 579 1169 622 oum
1183 562 1287 624 volun·

56 651 280 714 extraordinario
305 651 394 714 rerba
419 649 550 711 hominis
573 659 647 710 con·
686 656 747 713 tate
759 647 823 711 eius
836 645 1010 721 concordes,
1020 646 1064 707 uel
1081 643 1173 725 ipsius
1186 645 1287 708 adrer-

56 744 184 797 scotoma
198 735 324 798 iortnito
338 733 491 812 coniungi3
505 733 588 795 omni
603 732 648 794 iu·
663 703 669 858 1
687 732 757 793 sarii
776 739 858 792 sunt.
873 767 913 778 -
933 728 964 792 Si
980 731 1049 794 doni
1064 737 1145 804 sunt,
1163 747 1219 790 neo
1233 749 1285 810 pro

56 837 82 880 re
97 829 127 879 ut
140 827 255 882 certum
275 827 405 881 statuere
422 823 530 900 potest,
551 815 580 877 id
600 834 648 876 or·
686 833 740 878 suo
759 833 831 894 erga
848 813 1000 876 ueritatem
1020 822 1050 874 et
1068 812 1203 874 homines
1220 823 1288 875 stu-

56 902 157 964 dinarie
176 903 245 964 fieri
265 921 324 964 non
343 920 428 983 posse
447 900 500 976 ila,
519 908 552 960 ut
568 917 646 979 quo·
685 898 749 974 dio,
768 917 823 962 nec
841 917 876 962 er
893 897 1103 961 commissione
1122 895 1174 958 Dei
1191 896 1285 980 impo-

57 987 221 1068 tiesouoque
240 987 400 1067 aquodam
416 982 505 1046 verba
521 983 646 1060 analoga
686 990 796 1045 storem
807 982 1107 1057 adiurant,etsalsam
1119 979 1284 1044 doctrinam

57 1071 245 1149 proferantur,
266 1071 352 1144 toties
370 1069 491 1131 edoctus
508 1065 645 1128 insolitus
686 1067 771 1129 miris
785 1067 871 1128 lactis
884 1068 1071 1127 confirmant.
1089 1063 1118 1126 Si
1131 1083 1200 1127 uero
1214 1067 1284 1128 molt

56 1155 173 1215 etmirus
185 1162 342 1235 sequatur.
355 1152 455 1234 Neque
467 1150 571 1232 reponi
584 1157 647 1230 pot·
685 1150 762 1224 sint,
784 1150 923 1231 praeconi
945 1149 1095 1225 ueritatis,
1115 1157 1145 1210 et
1168 1149 1285 1212 divinae
1351 1205 1353 1212 ,

56 1247 108 1312 est,
131 1257 275 1316 magnum
303 1247 425 1300 naturae
451 1242 644 1298 scrutatorem
685 1233 1284 1311 doctrinaesuashaudlargiunturvircs,

55 1321 162 1384 allectus
181 1324 260 1383 istos
279 1321 447 1402 praevidere
465 1337 570 1400 possc3
587 1317 645 1398 ipsi
684 1335 722 1379 ne
734 1317 791 1380 sibi
803 1319 876 1399 ipsis
887 1326 1024 1394 noceant3
1036 1317 1228 1398 impostorem
1241 1337 1284 1380 ve·

54 1406 120 1465 enim
137 1405 304 1468 adversarii
324 1406 464 1479 fatentur,
484 1411 596 1464 tantam
612 1420 645 1464 o·
684 1418 731 1478 ro,
751 1421 803 1464 seu
820 1402 979 1463 ementitae
993 1401 1182 1463 revelationis
1196 1420 1284 1483 prae-

55 1488 154 1549 mnium
167 1490 271 1567 legum
283 1488 451 1568 viriumque
463 1485 644 1550 naturalium
684 1503 790 1547 eonem
806 1485 874 1547 -ad
901 1484 1101 1546 ineuitabilem
1128 1485 1283 1547 hominum

54 1573 243 1648 cognitionem
273 1571 360 1634 nobis
388 1570 559 1652 possibilem
584 1588 643 1630 non
684 1569 885 1631 seductionem
908 1569 1047 1630 adiurare
1066 1587 1083 1630 a
1100 1567 1161 1631 lieo
1180 1570 1284 1649 prolui·-

54 1672 118 1731 esse,
131 1657 211 1737 quod
225 1656 355 1737 probant
369 1655 473 1716 inanes
487 1652 643 1715 hominum
684 1651 792 1714 bantur
802 1650 1003 1732 (dl—Quod
1017 1660 1115 1714 autem
1130 1652 1209 1716 Deus
1223 1671 1283 1716 ma·

53 1748 188 1818 conatus,
214 1739 311 1801 uarias
341 1745 532 1819 tempestates
563 1745 644 1799 certo
683 1735 772 1815 lignis
794 1736 948 1816 spiritibus
972 1744 1082 1798 tantam
1109 1745 1282 1817 potestatem

53 1823 246 1900 praedicendi.
258 1821 337 1884 'l'alis
347 1822 492 1905 praevisio
505 1829 574 1884 tunc
589 1821 644 1883 mi·
684 1837 743 1881 non
759 1820 923 1901 permittat,
940 1829 973 1881 ut
991 1839 1043 1901 pro
1058 1819 1144 1882 libitu
1160 1833 1283 1884 naturae

53 1905 121 1968 nime
138 1906 260 1969 admitti
278 1914 387 1988 potest,
407 1905 432 1968 si
452 1913 578 1981 constet,
596 1905 644 1966 le·
685 1904 763 1982 leges
775 1904 933 1981 invertere,
945 1905 1122 1985 impostores
1131 1904 1281 1983 adiurare,

52 1999 179 2068 quentem
201 1992 249 2053 uel
268 2009 327 2052 non
347 2008 455 2069 magna
469 2006 567 2052 rerum
587 2007 644 2050 na·
686 1996 715 2048 et
733 1987 870 2050 homines
884 1989 969 2070 quasi
984 1988 1014 2050 in
1031 2005 1160 2050 errorem
1176 2007 1282 2051 neces-

53 2074 179 2135 tnralium
199 2074 372 2154 cognitione
390 2074 513 2155 pollere,
530 2072 574 2133 vel
592 2090 644 2135 re·
684 2071 793 2133 sarium
813 2073 974 2153 perducere
988 2079 1110 2153 queant,
1127 2072 1205 2133 vario
1220 2091 1282 2134 mo·

52 2172 106 2216 rum
124 2158 367 2220 circumstantias
385 2157 467 2220 nullo
488 2157 576 2218 modo
595 2155 645 2217 in·
684 2154 720 2216 do
738 2157 860 2218 alariis
874 2156 1032 2235 Theologis
1050 2164 1079 2218 et
1096 2155 1282 2239 Philosophis

52 2240 158 2318 quirere
177 2241 332 2323 potuisse:
354 2241 391 2304 de
415 2241 466 2302 tali
485 2240 597 2317 dicero,
615 2239 641 2301 i·
685 2239 845 2320 probatur:

53 2339 123 2400 psum
138 2325 278 2388 insolitos
294 2343 413 2406 prorsus
426 2324 548 2386 edoctus
560 2325 645 2405 prae·
726 2325 755 2384 l.
777 2342 816 2388 eu
833 2325 980 2401 absurdis,
995 2343 1071 2406 qnae
1086 2343 1120 2386 ex
1133 2327 1281 2398 contraria

52 2405 158 2484 uidisse,
174 2409 256 2471 idem
273 2418 318 2470 est
332 2427 367 2470 ac
382 2409 525 2470 miracula
543 2408 643 2470 omni·
683 2405 819 2470 doctrina
847 2418 1052 2489 sequerentur.
1074 2445 1118 2472 ,-
1142 2407 1173 2471 si
1201 2411 1280 2472 enim

53 2493 189 2566 potentiae
208 2493 241 2554 in
256 2491 400 2554 miracula
417 2490 644 2554 omniscientiae
683 2499 765 2554 tauta
779 2501 909 2572 potestas
923 2492 1118 2555 daemonibus
1135 2494 1279 2556 concede·

53 2585 210 2649 permutare
230 2577 289 2657 (l).
650 2592 654 2598 ·
683 2584 777 2651 retur,
790 2584 822 2637 ut
837 2595 889 2658 pro
904 2576 991 2638 libitu
1009 2584 1133 2638 naturae
1147 2577 1279 2640 ordinem

88 2656 149 2720 Oli.
166 2660 198 2722 3.
215 2657 247 2721 Si
265 2660 296 2721 in
315 2660 420 2722 ellectu
437 2659 536 2740 aliquo
552 2667 642 2721 natu·
682 2657 841 2737 invertere,
852 2668 882 2722 et
893 2659 1065 2722 hominibus
1077 2661 1201 2722 illudere
1214 2679 1280 2741 pns-

51 2754 93 2800 rae
109 2741 185 2804 vires
207 2751 399 2824 superantur,
418 2744 523 2806 exinde
541 2751 641 2810 tamen
682 2751 769 2820 sent,
791 2751 862 2806 tunc
880 2744 979 2806 omnia
1000 2746 1076 2806 iacta
1094 2744 1212 2825 physica
1230 2743 1279 2804 in-

52 2819 211 2888 immediata
222 2827 381 2889 causalitas
390 2826 555 2888 diuinanon
564 2845 642 2888 scm·
681 2836 778 2904 certa,
797 2836 827 2889 et
844 2828 912 2890 ideo
928 2829 1017 2890 ctiam
1038 2828 1165 2909 plurima
1184 2826 1279 2896 officia

53 2921 95 2982 per
107 2910 227 2987 probari
243 2918 350 2991 potest.
368 2908 437 2972 Sola
451 2911 529 2971 enim
545 2911 640 2973 ratio·
682 2908 812 2974 hominis
826 2931 896 2990 erga
915 2912 1052 2973 homines
1068 2909 1159 2972 dubia
1176 2909 1279 2972 redde-

52 3004 82 3048 ne
97 2993 168 3054 duce
186 2994 406 3071 cognoscimus,
427 2992 594 3074 possibiles,
612 2993 640 3054 i·
681 3003 795 3072 rentur,
805 2997 875 3077 quia
887 2996 999 3076 ubique
1009 2994 1162 3056 illusiones
1175 2991 1281 3055 timcn-

52 3087 91 3132 no
107 3076 277 3155 probabiles
296 3095 361 3140 esse
382 3077 563 3140 substantias
581 3077 639 3139 ho·
681 3077 736 3140 dae
752 3079 860 3144 iurent.
874 3079 997 3142 -Cum
1011 3086 1107 3139 autern
1121 3077 1279 3139 deuturus·

52 3154 120 3219 nine
145 3161 389 3238 excellentiores,
405 3161 426 3222 i.
451 3179 480 3223 e.
505 3161 637 3241 spiritus,
681 3163 748 3224 sicia
767 3172 860 3239 certa,
876 3171 905 3223 et
920 3162 999 3224 [lens
1018 3162 1081 3242 ipse
1098 3159 1183 3238 nobis
1199 3161 1279 3242 prin·

51 3239 92 3315 qui
110 3244 216 3306 maiori
234 3246 341 3307 uirtute
359 3245 501 3325 polleant,
518 3255 547 3306 et
564 3245 640 3307 clie-
680 3245 758 3327 cipia
776 3247 954 3307 universalia
971 3253 1000 3307 et
1018 3245 1134 3321 regulas
1151 3263 1278 3324 genera-

49 3329 102 3384 ctus
120 3326 297 3406 producant,
314 3347 389 3408 quos
407 3338 513 3390 natura
529 3329 639 3409 produ·
680 3330 723 3390 les
736 3330 838 3403 dictet,
852 3349 927 3410 quas
944 3330 974 3391 iu
990 3328 1077 3391 certis
1091 3328 1210 3390 casibus
1223 3347 1279 3411 ap-

48 3419 103 3467 cere
119 3427 180 3472 uon
200 3413 288 3474 valet.
313 3410 440 3492 Spiritus
464 3422 562 3474 autem
587 3413 637 3475 isti
680 3414 789 3494 plicare
804 3413 899 3491 iubct3
917 3413 1047 3494 proiecto
1061 3412 1194 3476 ordinem
1207 3411 1278 3476 Uni-

48 3485 111 3552 liniti
127 3501 156 3555 et
169 3495 257 3557 liberi
273 3496 332 3557 salli
348 3505 377 3557 et
389 3495 503 3572 fallere,
517 3515 553 3558 ac
566 3515 637 3577 pro·
681 3497 758 3560 versi
776 3497 890 3559 nonita
906 3495 1070 3573 constituit,
1083 3505 1116 3560 ut
1133 3497 1163 3558 in
1178 3499 1279 3580 appli-

48 3578 135 3646 pterea
152 3596 206 3659 per
225 3581 303 3641 lacta
322 3597 376 3640 sua
398 3580 475 3642 mira
501 3580 637 3642 homines
679 3581 795 3644 catione
818 3581 1033 3662 principiorum
1056 3590 1086 3643 et
1108 3583 1277 3660 regularum

48 3669 71 3714 tn
87 3675 215 3724 errorem
242 3663 384 3725 inducere
404 3672 539 3745 possunt.
561 3661 637 3735 Quia
678 3665 861 3744 generalium
888 3684 1007 3746 semper
1024 3665 1108 3727 dubii
1130 3674 1161 3728 et
1183 3666 1279 3728 errori

49 3753 106 3816 ergo
133 3744 305 3810 discernere
331 3749 511 3827 nequimus,
536 3756 636 3808 utrum
679 3748 799 3811 obnoxii
815 3748 992 3811 haereamus
1007 3750 1067 3828 (3).

49 3822 156 3916 tilectus
173 3831 409 3910 supernaturalis
428 3849 445 3892 a
462 3829 535 3906 lieo,
554 3831 599 3893 vel
620 3850 637 3892 a
720 3832 750 3893 i.
767 3849 805 3895 en
818 3833 1201 3896 occessitotciieuelotiouis.
1216 3829 1278 3892 Re-

49 3909 141 3981 sprritu
175 3913 270 3975 errori
296 3914 449 3991 obnoxio,
475 3914 637 3994 productus
677 3916 783 3978 relatio
799 3915 877 3977 enim
897 3917 1066 3978 necessaria
1079 3925 1134 3992 est,
1152 3933 1209 3976 non
1224 3933 1276 3975 so·
1306 3921 1311 3931 '

49 3987 182 4062 sit,ideo
208 3997 521 4078 miraculanunquam
540 3997 636 4059 Reue·
678 3999 738 4060 lum
752 4000 961 4076 lorrnalis,sed
974 4010 1003 4062 et
1016 3997 1188 4062 materialis:
1203 3995 1276 4058 haec
1375 4069 1379 4080 .

49 4065 175 4138 lationem
189 4080 320 4143 diuinam
334 4089 415 4144 certo
429 4081 516 4143 nobis
530 4081 637 4162 proba,-
677 4092 775 4144 autem
787 4101 845 4146 non
855 4093 952 4165 potest
962 4101 1091 4145 convene
1101 4081 1199 4142 diuina
1212 4098 1279 4162 pro·

48 4167 76 4214 π
92 4171 222 4236 piissimi·
321 4169 328 4174 “
677 4166 754 4234 bari.
774 4166 833 4228 nisi
848 4184 903 4248 per
919 4169 995 4228 lacta
1014 4167 1123 4239 diuina,
1139 4163 1160 4224 i.
1178 4183 1206 4225 e.
1224 4183 1278 4246 per

81 4240 163 4323 llesp.
184 4245 248 4308 Non
266 4247 359 4311 levem
380 4247 462 4324 hanc
475 4247 645 4339 difficulter:
704 4297 739 4353 (2,
752 4296 786 4342 Cf·
802 4297 926 4353 „mm
942 4298 958 4340 ,¹
970 4295 996 4340 ῃ,
1011 4293 1031 4352 ἕ,
1044 4293 1097 4338 45οι
1112 4305 1165 4350 pag·
1180 4294 1232 4341 59,

72 4341 101 4412 dl
112 4348 183 4402 erut
197 4354 215 4400 t.
229 4352 251 4404 tt
272 4352 285 4395 t
307 4355 431 4405 arnano.v
615 4390 620 4397 .
704 4358 738 4424 qs)
751 4353 993 4420 peccaoperemcu.
1003 4351 1044 4399 un.
1061 4353 1087 4405 ot
1098 4355 1147 4398 am.
1161 4355 1177 4398 r.
1187 4355 1210 4414 s,
1219 4366 1240 4399 ο.
1253 4357 1277 4402 r.
