2928 4734
367 265 370 273 Ι
418 199 722 248 aspernaremur.
746 197 893 246 ceraru.
1169 181 1230 244 189

53 286 130 358 sant,
144 288 171 342 et
186 279 214 343 si
234 279 373 362 specialis
389 277 441 342 bei
459 279 490 342 in
510 297 632 342 consor·
672 277 773 340 recula
791 276 885 354 enim,
900 283 977 358 qua'o
993 293 1046 358 pro
1059 273 1201 342 Hebraeis
1215 293 1271 358 pa·

53 365 133 428 randa
142 363 293 443 lleligiouo
306 363 434 448 mosaica
445 361 634 426 Prouidentia
673 371 749 424 trata
772 368 863 436 sunt,
881 360 947 424 eius
970 369 1056 424 eraut
1080 366 1221 436 naturae,
1239 368 1269 424 ut

50 448 212 526 attendatur,
229 465 318 511 nemo
332 465 422 510 sanae
442 447 561 523 mentis,
575 447 632 512 nisi
673 465 732 508 non
748 446 808 508 iarn
821 446 949 521 occulte,
959 443 1011 507 sed
1024 443 1142 526 publice
1153 445 1270 522 tierent,
1363 523 1366 531 Ι

49 530 222 612 praeiudiciis
244 531 433 609 obcaecatur,
451 532 495 593 rel
516 530 632 612 passio·
656 530 715 592 'ita
731 540 765 594 ut
782 547 884 593 eoram
904 527 1009 591 notitia
1028 527 1065 590 ad
1088 546 1193 590 omnes
1209 528 1270 592 lere

47 615 120 676 nibus
134 615 221 678 malis
236 615 268 677 in
285 614 370 677 deria
384 614 560 697 abripiatur,
573 614 632 677 du·
671 623 774 693 gerelm
789 613 968 695 pervenerit.
984 611 1101 684 Quanta
1115 612 1194 674 euim
1210 612 1269 674 mi·

47 696 125 760 bitaro
143 707 254 780 potest,
273 697 454 777 Religionem
478 717 533 780 per
550 697 633 779 liog-
671 699 772 760 raeula
791 717 850 760 non
871 697 1005 760 viderant
1019 694 1175 776 Aegyptii,
1191 694 1270 758 Cha·

46 799 87 842 seo
104 783 211 863 populo
231 781 392 846 israelitico
411 782 548 846 traditam
563 801 632 845 rere
672 782 803 857 nanitae,
821 781 995 844 Philistbasi
1010 788 1040 842 et
1053 778 1185 860 reliquae
1198 779 1269 842 vici·

46 864 121 928 luisse
135 865 281 930 divinitus
294 865 632 930 revelatam-Crescit
671 883 727 928 nae
744 866 903 928 nationes?
916 899 958 912 -
975 882 1073 928 nonne
1092 862 1267 943 posteriori·

45 963 105 1010 sane
115 959 334 1028 argumentum,
345 951 370 1012 si
381 949 548 1028 Religiones
560 951 634 1013 alio·
671 949 727 1012 bus
747 950 932 1031 temporibus
955 948 1082 1029 Assyrii,
1101 946 1266 1028 Babylonii,
1381 1000 1383 1008 ,

45 1048 101 1092 rom
118 1035 293 1114 populorum
312 1034 543 1098 antechristum
559 1053 631 1097 exa·
670 1032 794 1112 Persae,
814 1032 918 1096 Graeci
937 1042 966 1096 et
987 1031 1112 1094 llomani
1130 1031 1269 1114 specialis

46 1114 189 1194 minentur,
208 1135 288 1200 quae
307 1119 385 1183 sicut
401 1118 499 1199 quoad
518 1118 646 1182 doctri-.
670 1117 723 1180 Dei
742 1137 793 1198 pro
807 1117 949 1181 Hebraeis
964 1115 1164 1198 providentiae
1178 1123 1268 1181 testes

46 1215 100 1260 nam
111 1208 167 1262 tum
179 1201 460 1280 theoreticam,tum
471 1203 630 1283 practicam
670 1201 884 1274 scarabaeum
899 1203 937 1265 de
952 1199 1102 1264 miraculis
1117 1199 1212 1277 iactis,
1222 1202 1267 1263 rel

45 1283 176 1347 erroribus
191 1283 379 1366 pravissimis
393 1286 518 1348 reiectae
533 1296 630 1363 erant,
669 1283 706 1346 de
723 1285 869 1348 vaticiniis
888 1283 1056 1367 adimpletis
1070 1284 1142 1347 satis
1156 1294 1267 1346 certam

47 1363 78 1426 eie
93 1368 165 1430 reris
183 1369 340 1432 miraculis
357 1377 388 1432 et
410 1368 556 1432 vaticiniis
575 1389 630 1451 pe·
670 1369 806 1432 notitiam
826 1369 1018 1432 babuerunt?
1033 1403 1075 1416 -
1093 1386 1193 1430 nonne
1211 1387 1265 1449 po·

46 1447 107 1511 nitus
122 1459 297 1515 caruerunt.
669 1453 796 1516 tuissent
820 1455 871 1516 tali
895 1453 983 1516 modo
1008 1453 1046 1516 ad
1068 1452 1266 1532 cognitionem

59 1534 155 1626 ,Nora
168 1534 336 1618 Specialem
348 1534 401 1599 Dei
414 1537 628 1619 providentiam
670 1537 758 1599 unius
781 1537 835 1606 Dei
856 1547 885 1600 et
902 1538 1050 1602 revelatae
1069 1536 1106 1600 ab
1124 1537 1190 1618 ipso
1207 1535 1265 1600 Re-

46 1631 106 1678 circa
122 1617 329 1682 Hebraeorum
347 1638 450 1699 genus,
470 1622 518 1684 eui
533 1621 630 1684 llere-
670 1619 786 1696 ligionis
804 1619 1089 1703 perducit-Sane
1104 1619 1268 1698 argolicus

46 1696 99 1792 latio
119 1703 223 1766 divina
245 1705 323 1766 lacta
345 1704 465 1780 dicitur,
484 1705 630 1768 increduli
669 1702 864 1784 impertiendo
875 1705 1017 1769 Hebraeis
1029 1703 1228 1776 Revelationis
1238 1715 1270 1769 ot

46 1795 203 1876 impugnant
228 1805 263 1850 ex
289 1805 337 1865 eo,
358 1788 427 1869 quia
453 1789 527 1870 ipsis
552 1789 630 1852 Deus
668 1789 805 1868 specialis
817 1789 1018 1874 providentiae
1030 1788 1208 1852 heneficium
1224 1799 1268 1852 et·

45 1866 142 1931 ridetur
158 1870 190 1932 in
210 1868 263 1933 illa
280 1871 378 1934 studio
396 1874 524 1956 partium
542 1873 629 1936 labo·
669 1871 726 1934 iam
745 1891 814 1950 erga
833 1882 965 1938 caeteras
978 1882 1082 1952 gentes
1097 1882 1219 1954 paterno
1234 1893 1267 1937 so

45 1965 121 2028 rasse,
139 1955 190 2034 qai
210 1963 310 2017 tamen
333 1966 470 2037 acceptor
484 1975 629 2038 persona-
668 1955 803 2020 exhibuit
821 1959 920 2042 modo,
937 1977 1013 2040 quae
1031 1959 1113 2040 ipsae
1132 1957 1161 2019 in
1179 1957 1268 2038 culpa

45 2049 95 2094 rum
112 2055 169 2099 non
184 2048 244 2101 est.
258 2036 426 2116 Quomodo,
437 2041 532 2116 aiunt,
546 2059 563 2102 a
577 2059 628 2104 rc·
668 2040 805 2119 luerunt,
825 2042 850 2104 si
864 2043 995 2104 veritatis
1014 2042 1114 2106 lumen
1134 2059 1194 2104 non
1212 2059 1265 2104 su·

46 2124 84 2213 cta
99 2121 214 2184 ratione
239 2122 357 2185 admitti
381 2133 497 2205 potest,
520 2125 626 2200 licum,
667 2135 837 2203 sceperunt.
852 2127 884 2188 le
894 2126 996 2208 Neque
1010 2125 1088 2188 licus
1102 2125 1132 2186 in
1146 2125 1266 2188 electio·

46 2216 85 2278 qur
97 2205 229 2266 omnium
245 2206 400 2268 homiuum
416 2207 562 2286 benignus
578 2227 629 2290 pa·
668 2225 706 2269 ne
717 2207 918 2273 Hebraeorum
931 2211 1011 2272 iuxta
1025 2210 1186 2272 humanum
1197 2228 1265 2272 eon·

46 2289 81 2344 ter
95 2296 146 2363 est,
166 2290 221 2370 qui
243 2307 347 2353 omnes
364 2291 486 2368 crearit,
505 2311 627 2354 conser—
668 2301 785 2372 ceptum
806 2313 894 2358 caeco
919 2296 1006 2358 modo
1032 2294 1193 2376 processit,
1214 2294 1266 2375 qai

47 2373 628 2454 ratetaequaliteramat,solisHobraois
667 2375 1266 2460 intantalrumanigenerisdepravatione

46 2453 237 2548 avolationem
265 2458 404 2521 omnibus
428 2461 627 2522 necessariam
668 2461 754 2521 talem
771 2461 914 2524 familiam
930 2465 1028 2541 etegit,
1041 2483 1119 2544 quae
1132 2463 1266 2525 traditio·
1357 2517 1360 2530 .

47 2531 155 2632 dedisse,
166 2548 198 2604 et
213 2542 351 2622 specialis
362 2543 563 2624 providentiae
577 2544 629 2606 be·
668 2562 735 2604 nem
752 2545 810 2607 iam
827 2547 932 2629 primis
942 2547 1121 2610 Patriarcbis
1132 2565 1266 2608 commu·

46 2619 133 2712 aedera
148 2624 440 2704 impertisset-ild
456 2627 629 2690 haucobis·
667 2628 794 2690 nicatam
821 2632 927 2694 melius
952 2632 1154 2706 conservarit,
1179 2630 1266 2692 idolio

48 2707 173 2784 atonem,
193 2709 314 2789 saepius
335 2709 373 2771 ab
392 2709 552 2774 incredulis
575 2730 627 2774 re·
668 2730 727 2772 non
746 2714 857 2792 serviit,
873 2717 925 2778 sed
940 2715 1033 2779 cultui
1052 2715 1141 2776 unius
1160 2713 1212 2775 llci
1227 2713 1264 2773 li·-

47 2794 159 2883 coctem,
177 2791 350 2856 solvendam
370 2795 468 2857 variae
490 2795 627 2858 animad·
667 2793 742 2858 detis
755 2800 931 2878 permansit,
944 2809 974 2862 et
988 2800 1019 2862 in¹
1031 2817 1091 2880 qua
1102 2796 1262 2871 Abraham,

47 2883 176 2965 tempores
205 2874 319 2939 iuvant.
350 2877 382 2938 l·
407 2878 625 2944 Attendendum
666 2877 767 2956 lsaac,
786 2881 891 2958 lacob,
911 2884 1035 2964 loseph,
1053 2890 1084 2944 et
1103 2881 1188 2943 molti
1214 2879 1266 2941 alii

48 2965 164 3018 mmmm
181 2967 240 3035 est,
260 2959 378 3023 decreta
392 2960 444 3024 Dei
464 2964 626 3043 investiga·
667 2963 785 3043 pietatis
800 2967 829 3028 in
845 2963 951 3040 Deum,
965 2967 1095 3030 caritatis
1109 2983 1177 3042 erga
1193 2982 1263 3045 pro·

48 3029 104 3098 bilia
119 3057 197 3118 esse,
217 3044 301 3108 etde
321 3044 380 3108 iliis
398 3046 542 3109 rationem
561 3050 627 3110 exi·
667 3048 795 3127 nimum,
815 3053 976 3128 castitatis,
996 3052 1181 3129 aliarumque
1203 3051 1263 3109 vir·

48 3133 112 3211 gere,
123 3142 188 3188 cum
204 3125 437 3209 independentia
451 3132 522 3204 sint,
537 3133 626 3194 ratio·
668 3140 762 3212 tutam
792 3136 943 3216 praeclara
970 3133 1133 3216 specimina
1160 3133 1265 3196 edide-

48 3217 78 3295 m·
88 3221 257 3287 repugnare.
278 3212 357 3274 Deus
374 3214 453 3275 enim
477 3215 551 3277 nulli
567 3216 626 3278 lro-
666 3225 746 3279 runt.

49 3299 140 3380 nepum
158 3291 359 3359 deselationis
377 3296 552 3361 beneficium
570 3301 626 3362 de·

49 3362 114 3462 burt,
131 3394 236 3458 quare,
255 3378 280 3440 si
299 3379 330 3440 in
353 3383 512 3444 rrnnnullos
530 3384 627 3447 bonus
863 3401 989 3450 carun
1006 3400 1062 3448 ιιι.

49 3447 188 3552 lurt,·erga
209 3461 282 3524 alius
300 3472 399 3527 tamen
419 3465 546 3529 iniustos
567 3468 625 3531 dici

50 3549 141 3615 neuun.
151 3543 472 3611 2⁰PerReveiatiottetn
485 3549 627 3616 Hebraeis
826 3590 952 3628 mamerto
967 3589 1105 3626 eaaenmmn

753 3521 805 3559 ud!
820 3521 931 3559 ΙΟΙΑΙΕΑΙ
950 3521 1078 3558 moenum
1093 3523 1178 3562 mill?

50 3632 198 3689 concessam
215 3629 289 3691 nibil
308 3633 473 3695 amiserunt
493 3637 626 3717 reliquae

51 3715 141 3796 gentes,
150 3711 260 3792 quibus
271 3713 371 3776 lumen
385 3717 508 3780 rationis
517 3727 546 3782 et
556 3739 627 3782 con·

32 3792 169 3882 ¹¹sttreutine
188 3797 320 3859 relictum
337 3799 404 3874 init,
420 3820 479 3882 quo
493 3801 626 3884 Religio·
706 3800 819 3883 Religio
839 3804 986 3884 mosaica,
1006 3816 1073 3872 utut
1090 3809 1189 3873 divina
1207 3829 1263 3872 au·

52 3882 101 3962 tto-m
119 3881 279 3943 naturalem
305 3901 502 3962 cognoscere,
523 3896 553 3949 et
574 3907 628 3970 per
665 3890 800 3950 ctoritate
818 3888 955 3970 insignis,
975 3900 1073 3956 tamen
1093 3894 1264 3974 imperfecta

51 3949 112 4051 tillus
128 3961 342 4060 observantiam
365 3968 478 4031 lumine
500 3969 625 4033 Revela·
666 3973 740 4047 luit,
759 3981 790 4034 ct
814 3974 1020 4054 perfectiorem
1044 3977 1263 4038 Revelatiouem

51 4037 121 4102 torris
137 4063 168 4106 se
189 4047 338 4125 digniores
362 4052 485 4115 reddere
510 4056 626 4136 potuis·
666 4055 812 4137 promisit.
833 4056 901 4119 Fuit
919 4058 968 4121 illa
987 4061 1159 4141 imperiecta

52 4129 110 4210 tent.
123 4128 151 4187 3·
162 4127 282 4192 llultum
298 4153 418 4216 qnoque
430 4139 569 4217 specialis
581 4139 627 4201 di·
708 4139 738 4200 l.
758 4151 945 4220 orgrtmcato:
959 4142 1042 4205 Licet
1055 4143 1134 4204 enirn
1149 4138 1262 4222 omnia,

52 4213 180 4301 palaemo
198 4213 348 4310 llebraeos
369 4221 554 4300 prouidentia
576 4241 625 4284 re·
665 4241 742 4303 quae
766 4223 796 4284 in
821 4223 926 4304 lloysis
951 4226 1084 4306 spirabolo
1108 4236 1139 4286 et
1160 4227 1264 4291 cortica

53 4277 122 4368 baare
134 4299 269 4373 gentibus
284 4302 423 4382 prodesse
434 4314 560 4386 poterat.
574 4305 627 4368 tlt:
664 4305 914 4382 coratiuebantur,
940 4325 1000 4368 non
1028 4307 1124 4369 solum
1152 4311 1264 4374 erroro

899 3678 930 3751 p
955 3683 1033 3732 nos.
