2918 4734
440 229 514 276 rans
531 229 565 275 rr.
584 225 686 274 ssarro
704 227 726 273 t.
746 225 841 273 carun
857 229 889 273 tt.
1194 207 1250 270 tlt

65 307 255 389 uquarum...
274 307 464 370 collationem
491 307 529 369 ad
546 325 651 369 rerum
734 305 823 370 Nutu.
844 302 926 376 Quae
949 301 986 366 ab
1005 301 1180 368 adversariis
1205 323 1294 382 argu·
1381 371 1387 386 ‚

64 391 214 473 scripturae
239 411 361 454 sensum
380 393 409 452 in
429 391 528 453 dubiis
546 399 576 452 et
593 391 651 452 ab·
694 388 802 451 mentis
823 389 904 450 hisce
922 399 1129 471 apponuntur,
1148 400 1219 452 sunt
1244 408 1290 451 se·

63 477 142 537 scuris
160 476 356 552 eliciendum,
373 476 590 537 multumlucis
604 475 650 535 al·
693 473 829 554 quentia:

61 559 143 634 terre,
162 579 254 622 nemo
280 560 450 638 negaverit,
474 561 524 640 qui
550 558 649 620 auimo
734 557 798 621 ott.
826 559 854 620 l.
875 557 1067 638 Autograpbe
1088 557 1233 620 librorum
1253 557 1290 620 N.

61 643 222 724 perpendit,
242 643 366 705 verbum
383 643 436 706 Dei
454 643 484 704 in
503 661 571 704 uero
586 659 651 704 rer·
691 640 725 702 T.
745 641 918 721 perierunt:
934 659 1003 720 ergo
1022 641 1109 703 iacile
1128 649 1293 724 potueruut

59 726 154 788 borum
174 747 267 790 sensu
283 728 403 808 proprie
420 727 647 789 consistere...
692 725 867 787 adulterari.

58 807 178 874 sienim
201 812 419 873 commentaria
440 812 576 873 virorum*
593 809 650 872 do·
730 810 816 888 Nesp.
832 809 936 872 Nullus
954 817 999 872 est
1017 827 1052 871 ex
1074 808 1225 871 veteribus
1241 807 1292 868 bi·

58 902 161 957 clarum
182 896 313 956 multum
331 896 486 957 conserant
510 896 547 957 ad
568 891 650 956 Scri·
690 892 818 969 stanteis,
839 894 923 955 auius
940 893 1156 974 autographum
1177 891 1290 954 lrabea-

60 987 152 1058 pturae
173 979 426 1056 intelligentiam,
446 998 522 1060 quae
540 978 649 1040 idcirco
692 995 779 1052 rnus3
798 973 882 1038 multi
901 985 972 1038 sunt
990 995 1115 1058 quorum
1138 977 1291 1040 versiones
1386 1051 1389 1059 .

60 1063 87 1122 in
98 1064 163 1125 locis
174 1063 279 1124 dubiis
291 1071 320 1124 et
334 1062 468 1136 obscuris
482 1081 586 1124 orrtnes
598 1081 649 1123 so·
692 1069 806 1122 lautum
823 1071 995 1141 supersunt;
1017 1061 1083 1142 quis
1095 1061 1201 1123 exinde
1216 1079 1289 1122 con-

59 1146 115 1208 leut
129 1147 287 1210 consulere
299 1167 314 1224 ;¹
329 1157 440 1227 quanta
464 1147 557 1226 magis
574 1164 649 1207 con·
691 1145 810 1221 cludet,
832 1156 945 1208 veteres
965 1146 1104 1208 lristorias
1121 1165 1186 1208 esse
1204 1145 1290 1206 adul·

58 1231 313 1294 leruntrersiones
327 1231 467 1312 antiquae
479 1231 649 1311 ubiquere-
692 1229 817 1291 teratas‘?
834 1263 876 1274 -
893 1228 924 1292 Si
942 1229 1129 1291 ethnicorum
1146 1247 1236 1310 opera
1248 1228 1289 1289 in-

57 1323 150 1396 ceptae
176 1324 209 1377 et
236 1315 275 1376 ab
300 1313 431 1376 Ecclesia
454 1316 647 1396 approbatae,
692 1321 773 1390 tegra
791 1323 988 1394 reputantur,
1007 1314 1062 1376 etsi
1081 1333 1183 1376 eorum
1203 1319 1290 1374 aulo-

57 1418 124 1478 quae
143 1419 206 1460 nau
230 1398 322 1459 unius
340 1400 384 1461 vel
402 1401 529 1479 plurium
549 1399 649 1479 priva·
691 1398 802 1478 graplra
824 1399 932 1474 desint,
949 1399 1098 1478 quomodo
1115 1398 1150 1460 de
1168 1397 1290 1478 Aposto-

57 1490 143 1544 tomm
163 1482 343 1558 bominum,
367 1483 417 1544 sed
436 1483 527 1544 totius
544 1483 649 1546 Eccle-
692 1485 785 1542 lorum
802 1483 922 1562 scriptis
934 1482 971 1544 ab
991 1482 1139 1562 delectum
1157 1495 1291 1560 autogra-

56 1565 651 1636 aiaesensumetiudiciumnobisexhi·
691 1567 741 1646 phi
767 1567 947 1627 contrarium
978 1567 1120 1627 iudicium
1151 1566 1229 1628 serre
1253 1566 1292 1626 li-

56 1649 143 1713 beut‘l
158 1671 175 1712 )
192 1685 239 1697 -
252 1649 348 1728 Magni
368 1651 509 1714 momenti
527 1660 573 1712 est
595 1650 650 1712 lma
690 1649 1010 1730 cell-Apostolorum
1023 1649 1222 1731 manuscripta
1232 1669 1292 1712 nan

59 1733 179 1797 Waltoai
206 1734 434 1809 testimonium,
453 1735 503 1816 qui
533 1733 650 1796 celeber
690 1735 727 1795 ad
746 1735 801 1794 lroc
819 1735 965 1796 destinata
984 1733 1081 1811 ebant,
1103 1744 1135 1795 ut
1151 1735 1181 1794 in
1201 1735 1291 1796 tabu-

55 1818 102 1879 luit
114 1818 283 1880 bibliorum
302 1818 527 1898 polyglottorum
540 1819 647 1880 editor.
691 1819 764 1880 lario
779 1827 1046 1895 conservarentur,
1065 1817 1118 1880 sed
1136 1827 1169 1879 ut
1185 1819 1292 1880 Eccle-

100 1903 129 1964 3.
149 1901 246 1964 Liber
263 1921 281 1964 a
298 1901 408 1963 criticis
426 1903 539 1980 integer
555 1909 585 1964 'et
600 1903 649 1964 iu·
690 1903 743 1964 siis
760 1903 1054 1964 communicareutur
1067 1912 1097 1964 et
1110 1902 1222 1983 ubique
1236 1903 1292 1963 de-

54 1997 206 2067 curruptus
219 1986 358 2060 bebatur,
368 1986 393 2048 si
404 2005 438 2048 ex
451 1987 501 2048 illo
513 1987 651 2067 irequen-
689 1986 903 2064 scriherentur;
930 1985 1009 2048 unde
1027 1986 1090 2068 ipsa
1109 2006 1165 2048 usu
1185 1986 1308 2066 paula·

54 2077 94 2129 ter
113 2071 151 2132 ab
177 2069 313 2149 antiquis
337 2069 531 2152 scriptoribus
555 2080 651 2132 textus
690 2071 741 2131 tim
765 2071 879 2132 conteri
906 2069 1095 2148 debuerunt,
1114 2071 1194 2151 quod
1213 2069 1292 2132 Deus

55 2153 191 2230 citantur,
212 2161 243 2214 ct
261 2153 285 2213 si
302 2152 351 2215 isti
366 2153 396 2214 in
412 2155 519 2215 nostris
533 2173 653 2236 quoque
690 2164 769 2217 certe
787 2173 821 2216 ex
840 2155 1078 2235 sapientissimis,
1095 2155 1147 2216 sed
1160 2154 1246 2216 nobis
1262 2153 1290 2215 i-

55 2237 203 2299 codicibus
222 2245 360 2298 accurate
377 2237 579 2300 inveniuntur.
598 2239 652 2300 At·
689 2239 786 2316 guotis
803 2239 935 2300 consiliis
953 2238 1016 2299 beri
1036 2238 1182 2319 permisit.
1202 2237 1292 2302 Cete-

56 2320 100 2399 qui
114 2339 149 2382 er
163 2321 254 2382 libris
266 2319 301 2381 N.
319 2319 354 2382 T.
371 2321 610 2402 frequentissime
624 2331 652 2384 et
690 2342 756 2384 rum
776 2322 831 2384 -si
852 2323 1036 2404 autographa
1055 2330 1199 2400 extarent,
1217 2322 1297 2385 abs-'

55 2402 87 2464 ab
103 2403 326 2485 antiquissimis
345 2405 558 2485 scriptoribus,
578 2415 611 2466 ut
634 2426 652 2468 a
691 2426 748 2488 que
766 2406 856 2468 dubio
875 2406 962 2468 etiam
979 2415 1083 2468 contre
1100 2406 1223 2468 istorum
1239 2425 1291 2468 au-

55 2486 83 2552 8.
102 2489 224 2568 ignatio
246 2489 306 2564 Μ..
329 2488 361 2552 8.
387 2489 532 2552 Clemente
550 2491 649 2566 Rom,
692 2491 832 2566 tuentium
845 2489 1086 2568 etintegritatem
1100 2509 1159 2551 non
1175 2491 1291 2554 minora

55 2570 84 2634 8.
103 2573 222 2635 loratino
238 2573 297 2647 dl„
313 2572 345 2636 8.
365 2573 498 2650 Irenaeo,
516 2572 650 2637 Atlterta-
690 2575 781 2637 dubia
798 2574 944 2636 increduli
968 2582 998 2636 et
1023 2574 1164 2636 haeretiei
1187 2593 1289 2638 moue·

53 2671 131 2732 poro,
154 2656 352 2732 Tertulliano,
370 2657 402 2720 8.
421 2656 650 2736 Tbeopltilarlrt-
689 2668 765 2721 rent.

54 2739 647 2821 tliaclt.,ClemealeAlea.,Oripcaeetc.
702 2765 706 2774 ’
733 2743 797 2806 ott.
817 2740 1000 2805 &Plurima
1026 2740 1147 2822 quidem
1174 2740 1289 2803 liaben-

55 2829 143 2886 lertus
160 2824 305 2900 citantur,
320 2825 371 2904 qui
390 2825 420 2884 in
441 2825 548 2886 nostris
565 2825 650 2886 cadi·
690 2825 888 2887 turllbrnrum
900 2825 934 2887 N.
948 2825 1181 2906 T.exemplaria,
1195 2825 1289 2886 sedin

55 2905 132 2979 cibus
148 2917 289 2970 accurate
312 2907 513 2970 inveniuntur.
533 2907 650 2970 Similes
690 2910 754 2971 istis
773 2911 949 2972 innumerae
964 2909 1154 2990 reperiuntur
1172 2909 1290 2970 varian-

56 2989 206 3053 eitationes
236 2991 325 3053 etiam
351 2993 521 3072 frequenter
547 3011 649 3053 occur·
691 3003 733 3056 tes
749 2995 903 3056 lectiones:
923 2991 1167 3072 Milliusrluplus
1182 2992 1212 3052 in
1228 2993 1291 3054 edi·

55 3075 158 3136 ruutin
170 3077 311 3154 genuinis
324 3076 405 3137 Actis
416 3076 585 3157 Martyrum,
599 3076 648 3156 qui
690 3078 770 3139 tione
798 3097 903 3156 graeca
926 3077 961 3138 N.
981 3076 1015 3138 T.
1043 3094 1146 3137 earum
1171 3076 1290 3154 collegit

55 3155 117 3217 dum
138 3159 261 3239 publice
278 3179 375 3222 coram
393 3160 540 3222 iudicibus
555 3160 650 3222 etlrnl·
690 3163 804 3236 30000,
824 3162 874 3224 alii
893 3160 1009 3222 circiter
1027 3160 1130 3222 50000
1149 3179 1289 3223 numera·

54 3239 92 3300 cis
106 3243 196 3304 tidem
222 3261 305 3304 suam
334 3245 457 3324 prolessi
481 3251 565 3318 sunt,
587 3252 648 3305 turn
689 3254 769 3308 runt.
790 3244 852 3306 Non
873 3253 968 3325 potest
985 3262 1053 3322 ergo
1067 3243 1195 3320 admitti,
1209 3245 1289 3326 quod

54 3323 139 3398 lacta,
160 3335 222 3387 tum
247 3326 338 3388 rerba
355 3325 386 3390 S.
400 3325 569 3409 Scripturae
581 3346 646 3390 sae·
690 3327 810 3392 tturttt.
827 3329 863 3390 T.
880 3329 1009 3408 corrupti
1023 3347 1081 3388 non
1098 3329 1220 3405 lucrino
1237 3330 1289 3410 qui

54 3407 171 3485 pissime
183 3411 368 3488 adlegarunt.
384 3411 446 3472 Imo
460 3413 577 3474 saeculo
591 3421 650 3473 ter·
689 3415 777 3474 etiam
789 3413 855 3474 ideo
872 3412 1030 3493 plurimum
1041 3413 1288 3476 auctoritatisde-

55 3490 91 3552 tio
102 3502 134 3555 et
145 3495 343 3574 sequentibus
354 3495 391 3557 ab
405 3495 542 3576 Oripctae,
552 3497 584 3560 8.
595 3497 650 3558 Hi·
689 3497 830 3578 perdant,
844 3515 911 3558 cum
927 3515 961 3558 ex
976 3496 1116 3558 varietate
1129 3497 1288 3559 lectionum

55 3574 147 3652 lario,
178 3579 343 3655 Victorino,
364 3579 396 3643 S.
423 3579 594 3656 Androsia,
613 3581 646 3644 S.
690 3582 751 3658 ssat,
771 3590 803 3643 ut
825 3581 929 3645 incerti
963 3580 1086 3642 haerere
1113 3579 1287 3658 debeamus,

55 3658 268 3740 chrysostomo,
289 3664 320 3726 8.
334 3664 525 3744 Hieroupmo,
541 3665 572 3728 S.
580 3663 650 3728 Aa·
689 3685 834 3746 quaenam
854 3683 923 3726 vera
938 3673 968 3727 et
985 3665 1114 3742 genuina
1131 3667 1180 3749 sit.

53 3746 181 3820 guatino,
198 3747 370 3809 Theodorelo
384 3757 441 3808 etc.
463 3757 648 3809 commenta·
729 3750 815 3828 Resp.
833 3748 997 3826 Integritati
1015 3747 1201 3810 substantiali
1214 3747 1288 3809 adeo

32 3826 93 3922 lria
118 3829 151 3890 in
173 3830 265 3890 libros
289 3829 325 3890 N.
346 3830 380 3892 T.
407 3831 486 3892 edita
509 3832 646 3906 luerunt,
690 3852 747 3892 nan
767 3835 887 3894 obstant
904 3833 1046 3894 lectiones
1067 3833 1232 3904 variantes,
1256 3837 1289 3890 ut

38 3916 124 3986 'quae
144 3931 212 3973 cum
229 3913 338 3974 nostris
354 3915 505 3976 codicibus
520 3917 657 3994 perlecta
689 3935 752 3978 eam
773 3916 871 3996 potius
885 3917 1071 3982 confirment.
1088 3913 1192 3976 Libros
1208 3913 1287 3974 enirn

54 3997 241 4056 concordant.
258 3995 331 4068 Quis
342 3997 400 4058 iam
413 4000 543 4076 negabit,
557 4000 648 4060 libros
688 3999 722 4061 N.
743 3999 777 4060 T.
803 3999 901 4060 simile
920 4019 986 4060 curn
1007 3999 1072 4079 aliis
1092 3998 1175 4058 libris
1194 3997 1287 4057 latrum

54 4070 84 4135 N.
101 4076 135 4139 T.
153 4079 339 4162 incorruptos
356 4084 564 4162 perarausisse‚
581 4102 646 4144 aum
689 4091 825 4164 expertos
843 4102 908 4144 esse
926 4092 956 4144 et
973 4081 1171 4144 accidentales
1190 4089 1289 4141 inula·

53 4175 103 4238 pro
119 4163 229 4224 nullius
242 4164 310 4224 libri
326 4165 492 4240 integritate
504 4176 560 4228 tam
573 4184 648 4228 can·
690 4167 785 4228 tiones
795 4166 934 4240 subiisse,
946 4167 1051 4226 mirum
1064 4163 1156 4224 videri
1171 4164 1286 4244 nequit,

53 4242 153 4320 spicue
180 4256 209 4310 et
233 4248 329 4312 solida
350 4261 524 4330 arguurcnta
548 4251 647 4334 alierri
688 4251 713 4311 si
732 4252 817 4329 longa
838 4249 942 4312 lraram
963 4249 1104 4308 librorum
1119 4249 1289 4328 peregrina·

53 4327 189 4405 bossint‘t
690 4334 730 4399 tio
742 4353 802 4430 per
816 4331 989 4410 ¹ttctudccim
1011 4332 1142 4411 saecula,
1161 4333 1186 4393 si
1205 4333 1295 4422 rnal-⁴
