2930 4736
205 223 267 289 362
602 239 787 288 monnone
807 241 971 287 emmanu

234 321 393 402 signifieat,
409 321 524 386 anulla
541 321 601 384 alia
620 331 766 404 potestate
805 319 955 384 Christum
974 341 1033 384 non
1054 321 1120 386 sine
1137 320 1273 405 emphasi
1302 339 1407 386 omnes

189 408 326 470 cclesram
344 407 515 470 labefactari
533 425 632 489 posse.
652 405 722 468 ldeo
737 405 766 467 i-
805 403 870 468 dies
885 405 1028 488 usquead
1040 407 1331 468 consummationem
1346 425 1409 468 sae·
1456 409 1457 456 ἶ

163 510 217 590 pse
233 491 437 556 omniumr
463 510 517 572 per
547 499 649 572 portas
674 489 766 552 inferi
805 489 865 550 culi
877 490 1047 570 complecti,
1061 497 1092 552 et
1105 491 1136 552 iu
1150 489 1304 573 Scriptura
1320 489 1410 552 tine‘m

163 575 371 654 intelligendas
395 594 461 638 esse
488 583 591 637 censet
620 583 766 638 tartareas
805 575 1000 636 oeconomiae
1034 574 1215 638 christianae
1245 592 1317 636 cnm
1352 574 1412 638 one

163 666 347 744 potestates,
366 659 600 720 consultationes
622 665 653 720 et
675 657 765 719 moli·
805 657 911 719 muudi
938 655 1093 737 coniungi.
1124 659 1154 739 c)
1178 657 1318 740 lienique
1345 677 1409 720 ma·

164 743 244 806 mina
254 742 658 824 diabolorum,tyraunorum
671 748 701 803 et
713 741 766 804 ho-
803 760 896 822 gnum
921 759 957 803 ex
982 742 1136 823 praedicta
1160 741 1410 824 interpretatione

163 827 253 891 stium
270 826 422 890 Ecclesiae
435 827 495 910 (l).
516 825 668 888 Promittit
694 845 763 904 ergo
803 825 967 887 absurdum
980 835 1167 907 sequeretur.
1183 825 1257 888 llum
1272 825 1410 908 plerique

162 909 479 986 Christus,Ecclesiam
489 929 574 972 suam
588 917 765 972 contraom·
803 909 1012 990 Apostolorum
1029 910 1173 992 usquead
1191 909 1345 972 excidium
1358 928 1409 972 ur-

162 1015 218 1060 nos
235 995 357 1058 hostiles
374 995 504 1058 assultus
520 995 583 1056 lore
598 993 762 1072 victricem,
803 991 851 1055 bis
859 991 1081 1076 hierosolymae
1096 1014 1156 1056 non
1167 994 1317 1070 riserunt,
1327 992 1410 1056 loan-

162 1099 198 1144 ac
224 1078 310 1162 proin
333 1098 399 1141 eam
420 1097 479 1140 uon
501 1079 598 1141 solum
617 1079 764 1160 perdura-
805 1095 858 1138 ncs
877 1087 979 1140 autem
1000 1079 1075 1140 illud
1096 1078 1271 1160 supervixit:
1290 1097 1365 1157 ergo
1379 1078 1407 1138 in

161 1174 259 1228 turam
278 1163 421 1246 usquein
440 1163 544 1240 sunem,
563 1164 616 1224 scd
637 1163 727 1226 etiam
747 1183 764 1226 a
803 1161 980 1226 illisChristi
993 1161 1152 1244 promissio
1164 1180 1223 1224 nou
1237 1161 1408 1226 tuissetim-

161 1247 286 1312 reritate
297 1246 460 1326 Religionis
474 1267 491 1308 a
506 1246 623 1310 Christo
638 1246 765 1310 traditae
804 1247 896 1326 pleta,
911 1245 960 1308 bic
978 1255 1078 1308 autem
1097 1255 1164 1328 post
1182 1265 1315 1308 eversam
1335 1245 1408 1308 llie·

162 1351 315 1414 nunquam
334 1331 538 1394 alternaturam
554 1350 619 1394 esse
634 1331 694 1412 (A).
804 1330 983 1412 rosolynnam
993 1349 1053 1391 non
1066 1329 1195 1413 amplius
1206 1330 1406 1392 assistentiam

211 1417 302 1482 Noto.
321 1413 431 1480 Contra
449 1425 624 1495 argumenta
642 1434 678 1476 ex
696 1433 763 1478 rer·
803 1413 913 1477 Christi
935 1414 1111 1490 habuisset,
1137 1415 1208 1478 licet
1232 1414 1324 1476 etiam
1350 1414 1407 1476 hoo

161 1497 208 1562 his
225 1499 332 1563 Christi
351 1499 477 1562 deducta
489 1499 527 1562 ab
542 1499 764 1564 infallibilitatis
805 1506 939 1579 tempore
956 1505 986 1559 ct
1003 1499 1124 1560 doceret
1141 1508 1171 1561 et
1189 1499 1347 1560 scriberet.

161 1583 339 1646 adversariis
358 1585 438 1645 varia
452 1583 544 1646 obiici
560 1585 668 1646 solent.
847 1583 910 1648 oti.
921 1583 952 1644 Ξ.
962 1581 1077 1646 Tenere
1086 1581 1407 1664 promissionumChri·

205 1667 269 1733 obt.
281 1667 310 1729 l.
323 1666 459 1732 Christus
470 1668 668 1730 assistentiam
678 1664 762 1729 suam
803 1665 841 1726 sti
864 1667 901 1730 de
923 1686 978 1729 sua
1000 1677 1030 1728 et
1047 1665 1176 1749 Spiritus
1190 1664 1221 1729 S.
1237 1667 1406 1730 assistentia

161 1750 233 1814 solis
256 1751 424 1834 Apostolis,
444 1770 505 1815 non
532 1762 631 1814 autem
660 1770 763 1814 eorum
803 1749 937 1830 Apostoli
956 1751 1067 1830 singuli
1098 1752 1271 1814 infallibilcs
1292 1751 1405 1814 consti-

161 1835 385 1898 successoribus
396 1835 543 1917 promisit,
554 1837 624 1918 quia
636 1853 765 1918 percon·
802 1835 859 1897 tuti
871 1844 953 1912 sunt,
970 1836 1049 1917 qnod
1065 1844 1095 1898 et
1107 1835 1247 1898 catholici
1264 1833 1407 1914 Theologi

162 1922 385 1984 summationem
392 1921 566 1984 toccolinoo
578 1921 667 1982 tinem
680 1939 765 1984 mun·
803 1919 975 1995 admittunt,
990 1921 1092 2001 quiex
1109 1921 1214 1983 iisdem
1234 1919 1406 1999 promissio-

162 2004 205 2082 di,
225 2004 277 2066 sed
299 2004 451 2067 interitum
475 2023 660 2086 synagogae,
681 2005 763 2066 exci-
803 2003 892 2065 nibus
912 2001 943 2066 S.
962 2001 1120 2066 Librorum
1136 2005 1205 2066 nori
1222 2003 1406 2066 Testamenti
1456 2079 1457 2082 Ἴ

161 2089 242 2150 dium
259 2088 341 2151 urbis
360 2087 596 2172 Hierosolymae,
615 2107 668 2150 seu
688 2107 763 2150 con·
802 2087 1030 2168 inspirationem
1049 2089 1186 2170 probant.
1201 2085 1233 2150 Si
1247 2107 1319 2166 ergo
1336 2107 1406 2170 pro·
1456 2103 1457 2114 ³

161 2173 391 2236 summationem
409 2180 504 2236 status
529 2171 641 2234 iudaici
670 2171 762 2235 intel·
802 2172 962 2234 missiones
973 2172 1048 2234 istae
1058 2173 1093 2234 ad
1107 2191 1295 2234 successores
1308 2181 1405 2234 trans·

162 2256 236 2337 tigit.
801 2255 917 2332 iissent,
928 2255 1017 2318 etiam
1031 2256 1335 2338 hi‚nempeepiscopi
1347 2257 1406 2318 sin·

201 2341 285 2422 trop.
305 2339 457 2422 Expositio
475 2338 548 2402 haec
570 2339 644 2402 lalsa
662 2348 691 2403 et
709 2339 763 2404 ab·
800 2340 862 2418 guli
878 2339 1128 2402 infallibilesesse
1140 2341 1296 2403 deberent.
1311 2339 1343 2402 ld
1355 2359 1405 2402 ve-

161 2424 250 2488 surdo
260 2433 317 2500 est,
331 2443 399 2487 nam
416 2425 447 2505 a)
465 2443 612 2506 synagoga
625 2424 685 2487 iam
698 2445 763 2487 mo·
801 2443 835 2486 ro
850 2424 908 2506 ipsi
920 2424 1059 2486 catholici
1073 2445 1132 2486 non
1146 2425 1405 2506 admittunt,qua·

161 2507 256 2572 ciente
275 2509 391 2574 Christo
406 2509 532 2585 interiit,
551 2509 620 2590 quia
637 2509 669 2573 in
684 2509 762 2572 eius·
801 2527 834 2570 re
854 2517 884 2570 et
901 2509 1066 2570 concedere
1084 2509 1212 2584 dehent,
1229 2509 1407 2590 promissio-

161 2592 227 2656 dem
247 2593 392 2672 sanguine
410 2612 518 2654 norum
537 2591 761 2657 Testamentum
802 2611 855 2654 nes
878 2593 1045 2672 praedictas
1072 2593 1109 2655 ad
1136 2611 1327 2656 successores
1349 2611 1407 2655 non

161 2677 310 2742 firmatum
326 2686 382 2740 est.
406 2675 506 2739 Status
524 2675 702 2741 ludaeorum
722 2679 764 2740 ci·
802 2677 978 2738 transiisse.'

160 2761 225 2824 vilis
254 2761 313 2824 iam
341 2761 459 2824 virente
481 2759 598 2827 Christo
623 2763 760 2841 linierat,
844 2759 1407 2842 Resp.Catholiciinfallibilitatemtum

160 2845 231 2927 quia
248 2845 357 2909 iudaea
381 2844 523 2908 Romanis
549 2845 668 2927 penitus
687 2846 761 2908 sub·
801 2844 1031 2925 Apostolorum,
1052 2855 1113 2906 tum
1132 2863 1356 2922 successorum,
1376 2846 1408 2906 li-

160 2929 236 2992 iecta
255 2939 328 2994 erat.
353 2927 440 2994 Urbis
458 2929 680 3011 hierosolymae
709 2950 762 2992 ex·
802 2938 849 2997 cet
871 2929 926 2991 sub
946 2930 1028 2992 varia
1047 2929 1179 3006 ratione,
1199 2930 1284 2991 omni
1308 2939 1407 2991 tamen

160 3012 399 3076 cidiumdicitur
424 3014 543 3095 quidem
574 3032 762 3078 coosrtmmu-
802 3013 868 3074 iure
895 3013 1065 3076 admittunt.
1101 3013 1175 3076 Nam
1211 3013 1242 3094 a)
1272 3012 1409 3076 Christus
1456 3089 1457 3096 ἵ

160 3097 202 3161 tio
223 3097 353 3179 (3)„sed
377 3117 437 3160 non
463 3099 675 3161 consummatio
700 3116 764 3162 soe·
802 3116 886 3158 snam
915 3106 945 3159 ct
976 3096 1104 3179 Spiritus
1132 3096 1233 3160 Sancti
1262 3097 1408 3159 assisten-

161 3182 231 3245 cttli.
255 3181 286 3262 b)
302 3181 449 3244 Christum
465 3200 534 3244 vero
554 3201 606 3264 per
625 3202 764 3244 consum·
803 3181 873 3264 triam
905 3189 986 3244 certe
1014 3181 1162 3263 Apostolis
1192 3182 1355 3262 promisit,
1375 3181 1410 3242 ad

162 3265 321 3326 mationem
348 3265 458 3328 saeculi
479 3265 525 3348 (l)
552 3269 639 3328 linem
661 3267 764 3328 muudi
804 3285 878 3346 quos
889 3265 978 3331 verba
990 3265 1197 3347 promissionis
1209 3265 1408 3346 primitustli·

161 3348 328 3428 intelligere
350 3357 473 3431 apparet
502 3369 537 3412 ex
561 3351 763 3431 parallelismo
804 3349 889 3410 rexit:
903 3350 953 3411 sed
966 3350 1070 3412 eadem
1086 3349 1265 3412 certitudine
1279 3356 1407 3425 constat,

160 3431 273 3494 verbali
291 3431 352 3513 (5),
379 3431 430 3496 ubi
456 3432 590 3498 Christus
614 3435 651 3497 de
670 3435 764 3519 paleis
804 3430 952 3496 Christum
984 3433 1072 3497 etiam
1100 3433 1311 3514 Apostolorum
1337 3452 1408 3495 suc·

162 3515 374 3579 comburendis
398 3517 525 3598 loquens
556 3519 620 3582 uit:
640 3519 690 3584 Sic
708 3520 766 3583 erit
804 3517 974 3579 sessoribus
992 3536 1076 3579 suam
1102 3527 1132 3579 et
1149 3515 1278 3600 Spiritus
1296 3515 1328 3580 S.
1360 3536 1410 3580 as-

162 3600 195 3663 itt
217 3601 469 3664 consummatione
498 3603 629 3682 soeculi,
651 3623 710 3686 quo
733 3602 763 3664 iu
804 3602 969 3664 sistentiam
989 3601 1173 3688 promisisse,
1190 3607 1263 3682 quia
1282 3601 1411 3684 promis·

162 3685 229 3748 loco
254 3683 372 3746 nonnisi
397 3684 463 3746 bnis
484 3687 610 3766 mundi,
630 3707 684 3750 seu
700 3687 764 3750 dies
804 3686 1411 3765 sionesnsqueodconsommationcmscc·

162 3767 267 3832 iudicii
286 3767 413 3848 intelligi
432 3777 547 3852 potest,
564 3792 622 3853 quo
645 3771 730 3852 impii
748 3793 765 3834 a
804 3769 876 3850 culi,
895 3779 924 3832 ct
938 3772 972 3833 in
990 3779 1145 3834 oeternum
1165 3771 1311 3846 extendit,
1334 3789 1411 3852 quae

162 3853 248 3916 iustis
267 3853 587 3936 separantur-idem
602 3857 764 3918 confirma·
805 3853 921 3934 impleri
931 3873 991 3916 non
1002 3855 1177 3934 poterantin
1189 3853 1345 3935 Apostolis
1357 3874 1411 3917 ceu

137 4013 138 4020 ἵ
163 3937 762 4022 luretporallelismoreoli,quiaregnum
806 3939 940 4018 personis
957 3937 1136 4018 individuis,
1160 3937 1211 4000 sed
1233 3946 1354 4002 tautum
1381 3939 1412 4000 iu

163 4019 270 4086 Christi
295 4021 404 4086 dicitur
426 4025 587 4107 perdurare
611 4043 705 4106 usque
728 4024 764 4086 od
804 4021 954 4104 Apostolis
975 4021 1170 4084 consideratis
1199 4041 1254 4084 ceu
1282 4042 1413 4105 persona

164 4105 252 4168 linem
273 4107 388 4185 mundi,
404 4109 522 4171 dicente
537 4107 663 4185 Angelos
679 4117 765 4171 etre-
805 4106 923 4182 morali,
943 4105 974 4167 in
992 4105 1054 4168 suis
1078 4105 1304 4169 successoribus
1326 4126 1412 4169 sem·

164 4189 218 4270 poti
235 4189 299 4254 cios
323 4210 384 4255 non
412 4193 468 4258 erit
496 4192 568 4273 finis
589 4191 648 4272 te).
670 4191 764 4270 Adde,
805 4209 858 4272 per
875 4208 928 4253 seu
948 4209 1042 4272 usque
1064 4191 1100 4253 atl
1118 4190 1413 4256 consummationem

35 4356 81 4384 ⁸
196 4317 445 4436 ‘tlscbohlncltl
515 4364 517 4374 .
835 4325 1063 4386 (othlatth.2l,ll.
1125 4324 1355 4384 (tlttotmonoo
1456 4349 1457 4352 =

205 4377 228 4434 i)
242 4377 355 4439 [tobmnsr
370 4384 386 4428 t.
401 4381 436 4441 ll',
448 4379 468 4442 ἓ.
481 4381 532 4427 158.
839 4383 870 4441 lbi
886 4385 966 4432 llutth.
983 4387 1053 4442 lint.
1129 4387 1158 4445 lb)
1175 4387 1229 4431 Luc.
1245 4385 1266 4444 i,
1282 4387 1322 4432 53.
1456 4401 1457 4436 t
