2930 4736
399 173 473 220 rans
495 175 542 218 m.-
563 173 665 219 securo
685 173 718 218 11.
743 171 837 218 cneus
859 173 891 217 rr.
1182 165 1243 216 troo

64 249 155 332 tyrium
166 250 388 329 sustinuerunt,
407 254 476 334 quin
496 273 514 315 a
536 253 644 330 delmi-
686 252 877 332 praecipuum
901 258 956 328 est,
976 250 1007 313 in
1028 252 1084 314 boc
1101 251 1226 340 concilio
1245 250 1284 314 li·

63 335 177 398 tionibus
194 334 317 400 Consilii
337 336 457 399 Nicaeni
471 357 529 399 nou
543 355 644 399 reces-
685 335 784 398 bertus
812 336 1018 414 suffragiorum
1048 336 1282 398 desiderabatur.

62 428 160 480 serunt.
174 419 210 481 Et
228 420 257 480 bi
276 420 313 482 ab
332 421 515 484 Ecclesie'ut
534 429 644 502 marty·
684 417 765 481 llutu
785 419 863 480 enim
877 419 1016 500 Episcopi
1035 419 1283 482 diubdeiNioae·

62 519 101 562 res
115 503 259 568 coluntur.
276 503 299 568 E
313 517 414 566 contra
427 505 561 566 ornnium
575 523 644 568 sae·
686 521 741 564 nae
755 503 871 566 fortiter
881 503 1091 579 arlltaeserunt,
1105 505 1199 564 donec
1213 521 1284 583 per-

62 586 176 646 eulomm
193 587 318 649 historia
334 596 478 665 testatur,
493 589 574 664 illos,
590 589 642 672 qui
684 586 887 648 secutionibus
899 595 929 649 et
947 587 1097 648 aerumnis
1109 588 1206 662 tracti,
1220 588 1283 647 lor-

62 667 267 732 delnitionibus
294 670 417 736 Consilii
437 673 584 752 generalis
611 691 644 735 se
685 673 782 732 mulae
801 689 860 732 non
882 681 1001 752 apertae
1026 671 1210 746 baereticae,
1230 671 1283 733 sed
1304 716 1307 748 e

61 751 190 816 subiicere
224 764 423 832 recusarunt,
455 757 645 818 anathemata
684 754 968 818 subdoleoouleetae
982 755 1215 828 subscriberent,
1230 754 1300 833 qui.

61 837 193 914 perculsos
211 847 242 902 et
265 839 369 901 salutis
388 848 518 902 exsortes
541 839 642 902 decla·
684 856 752 900 vero
777 838 906 900 libertati
934 839 1060 902 restituti
1085 837 1281 918 subscriptio·

61 927 126 982 ratos
143 921 246 985 luisse.
685 940 752 982 nem
781 941 864 984 suem
888 923 986 983 statim
1012 922 1223 984 reclamarunt.
1239 949 1301 966 -“

104 1005 186 1070 Noto.
210 1003 243 1068 Si
260 1006 292 1071 S.
317 1004 573 1088 mauruntum.
596 1007 643 1088 (l)
684 1005 861 1067 Exultabant
879 1006 997 1086 quidem
1017 1006 1116 1067 Ariani
1135 1005 1171 1067 de
1186 1005 1281 1066 victo-

60 1086 164 1151 scribit:
183 1088 335 1153 «Omnem
347 1091 561 1172 Episcoporum
575 1109 644 1152 eon·
684 1091 728 1150 ria
745 1091 859 1166 relato,
883 1098 912 1152 et
930 1091 1026 1170 plenis
1045 1089 1156 1164 buccis,
1177 1121 1194 1136 -
1213 1089 1282 1155 lieet
1304 1141 1305 1144 ,

59 1181 162 1232 rentum
179 1174 273 1252 fugio,
288 1175 428 1254 quoniam
448 1175 558 1237 nullius
574 1194 645 1238 con·
684 1191 836 1255 perperam
854 1207 870 1220 -
887 1173 1066 1246 clamabant,
1085 1173 1171 1233 fidem
1195 1189 1280 1236 suem
1302 1184 1306 1240 ξ

59 1252 108 1314 rilii
125 1257 209 1318 linem
231 1259 359 1319 faustum
377 1268 406 1319 et
421 1259 531 1320 laetum
548 1260 640 1336 nidi»,
684 1277 737 1337 per
761 1256 925 1322 Concilium
959 1259 1097 1336 generale
1129 1255 1306 1344 definitam3

59 1334 175 1417 loquitur
189 1341 226 1402 de
245 1340 419 1420 illegitimis,
440 1343 543 1405 lraude
561 1343 642 1404 Arie-
684 1359 760 1418 esse,
774 1350 863 1422 atque
875 1342 941 1402 ideo
957 1341 1108 1402 nonnullis
1122 1339 1214 1401 rideri
1229 1359 1281 1419 po·
1300 1353 1301 1356 ’

59 1437 148 1483 uorum
165 1425 316 1499 collectis,
336 1426 381 1488 uel
400 1427 547 1506 corruptis
568 1445 642 1488 rori·
683 1433 759 1487 terat
782 1425 910 1486 muudus
929 1427 1016 1487 modo
1036 1425 1154 1486 arianus
1172 1425 1280 1498 lactus,

60 1504 137 1566 ciliis:
157 1509 244 1588 longe
263 1509 349 1572 aliter
365 1511 458 1571 sensit
482 1511 519 1572 de
534 1509 642 1574 Gouri-
683 1509 752 1570 licet
765 1509 831 1570 talis
853 1527 911 1570 non
924 1518 1014 1580 esset,
1026 1517 1077 1569 -et
1091 1516 1171 1570 certo
1188 1507 1230 1568 nil
1245 1525 1298 1567 e-.

58 1586 90 1648 lio
104 1588 241 1670 Nicaeno,
262 1593 297 1654 ad
317 1595 396 1674 quntl
418 1593 520 1657 Patres
538 1613 556 1656 a
573 1593 642 1676 Spi-
682 1593 743 1654 liud
758 1592 855 1654 innuit
868 1593 899 1656 S.
913 1593 1124 1672 Hieronymus,
1143 1593 1213 1652 dum
1232 1591 1280 1672 (3)

59 1671 107 1732 ritu
124 1673 153 1736 S.
178 1686 298 1738 coactos
316 1695 381 1738 esse
402 1677 484 1740 dicit.
505 1678 641 1745 -Durn
682 1678 776 1738 dicit:
809 1675 985 1756 «Ingemuit
1013 1685 1092 1736 totus
1120 1675 1222 1752 orbis,
1252 1685 1281 1736 et

58 1771 114 1816 tem
129 1759 158 1822 S.
177 1759 366 1842 Aupustiuus
389 1761 435 1842 (2)
452 1762 639 1844 pronuntiat,
681 1779 713 1822 se
731 1760 866 1822 arianum
881 1779 947 1822 esse
966 1760 1089 1821 miratus
1107 1769 1281 1820 estu—-

59 1843 198 1905 (concilia
228 1845 361 1926 plenaria
384 1864 472 1926 saepe
501 1847 599 1927 priora
624 1866 641 1908 a
680 1844 1000 1908 Contruauotoritatem
1015 1843 1211 1906 Consiliorum
1225 1861 1279 1918 ga·
1379 1909 1383 1932 Ι

58 1926 256 2000 posterioribus
264 1929 456 2006 emendaris,
472 1949 531 1990 non
541 1930 641 2010 loqui·
673 1929 825 1994 ¹neralium
843 1930 932 1990 etiam
951 1947 985 1990 ex
1004 1927 1139 1988 dissensu
1155 1925 1280 1990 Consilii

58 2011 98 2067 tur
115 2010 149 2072 de
172 2011 293 2092 synodis
320 2031 389 2074 vere
420 2014 639 2090 oecumenicis,
680 2011 936 2074 Franrofurtensis
951 2019 980 2073 et
996 2011 1118 2072 Nicaeni
1136 2009 1162 2072 ll
1173 2011 1213 2070 nil
1230 2010 1278 2071 in-

56 2093 180 2167 quoniam
194 2096 289 2157 utitur
306 2096 639 2178 particulasaepeltum
680 2097 750 2157 terri
775 2105 880 2176 potest.
903 2095 976 2157 Nam
1000 2095 1088 2158 Cone.
1108 2093 1172 2155 Nic.
1193 2092 1219 2176 Il
1249 2093 1280 2155 in

58 2173 122 2236 enim
141 2180 246 2241 aetatis
270 2188 337 2261 post
358 2179 522 2244 Concilium
538 2181 641 2243 Hiero·
680 2199 735 2241 suo
758 2180 957 2242 celebratione
976 2178 1200 2241 oecumenicum
1220 2195 1279 2239 iton

56 2258 248 2344 solymitanum
267 2263 386 2325 nonnisi
405 2263 536 2326 Concilio
553 2284 642 2342 gene·
676 2265 754 2338 tutu.
766 2266 837 2346 quia
856 2283 962 2342 magna
984 2282 1019 2324 ex
1038 2271 1121 2344 parte
1140 2261 1280 2348 Episcopi

57 2342 119 2404 ralia
138 2345 195 2408 duo
225 2346 328 2408 babila
351 2347 486 2424 fuerant,
505 2347 642 2412 rirlelicet
682 2357 795 2410 tantum
814 2346 979 2412 Orientales
994 2349 1040 2408 illi
1062 2347 1278 2422 interlueraut,

57 2418 198 2490 llicaenum
212 2429 640 2512 letConstanlinopolitanum
681 2441 709 2493 el
727 2432 794 2494 ideo
814 2433 886 2494 illud
912 2433 1030 2494 nonnisi
1050 2448 1084 2492 ex
1102 2430 1279 2511 post-lacto,

58 2501 638 2594 Lquaeneutiquememendataluerunu
680 2517 840 2579 accedente
861 2517 950 2578 totius
968 2515 1118 2578 Ecclesiae
1132 2531 1279 2575 consensu

56 2592 643 2686 siriperconciliaplenariaintelligitcon·
679 2600 818 2677 generale
841 2601 951 2662 lactum
974 2609 1029 2662 est.
1056 2631 1098 2644 -
1115 2597 1278 2660 Cottoilium

56 2675 113 2735 crlra
129 2681 640 2764 rationalia,atotiusAlrioueEpi-
681 2701 769 2764 porro
790 2683 1036 2746 Francolurteose
1060 2680 1208 2761 Synodum
1225 2679 1278 2743 lu-

56 2760 642 2848 scopisCartbaginebaberisolitn,eqrri·
680 2784 802 2828 caenam
834 2766 859 2829 ll
883 2767 950 2828 ideo
973 2768 1067 2827 solum
1097 2763 1276 2844 reprobarit,

54 2834 101 2900 bus
113 2848 253 2930 nonnulla
265 2848 544 2930 subCyprianorere
556 2852 641 2914 aber·
680 2851 750 2929 quio
759 2868 866 2931 errore
876 2851 949 2930 sueti
963 2849 1099 2924 credidit,
1113 2867 1130 2908 a
1144 2847 1279 2914 Patribus

55 2936 192 3004 revereor
208 2933 641 3012 emendationeindiguere.--
678 2933 815 2997 Nicaenis
838 2935 1005 3000 absolutum
1037 2933 1139 2994 latriae
1163 2931 1276 2991 cultum
1305 2940 1306 2946 ’

54 3000 158 3074 Frustra
176 3015 267 3077 etiam
286 3017 463 3094 adversarii,
483 3028 516 3080 ut
535 3029 638 3082 osten·
680 3019 859 3097 imaginibus
876 3019 1008 3094 decerni.
1025 3015 1100 3076 Huic
1118 3014 1209 3076 errori
1228 3032 1283 3086 oca
1303 3041 1305 3047 ,

53 3086 130 3179 daut,
159 3096 291 3162 Concilio
315 3104 464 3178 generalia
498 3102 636 3166 aberrare
679 3105 828 3166 casionom
841 3103 921 3164 dedit
935 3095 1193 3178 ActorumSynorli
1211 3097 1275 3159 Nic.
1303 3169 1305 3173 Α

53 3187 126 3248 losse
144 3193 303 3258 provocant
329 3185 365 3245 ad
385 3185 547 3248 Concilium
567 3188 635 3250 Ari·
678 3187 927 3250 meudosomrsio
947 3187 976 3246 in
1009 3185 1132 3246 latinum
1151 3182 1273 3243 idioma.
1301 3225 1306 3239 .

54 3257 189 3355 murense,
209 3267 318 3347 inquo
342 3269 527 3332 Arianismus
548 3291 636 3352 praa·
677 3269 749 3332 Nam
775 3270 985 3334 Constantinus
1010 3267 1095 3348 Cypri
1119 3267 1277 3348 episcopus

52 3341 142 3407 rulurt.
162 3347 225 3410 lloo
253 3352 333 3411 enim
358 3353 521 3415 Concilium
544 3375 636 3433 gene·
678 3357 822 3416 catholico
846 3364 926 3416 certe
949 3373 1037 3415 sensu
1064 3353 1192 3414 dixerat:
1214 3351 1275 3429 Ego

52 3424 167 3492 ralenon
179 3433 248 3496 luit:
261 3447 468 3514 congregatum
482 3439 561 3500 enim
575 3449 638 3502 erat
678 3439 738 3518 (bis
756 3439 902 3518 decretis)
917 3435 1070 3500 consentio
1091 3482 1099 3498 .
1121 3481 1129 3497 .
1150 3481 1157 3497 .
1177 3436 1275 3498 susci·
1300 3475 1306 3516 ρ

53 3509 154 3574 tantum
173 3535 208 3578 eu
230 3519 463 3582 occidentalibus
483 3522 636 3602 Episcopis
672 3524 762 3603 piens
789 3531 818 3584 ct
850 3521 1065 3584 honorabiliter
1093 3520 1276 3601 amplectens

51 3597 75 3647 tl
91 3610 122 3655 ex
141 3598 184 3661 bis
203 3620 334 3684 quoque,
353 3605 421 3665 licet
438 3624 562 3668 numero
575 3609 636 3670 385
676 3616 793 3668 sanctos
811 3614 841 3667 et
858 3606 1042 3667 venerabiles
1067 3604 1211 3682 imagines
1233 3611 1275 3664 et·

51 3687 147 3756 essent,
168 3692 265 3746 tamen
286 3705 340 3748 nec
359 3687 481 3750 dimidia
500 3709 567 3770 pars
583 3693 637 3752 ad·
676 3709 733 3769 que
755 3689 958 3754 adorationem
979 3708 1032 3770 per
1046 3689 1202 3750 latriam...
1218 3685 1284 3746 soli.

51 3769 114 3834 elul,
132 3769 285 3849 quomam,
300 3779 331 3831 ut
344 3773 384 3833 ait
402 3771 484 3836 Com.
500 3774 536 3835 de
554 3773 634 3836 Stol-
675 3773 815 3850 l'rinitati,
826 3775 966 3853 impendo
980 3775 1039 3854 (l).
1053 3772 1284 3834 lulidusauteme

53 3835 122 3937 ittig,
142 3859 209 3912 tunc
228 3851 369 3932 temporis
386 3857 540 3937 plusquam
555 3860 634 3920 mille
676 3858 821 3937 interpres
839 3857 915 3919 lronr
933 3857 1151 3919 consessionem
1170 3854 1213 3920 sis
1232 3853 1284 3914 tu.

51 3917 174 4012 luscopi
202 3935 231 3996 in
250 3933 408 4002 Occidente
432 3941 632 4003 numeraban-
676 3941 737 4001 tine
760 3941 940 4003 reddiderat:
956 3939 1091 4020 Suscipio
1110 3948 1139 4001 et
1161 3937 1284 4016 ample-v

52 4010 102 4100 lut.
119 4011 196 4114 llulti
213 4030 364 4098 praetcrea
380 4024 500 4101 legitimi
515 4025 636 4104 Episco·
675 4034 739 4086 otor
753 4034 871 4086 sanctos
885 4033 914 4086 ot
928 4025 1111 4087 venerabiles
1129 4021 1274 4096 imagines

50 4101 635 4189 ltcumtpsosummoPorttibcebibe·
675 4109 837 4188 secumlom
879 4110 1031 4171 seruitium
1068 4104 1272 4182 adorationis,

50 4186 87 4232 rm
105 4198 131 4240 m
148 4187 233 4248 exilio
260 4188 417 4266 degebent.
438 4193 531 4254 -Et
555 4193 632 4274 quod
675 4193 753 4274 quod
772 4191 907 4254 'l'rinitati
924 4195 1037 4254 emitto.
1053 4189 1273 4252 -llanocon-

75 4277 330 4375 lucusianum.
366 4297 634 4366 (autumpnus.
702 4306 734 4358 m
749 4299 944 4368 oretanensis.
1012 4295 1045 4357 u)
1059 4297 1142 4347 scus.

1167 4504 1194 4550 ᾖ
