2928 4734
453 153 526 198 rarus
547 154 580 200 u.
604 153 706 200 sucrro
727 153 760 200 u.
784 155 877 202 carur
896 160 920 202 r.
1211 131 1275 206 'tut

79 224 181 288 vinitas
201 227 291 306 iacta,
312 236 387 294 teste
399 229 509 314 ldoyse,
525 231 677 297 miraculis
716 241 762 296 cet
783 233 927 298 creaturis
945 236 1007 300 suis
1025 236 1221 314 rationalibus
1234 239 1270 300 ad
1285 241 1319 302 sr-

79 318 109 370 et
126 313 269 374 vaticiniis
288 313 391 376 innixa
409 315 521 379 luit.—
716 333 770 380 nes
790 317 885 382 bonos
913 323 1130 401 promovendos
1155 341 1317 405 apparere,

117 393 143 457 2.
160 394 351 460 Patriarclras
366 397 453 460 aDeo
472 399 537 480 ipso
553 398 676 462 institu-
717 421 805 483 quana
825 401 922 482 ipsum
943 404 1082 467 dedecuit
1099 405 1217 468 easdem
1233 427 1318 470 crea·

56 482 119 538 “tos
144 479 252 555 luisse,
273 490 412 544 constans
435 491 499 545 erat
525 485 678 564 persuasio
717 504 761 548 re.
775 485 854 548 Nilril
866 505 938 549 sane
953 486 1014 550 Deo
1026 491 1260 570 parrumestcui
1274 492 1318 554 ni·

76 563 286 640 Hebraeorum,
305 585 394 646 quam
413 585 483 649 prae
500 568 607 630 ceteris
624 587 672 630 er·
719 569 759 631 bil
779 588 918 648 magnum
938 580 992 633 est.
1013 607 1054 620 -
1067 571 1100 634 In
1120 573 1184 653 ipsa
1201 594 1318 656 quoque

75 646 171 726 primit
183 649 498 712 auctorldcclesiastici
510 650 676 734 (utulate)
717 653 913 735 Theophania
931 653 1071 718 maiestas
1081 655 1183 718 divina
1198 691 1213 704 -
1233 659 1318 720 modo

73 730 184 794 dicens:
202 733 417 798 Testamentum
435 745 589 800 aeteruum
606 754 677 800 cou-
720 737 1244 803 hominibusaccommodatoostendi
1257 751 1319 822 pot·

72 817 165 878 stituit
183 833 254 879 cram
271 817 335 880 illia
354 817 562 900 (Patriarchis)
577 829 605 884 et
626 821 676 882 iu·
718 830 780 899 est,
797 822 873 889 sicut
891 840 907 883 e
927 829 988 885 tota
1011 823 1161 886 creatione
1183 826 1317 905 resplen-

74 901 184 962 ata‘tr'cen
207 910 235 963 et
253 903 366 965 iudicio
383 921 437 966 aua
458 906 583 968 ostendit
605 905 675 967 illis.
719 905 1000 988 det-Praecipue
1016 915 1115 970 antem
1128 907 1207 970 Deus
1218 908 1248 970 in
1264 926 1318 990 ap·

115 985 143 1046 3.
152 985 219 1046 lmo
232 987 400 1048 communis
409 989 677 1069 opudpentessem-
721 989 917 1070 punitionibus
929 1009 1013 1051 suam
1026 991 1318 1072 omnipraesentium,

78 1088 129 1149 per
138 1071 293 1150 pmauasio
305 1080 385 1146 erat,
398 1071 491 1133 Deum
506 1072 678 1135 bominibus
720 1073 965 1154 omnipotentiam
986 1083 1015 1136 et
1026 1075 1238 1155 providentiam
1254 1095 1320 1138 ma-

77 1154 265 1235 apparuisse,
284 1156 402 1218 eosdem
430 1156 624 1233 instruxisse,
651 1165 679 1218 et
721 1158 851 1233 infestat,
863 1157 1026 1238 atqueideo
1038 1158 1247 1240 Tlteophaniae
1259 1159 1319 1222 Deo

77 1240 116 1300 sic
128 1239 318 1318 Religionem
333 1259 350 1300 e
363 1239 446 1301 coelo
458 1240 488 1301 in
503 1248 611 1303 terram
624 1240 678 1302 de·
720 1241 912 1320 dignissimae
928 1244 1094 1305 censendae
1109 1252 1188 1306 sunt.
1198 1279 1240 1290 -
1256 1243 1320 1306 Non

75 1323 161 1386 latam
175 1325 283 1388 luisse.
295 1322 576 1406 -Antiquissimae
589 1325 677 1386 otiam
720 1345 791 1405 ergo
806 1343 927 1386 necesse
944 1335 1000 1403 est,
1016 1327 1192 1407 nequalicet
1203 1327 1239 1389 ad
1256 1339 1320 1408 my'-

75 1419 100 1470 et
112 1409 301 1470 universales
315 1409 452 1471 notiones
468 1409 677 1470 miraculorum
721 1410 822 1472 tboset
834 1409 1237 1488 allegoriasconlugere,cum
1245 1410 1321 1492 bloy-

74 1492 334 1570 etvaticiniorum‚
349 1511 425 1574 quiae
438 1492 583 1554 divinitati
598 1511 679 1554 sem-1
720 1511 779 1567 ses,
789 1492 1084 1572 auctorfidedignus,
1096 1496 1162 1556 illas
1175 1514 1321 1558 verecon-

75 1596 124 1657 per
147 1577 402 1652 attribuebantur,
423 1577 537 1638 asactis
555 1594 609 1658 per
623 1586 680 1639 tra·
721 1577 821 1656 tigisse
851 1584 986 1653 enarret,
1016 1577 1156 1658 illiusque
1185 1579 1320 1642 testimo-

75 1661 221 1722 ditionem
245 1660 372 1740 cognitis
390 1661 568 1741 repetendae
591 1669 678 1737 suut,
720 1663 802 1722 nium
816 1678 963 1722 consensu
976 1661 1067 1723 totius
1076 1662 1262 1743 antiquitatis
1274 1663 1321 1724 lir-

73 1764 140 1806 cum
160 1763 249 1806 mens
267 1745 348 1806 rudis
367 1744 432 1806 sine
457 1745 532 1806 iacto
561 1744 679 1823 cognito
722 1752 829 1806 matur.

74 1829 118 1890 rix
134 1830 171 1890 ad
190 1829 281 1890 talem
293 1829 526 1910 suppositionem
542 1828 683 1908 progredi
764 1828 828 1892 Oli.
850 1827 880 1888 2.
899 1825 1094 1907 Si·Homero,
1115 1827 1216 1892 Ouidio
1240 1838 1270 1892 et
1286 1849 1320 1892 a·

74 1913 251 1994 posset(l).
276 1947 317 1960 —
336 1913 404 1975 Ideo
430 1931 536 1990 magna
561 1931 680 1994 quoque
721 1912 1060 1990 liisinrenoncreditur,
1075 1913 1321 1995 plurimasThee-

74 2016 195 2079 semper
210 1997 267 2058 tuit
284 1997 362 2078 apud
375 2015 477 2058 omnes
489 1998 614 2077 populos
629 2015 682 2057 an·
720 1987 852 2078 phanias‘
857 1996 1077 2076 enarrantibus,
1090 2016 1144 2058 cur
1154 1996 1243 2078 llopsi
1258 2017 1321 2058 cre·

74 2080 224 2163 tiquitatis
232 2081 406 2157 auctoritas,
419 2088 448 2143 et
459 2080 681 2142 insitanaturae
720 2081 850 2142 dandum
869 2081 936 2156 erit,
952 2079 983 2141 in
1003 2081 1225 2161 superstitiosae
1241 2082 1321 2143 anti·

75 2185 147 2244 erga
164 2166 249 2227 illam
267 2165 445 2241 reverentia,
473 2165 583 2246 quippe
602 2165 680 2244 quod
721 2165 843 2246 quitatis
861 2181 932 2227 aevo
951 2163 1082 2226 virenti?

76 2267 253 2330 persuasum
279 2249 417 2311 omnibus
443 2256 521 2323 erat,
549 2248 681 2330 antiqui·
761 2250 846 2328 Rcap.
867 2247 1321 2331 lurereiicimus'lbeopbanias

77 2342 165 2395 tatem
181 2332 458 2414 propiusaccedere
477 2333 512 2394 ad
528 2332 616 2409 Deos,
633 2334 681 2395 di·
721 2339 897 2414 poetarum,
917 2331 1025 2412 quibus
1047 2332 1154 2395 ueritas
1181 2333 1321 2397 historica

76 2427 161 2479 cente
180 2417 291 2480 Tullio:
312 2437 326 2479 a
344 2436 403 2498 quo
422 2417 543 2498 propius
559 2417 683 2479 aberant
721 2426 750 2478 et
769 2417 975 2497 philosophica
987 2416 1090 2495 deestr
1104 2426 1133 2479 et
1149 2417 1214 2480 iure
1229 2419 1322 2480 credi·

77 2501 218 2564 homines
246 2502 284 2563 ab
310 2509 376 2563 ortu
402 2511 431 2563 et
456 2500 556 2562 divina
574 2518 681 2581 proge-
723 2519 788 2562 mus
805 2499 1016 2581 Theophanios
1038 2501 1261 2582 patriarchales
1285 2503 1322 2564 de

78 2587 139 2663 uie,
155 2586 214 2648 boc
230 2586 336 2648 melius
355 2605 389 2648 ea
410 2603 486 2667 quae
509 2594 594 2648 erant
613 2603 682 2648 uera
722 2585 832 2666 quibus
850 2591 975 2664 utraque
990 2587 1098 2647 veritas
1111 2585 1235 2666 probata
1251 2586 1318 2648 luit.

79 2671 303 2750 perspexisse.»
721 2703 764 2716 -
780 2668 888 2729 Poetae
903 2667 981 2730 enim
998 2687 1069 2731 suae
1087 2670 1259 2751 phantasiae
1271 2669 1320 2729 in-

120 2753 205 2815 Omni
226 2754 327 2834 itaque
342 2752 406 2814 iure
421 2752 582 2830 asseritur,
598 2753 682 2816 Reli·
722 2752 877 2830 dulgentes
893 2752 979 2813 tidem
997 2751 1167 2815 historicam
1186 2771 1246 2814 non
1262 2771 1321 2814 me·

77 2837 195 2915 gionem
216 2837 443 2920 patriarchalem
472 2837 613 2900 divinitus
631 2857 682 2899 re·
722 2846 837 2912 rentur,
857 2833 968 2916 Moyses
986 2855 1068 2914 vero,
1088 2837 1213 2917 scriptor
1230 2835 1322 2896 bisto-

76 2923 203 2984 uelatarn
224 2923 329 2984 luisse.
346 2921 444 2983 Facile
457 2921 544 2982 eliam
564 2929 610 2982 est
626 2922 683 2984 dii·
722 2922 803 2982 ricus
822 2938 939 2980 omnem
957 2919 1042 2980 sulem
1067 2929 1206 2981 meretur.
1229 2917 1321 2980 Prae-

79 3006 247 3084 ficultates,
270 3024 346 3087 quae
373 3013 586 3086 opponuntur,
607 3025 680 3068 eno·
723 3015 803 3068 terea
814 3002 1168 3085 Theophaniae‚apoetis
1178 3002 1321 3064 confictae

79 3089 161 3152 dare.
722 3097 752 3152 et
765 3107 824 3150 non
835 3106 902 3150 raro
917 3085 1211 3162 obscoenae,rationi
1230 3105 1323 3166 repuff

122 3174 186 3238 Odi.
200 3174 230 3234 l.
250 3172 462 3253 Theophaniae
478 3172 538 3234 Deo
557 3182 625 3236 sunt
638 3175 684 3235 in·
722 3181 824 3250 guent,
844 3190 910 3232 curu
935 3178 1069 3232 ecorttra
1083 3169 1321 3251 Theopltaniaea

81 3255 185 3336 dignae
218 3256 343 3338 eiusque
376 3258 559 3319 maiestatem
590 3257 681 3320 dede·
721 3257 817 3337 Moyse
833 3263 988 3316 enarratae
1006 3253 1082 3315 nibil
1104 3255 1161 3316 nisi
1179 3255 1320 3318 honesta-

81 3350 167 3418 cent,
183 3359 276 3422 quare
296 3361 312 3402 a
330 3349 411 3404 recta
433 3342 549 3404 ratione
567 3343 682 3404 admitti
723 3349 781 3404 tem
800 3338 925 3420 spirent,
940 3345 969 3399 et
987 3337 1024 3399 ad
1044 3339 1241 3403 moralitatem
1257 3357 1324 3419 pro·

80 3433 249 3507 nequeunt,
270 3425 411 3506 illaeque,
432 3427 557 3507 quaein
576 3425 683 3490 Genesi
724 3423 896 3486 movendam
910 3421 1324 3486 inaximecouducant.-Ce·

81 3517 259 3586 narrantur,
294 3509 451 3589 allegorice
490 3510 682 3592 explicandae
724 3508 931 3587 terum-ipsa
950 3511 1104 3586 poetarum
1131 3507 1271 3587 figmenta
1288 3507 1324 3568 de

83 3604 147 3654 sunt
163 3627 181 3640 -
195 3592 277 3654 iuxta
291 3595 410 3672 genium
431 3592 545 3674 primae
564 3594 681 3671 aetatis,
723 3591 849 3654 Deorum
866 3589 1104 3672 apparitionibus
1116 3626 1131 3639 ·
1149 3593 1323 3673 populorum

84 3673 110 3738 in
124 3697 186 3758 qua
202 3678 437 3740 extraordinaria
456 3677 556 3740 omnia
574 3677 683 3739 imme·
723 3674 947 3757 persuasionem
959 3674 996 3736 de
1008 3693 1076 3738 uere
1089 3675 1323 3760 peractiaTheo-

83 3759 686 3824 diatodiuinitatisinlluauiadscribehan·
724 3759 842 3842 phaniis
860 3759 1034 3824 ostendunt.
1099 3833 1109 3844 ι

84 3849 139 3922 tur,
159 3845 232 3911 licet
248 3865 283 3908 ea
301 3845 399 3908 causis
414 3847 601 3909 naturalibus
617 3865 685 3929 pro-

85 3926 156 3992 lecta
172 3928 296 3992 iuerint.
476 3985 490 4014 ⁸
755 3953 785 4015 (rt
802 3951 834 4001 cn,
849 3950 870 4013 p,
886 3951 950 4013 aaa
969 3953 1023 4000 noa.

121 4016 209 4093 Rcap.
231 4011 307 4086 Quid
320 4013 412 4076 Deum
427 4033 514 4092 agere
529 4015 631 4076 deceat
641 4014 685 4076 vel

88 4094 237 4174 dedeceat,
255 4117 314 4160 non
334 4107 378 4160 est
396 4098 545 4162 humanae
560 4098 686 4161 rationis

89 4179 218 4242 delinire.
231 4179 337 4243 -Sed
353 4182 441 4244 etiam
452 4181 532 4246 iuxta
546 4197 618 4244 sana
634 4183 687 4244 bu·

88 4258 130 4324 ius
147 4265 294 4351 principia
306 4265 399 4330 [lcum
414 4287 473 4331 non
486 4267 579 4344 tnagis
594 4266 685 4330 dede·

674 4459 706 4500 Δ

672 4515 681 4536 a
