2918 4734
206 158 268 222 lii
358 187 361 195 r
603 179 787 228 raaouoorur
807 174 970 226 mmmm
1072 223 1075 230 ,
1106 237 1110 242 ¹

163 271 255 317 eausa
277 251 522 336 multiplicentur,
547 257 701 340 speciatim
724 257 761 322 ad
801 275 836 320 ac
855 252 991 319 Samscni
1009 247 1087 314 uires
1102 245 1205 347 dedit,
1225 253 1260 310 ut
1282 244 1357 310 boe
1379 243 1439 341 in-¹

164 339 329 418 propositas
338 339 525 403 difficultates
538 343 718 423 respondero
729 361 760 404 o·
800 347 967 403 strumento
984 337 1066 400 milla
1083 353 1162 396 arros
1181 339 1339 408 necaret,
1376 349 1437 412 qur

163 431 270 502 portet.
289 424 392 486 Primo
410 442 479 503 erpo
499 434 561 488 tun
580 445 616 488 ex
628 424 661 488 S.
676 425 759 489 Scri·
799 422 1002 506 probabilius,
1022 437 1090 482 cnm
1113 417 1258 491 riderent,
1280 413 1437 478 Samso·

162 513 248 588 ptura
266 506 325 586 (l),
341 515 403 568 tum
423 525 456 568 cr
472 509 663 590 profanorum
681 510 759 572 scri·
799 527 869 571 nera
888 509 974 570 lunas
996 520 1139 586 perquam
1162 502 1252 596 sortes
1279 508 1319 562 ut
1358 500 1438 596 iilos

161 596 277 670 plorum
297 591 475 653 testimoniis
492 601 591 674 patet,
613 593 757 656 Palaesti·
798 591 956 673 dirupisse,
973 589 1078 651 timore
1093 585 1220 667 perculsi
1236 583 1362 662 fugam
1384 603 1438 646 ¹¹1·

161 691 228 734 nam
253 674 390 754 vulpibus
414 683 550 752 scatere,
576 685 665 757 atque
690 679 758 740 ideo
798 677 934 738 ordinate
953 667 1325 754 capessamus-cararum
1363 675 1434 730 tam

160 773 347 838 naquaquam
378 758 552 822 incredibile
579 769 649 837 est,
677 762 757 843 quod
797 761 972 843 stupendam
983 755 1135 850 victoriam
1146 749 1434 848 retulitSamsun,

158 835 282 902 Samson
294 841 374 904 brevi
389 850 534 923 ternpore,
545 843 686 908 adhibitis
698 846 757 908 lor-
797 846 847 926 qui
866 852 930 906 erat
947 843 1036 904 index
1057 847 1087 900 et
1109 836 1215 899 vindex
1236 836 1333 897 illius
1366 857 1436 918 po·

158 917 236 986 'tasse
261 924 438 1005 quibusdam
462 926 595 1004 retibus,
616 938 666 990 aut
690 930 756 992 aliis
796 929 870 1008 puli,
890 928 937 990 oui
960 926 1038 989 Dens
1054 921 1149 985 Lavit.
1165 919 1266 996 XXVl,
1287 921 1310 981 8
1341 941 1433 1002 pro-

159 1005 363 1070 instrumentis
381 1011 558 1088 venatoriis,
578 1025 614 1074 aa¹
635 1013 755 1075 adiuto—
796 1012 888 1088 misit,
907 1013 932 1074 si
947 1015 1105 1092 praecepta
1121 1013 1271 1101 seruaret:
1292 1005 1431 1069 Perse-

157 1090 240 1153 ribus
254 1093 419 1154 venationis
433 1095 521 1156 sociis
536 1098 755 1160 tercentasrul·
794 1105 923 1175 quentia
945 1095 1075 1175 quinque
1095 1093 1130 1154 dr
1150 1098 1262 1186 ceant·
1281 1098 1434 1154 uentum

156 1176 356 1256 pesccperit;
376 1177 481 1240 nullibi
500 1179 579 1240 enim
599 1181 754 1259 legitema
793 1181 924 1257 alanos,
943 1188 971 1242 ct
994 1185 1110 1240 marom
1135 1173 1171 1236 dc
1195 1175 1277 1236 vobio
1302 1175 1433 1238 decenn

155 1255 298 1320 Sarusoue
313 1261 388 1335 solo,
405 1270 456 1324 aut
473 1262 550 1326 intra
566 1283 658 1326 unum
674 1266 753 1328 diem
793 1265 910 1340 mallim
924 1271 956 1325 et
972 1262 1058 1324 iosus
1075 1257 1185 1354 XXlll,
1205 1258 1255 1322 ltt:
1279 1257 1393 1353 dim
1414 1278 1435 1322 e

156 1341 188 1403 id
208 1341 317 1404 lactum
336 1362 420 1421 csse,
440 1365 537 1427 neque
555 1349 653 1410 obstat
671 1347 753 1411 Scri·
793 1350 873 1412 uobis
885 1354 1078 1428 peraequatur
1094 1345 1222 1408 bostrum
1243 1341 1343 1404 malle
1371 1346 1433 1407 vi-

155 1433 243 1506 ptura
267 1424 628 1512 Samsonicaptasvnlpcs
642 1432 754 1496 adscri—
793 1449 859 1508 roa,
879 1433 950 1512 qnia
971 1430 1116 1492 Dominae
1133 1427 1212 1488 Deos
1226 1435 1339 1488 nemer
1357 1446 1433 1507 pro

154 1509 241 1585 bens;
259 1530 327 1572 nam
345 1513 424 1593 quod
441 1515 508 1594 quis
527 1534 580 1596 pcr
596 1517 686 1578 alium
705 1517 752 1580 sa·
791 1519 870 1580 nobas
891 1517 953 1596 ipsc
966 1513 1131 1595 papnubil,
1151 1511 1227 1572 sicut
1241 1511 1432 1588 12⁰1&le

154 1592 205 1667 cit,
221 1593 251 1654 id
266 1606 405 1658 censetur
419 1598 482 1678 ipse
499 1599 608 1663 lacere.
625 1597 687 1681 Ope
702 1597 752 1664 be·
792 1611 843 1664 eat.
859 1635 901 1647 -
914 1600 948 1663 ln
962 1619 1040 1680 aqua
1057 1615 1092 1659 ex
1110 1593 1229 1658 maxilla
1241 1595 1434 1674 profluen-

153 1676 277 1740 stiarunr
305 1687 403 1742 autern
428 1679 551 1745 Samson
572 1683 627 1745 boc
645 1685 751 1747 incen-
791 1693 820 1746 te
838 1695 918 1747 certe
933 1683 1060 1745 occurrit
1079 1679 1276 1754 miraculum
1298 1697 1431 1761 neque

153 1761 235 1822 dium
255 1761 448 1826 disseminare
464 1768 578 1842 maluit,
594 1787 682 1848 qnam
699 1769 752 1830 ho·
790 1769 851 1830 ulla
878 1768 1063 1849 implicantis
1086 1772 1138 1825 aut
1166 1761 1432 1842 impossibilitas

153 1845 361 1927 minum,quia
372 1850 414 1910 sic
426 1848 525 1926 citius,
537 1859 565 1912 et
579 1852 691 1916 minore
704 1855 750 1917 sui
790 1853 879 1914 lruins
894 1850 1030 1914 miraculi
1046 1849 1086 1916 ab¹
1098 1845 1259 1910 incredulis
1277 1851 1430 1912 ostendi

153 1947 310 1992 suorumve
327 1932 474 2015 periculo,
489 1934 647 1998 rotilrebat
665 1956 750 2000 com-
791 1945 899 2018 potest.
919 1936 952 1999 ln
970 1933 1148 1998 declarando
1174 1937 1273 1992 autern
1300 1933 1438 1995 mira-·

152 2032 217 2094 pos.
234 2013 276 2076 Eu
291 2014 392 2077 bestiis
407 2035 475 2079 vero
490 2019 628 2082 omnibus
643 2022 749 2084 merito
790 2021 856 2082 culo
864 2021 1042 2101 interpretes
1052 2014 1240 2080 dissentiunt.
1249 2011 1430 2081 Nonnulli

152 2097 232 2158 visae
256 2106 325 2159 sunt
348 2100 518 2180 aptissimae
539 2105 659 2184 vulpes,
680 2107 750 2187 quia
789 2123 856 2166 curn
871 2101 1164 2182 dometiooLopide
1179 2105 1300 2179 pulflssb
1317 2104 1435 2182 qfl0d‘

153 2179 308 2260 oblongius
321 2182 453 2264 ipsorum
468 2187 564 2248 cauda
582 2189 692 2269 optime
706 2189 749 2252 ia·
789 2208 867 2270 aqua
881 2207 916 2250 er
929 2197 1021 2264 terra,
1036 2187 1068 2248 in
1083 2202 1172 2268 quarn
1188 2181 1321 2244 Samson
1344 2205 1430 2248 rna-

152 2264 236 2327 cibus
262 2266 428 2329 deferendis
452 2269 594 2333 inservire
619 2282 746 2354 poterat,
787 2273 886 2334 xillarn
900 2271 976 2334 asini
991 2271 1168 2352 proiecerat,
1183 2283 1363 2346 erumpens
1382 2272 1426 2332 in

152 2368 226 2429 quas
244 2349 402 2413 adnectere
418 2353 477 2414 illis
489 2355 619 2434 uolebat;
635 2367 664 2419 et
679 2360 749 2439 quia
789 2357 937 2419 maxillam
951 2355 1103 2437 perhuius
1114 2353 1232 2414 dentem
1245 2353 1425 2416 molarem

152 2432 254 2496 eadem
274 2433 415 2497 animalia
435 2437 547 2515 ignium
568 2451 638 2502 sunt
653 2443 748 2502 mari·
788 2440 973 2516 scaturierit,
993 2447 1056 2516 aut,
1076 2456 1144 2500 cum
1162 2437 1258 2499 adhuc
1282 2435 1335 2496 ibi
1358 2438 1427 2500 ia—

152 2535 200 2578 me
219 2519 393 2596 metuentia,
410 2529 438 2581 ct
456 2523 581 2602 pedibus
594 2525 748 2587 velocissi-
788 2533 869 2587 caret
892 2525 1011 2586 asinina
1033 2523 1172 2598 maxilla,
1193 2540 1226 2582 ex
1246 2519 1303 2579 hac
1335 2524 1425 2586 sola

152 2617 211 2677 ma,
228 2619 402 2683 semperque
417 2604 471 2666 bac
485 2607 552 2669 illac
567 2607 687 2690 oblique
702 2611 748 2672 le·
789 2609 924 2671 durent:
948 2609 1014 2690 ipsa
1037 2625 1105 2669 vero
1128 2613 1195 2686 post
1216 2610 1373 2698 remota,
1402 2628 1427 2670 e

152 2695 267 2762 cuntur,
284 2688 386 2768 sicque
400 2708 470 2767 prae
484 2692 590 2754 ceteris
607 2692 748 2754 animali·
789 2701 867 2754 terra
884 2692 1017 2774 coeperit
1034 2690 1191 2752 scaturire.
1211 2687 1269 2750 niu
1288 2697 1424 2753 autern

152 2767 208 2850 bus
226 2771 331 2832 melius
346 2773 747 2855 llarnrnasperPlrilisthino-
788 2797 855 2838 curn
872 2778 1001 2841 Calmclo
1015 2775 1129 2850 dicunt,
1148 2773 1329 2854 quodaqua
1350 2795 1429 2855 per·

151 2871 215 2914 rum
234 2873 319 2932 agros
338 2855 531 2920 disseminare
547 2869 749 2940 poterant.--
789 2861 962 2922 miraculum
990 2860 1096 2921 educta
1120 2857 1210 2919 suerit
1233 2875 1269 2916 ex
1292 2868 1423 2938 petra,

150 2934 251 3008 Quoad
270 2941 440 3016 secondom,
466 2941 553 3019 asini,
573 2944 616 3005 uti
642 2963 747 3023 magna
788 2945 836 3006 cni
859 2965 968 3007 nomen
983 2947 1055 3007 dana
1074 2941 1243 3006 mucilluria
1259 2939 1425 3006 inditum

150 3021 262 3084 babent
285 3023 417 3104 duraque
440 3026 554 3107 capita,
573 3027 615 3088 sic
634 3038 663 3090 et
681 3049 747 3090 ma·
788 3029 855 3105 luit,
873 3039 902 3090 et
920 3049 955 3091 ex
969 3047 1028 3108 qua
1046 3034 1150 3109 postea
1163 3026 1229 3087 fons
1246 3030 1425 3104 perennis

150 3104 245 3181 uillas,
262 3109 433 3188 praesertim
452 3109 483 3170 in
498 3109 592 3191 Syria,
609 3111 661 3174 ubi
679 3122 748 3175 sunt
788 3114 930 3174 manavit.
940 3112 983 3174 lta
993 3112 1169 3174 miraculum
1179 3108 1336 3187 explicant
1353 3131 1428 3189 pa-

149 3189 321 3265 grandiores
343 3200 372 3264 et
394 3192 531 3256 fortiores
553 3196 745 3260 nostratibus.
789 3197 938 3278 rapbrasis
951 3195 1182 3270 chaldaica,los.
1192 3193 1318 3256 Flauiam
1335 3195 1422 3274 (Ξ),

150 3272 282 3349 Accedit,
302 3276 381 3354 quud
401 3278 519 3340 maxilla
535 3279 586 3340 illa
605 3281 694 3342 luerit
713 3301 748 3343 a·
789 3281 998 3361 paraphrastes
1012 3280 1177 3353 Ionatham,
1196 3285 1225 3338 et
1242 3275 1426 3356 interpre-

150 3355 207 3416 sini
227 3357 305 3418 baud
321 3359 363 3419 ita
378 3361 490 3438 pridem
508 3365 627 3440 mortui,
645 3374 677 3426 ut
693 3385 748 3445 pa·
789 3374 833 3426 tes
844 3364 978 3446 plurimi,
989 3365 1060 3445 quia
1070 3381 1175 3444 aspera
1187 3369 1216 3422 et
1227 3373 1423 3442 praerupta

148 3439 299 3519 raphrasis
317 3442 468 3505 chaldaica
486 3435 592 3522 babet,
614 3449 748 3529 adeoque
789 3467 858 3510 sara
884 3467 973 3529 saepe
1000 3447 1077 3529 apud
1104 3445 1253 3507 Hebraeus
1283 3443 1425 3510 dentes

150 3523 245 3602 magis
260 3533 345 3586 tenax
363 3535 393 3588 ct
411 3529 508 3590 minus
522 3531 645 3608 fragilis,
658 3552 746 3613 quarn
788 3542 942 3608 vocantur,
963 3539 995 3593 ut
1010 3531 1023 3592 l
1040 3531 1111 3608 ch.
1133 3549 1160 3591 c.
1180 3525 1254 3601 XIV,
1271 3547 1302 3587 v.
1327 3529 1352 3589 4
1375 3545 1425 3596 et

149 3605 294 3668 siluisset
309 3610 456 3672 exsiccata
469 3623 498 3673 ct
512 3615 605 3676 arida.
622 3616 684 3677 Hoc
698 3617 748 3677 in·
789 3617 826 3693 53
842 3617 894 3679 lob
912 3615 1039 3692 XXXIX,
1056 3616 1108 3677 28.
1119 3611 1252 3684 -Quou
1267 3614 1423 3680 tertium

149 3707 240 3772 super
253 3691 354 3754 habito
368 3697 542 3759 naturaliter
550 3699 594 3767 vir
607 3701 671 3762 fieri
684 3709 749 3782 pot·
789 3702 905 3777 attinet,
916 3699 1134 3762 observandum
1148 3707 1204 3774 est,
1213 3695 1421 3762 Samsonem

148 3784 230 3851 erat,
251 3785 285 3837 ut
305 3774 430 3840 Samson
452 3799 511 3842 una
530 3785 649 3846 maxilla
667 3784 748 3847 occi·
790 3787 942 3847 oculorum
954 3781 1268 3856 luminearbatmn,ct
1280 3781 1319 3840 ad
1336 3801 1427 3845 rna-

151 3858 235 3921 deret
253 3861 335 3922 mille
352 3859 447 3940 viros;
469 3867 522 3928 sed
538 3867 590 3929 Dei
610 3869 702 3931 virtus
721 3869 749 3930 ei
789 3870 896 3929 rimam
908 3869 1058 3930 miseriam
1069 3868 1220 3928 redactum
1233 3863 1348 3926 seriam
1362 3867 1423 3932 de

150 3943 254 4022 adluit,
272 3964 348 4026 quac
368 3957 396 4009 ct
416 3951 562 4012 maxillam
582 3952 613 4013 in
628 3973 681 4014 sno
698 3972 749 4014 ro·
791 3953 918 4034 peccatis
935 3953 997 4014 suis
1012 3951 1223 4033 poenitentiam
1238 3948 1355 4026 egisse,
1371 3964 1423 4014 et

149 4026 222 4089 bore
236 4032 431 4109 conservavit,
442 4043 474 4096 ut
489 4045 532 4097 tot
545 4035 654 4097 ictibus
666 4037 750 4098 allisa
790 4037 867 4118 apud
887 4037 978 4098 Deum
996 4034 1227 4098 misericordiam
1243 4029 1425 4096 obtinuis-

150 4109 232 4174 duris
260 4117 436 4195 corporibus
462 4138 522 4180 non
548 4128 748 4200 rumperetur,
790 4141 833 4183 se.
850 4119 990 4192 Quamvis
1005 4129 1103 4181 autern
1120 4119 1149 4179 in
1163 4119 1228 4178 lusa
1241 4116 1277 4176 ad
1295 4115 1421 4182 Deum

180 4239 212 4296 μ,
228 4246 290 4289 conr.
303 4243 326 4302 2,
340 4244 376 4290 45·
393 4245 477 4294 roien.
488 4258 508 4292 c.
521 4249 545 4306 ὅ,
559 4258 580 4292 v.
597 4247 634 4306 ,03
649 4251 704 4304 m·
713 4251 751 4310 ,δ’
791 4205 1070 4266 orationevideatur
1080 4203 1223 4284 privatam
1239 4199 1277 4261 de
1293 4197 1422 4264 busti·-

150 4309 171 4345 r.
188 4300 212 4345 d.
819 4311 851 4370 12)
865 4310 893 4356 ιζ
903 4311 916 4356 5
927 4311 998 4368 antiq.
1014 4308 1074 4369 lud,
1083 4321 1105 4356 c.
1121 4309 1154 4356 10.
