2918 4734
202 143 263 210 Idd
460 172 463 178 ,
621 155 807 204 nonencorte
824 155 986 204 serenans

205 241 271 306 Odi.
287 239 319 303 9.
336 235 525 315 uotiuum,
540 236 693 300 sdicitur:
707 237 763 301 Ac·
781 237 785 297 l
802 237 833 300 in
856 238 961 300 ultima
983 255 1078 302 cocnn
1101 255 1210 318 agnum
1236 233 1406 320 paschalem

159 326 245 390 cessit
261 325 300 388 od
317 342 382 387 enm
398 323 555 388 Centurio:
567 329 597 384 et
610 321 684 384 Luc.
697 319 761 400 llll,
802 323 1019 386 manducasse:
1039 323 1166 386 loannes
1187 341 1254 384 sucro
1272 341 1299 382 c.
1324 319 1406 394 xut,

161 411 182 474 3
199 410 236 474 de
254 408 359 470 eodem
374 406 553 482 Centurione
567 406 684 484 legitur:
698 407 762 472 Mi·
802 426 829 470 v.
844 408 858 468 l
875 407 977 484 refert,
994 407 1023 470 id
1042 406 1153 469 lactum
1169 425 1234 469 esse
1247 413 1317 469 onte
1331 405 1406 468 diem

160 495 200 558 sit
219 493 259 556 od
280 509 348 555 enm
367 493 498 555 seniores
515 491 714 564 Indaeorum
733 498 763 552 et
801 491 910 570 festino
925 492 1055 554 Paschae
1062 514 1077 566 ;
1093 499 1122 554 et
1140 511 1168 554 c.
1188 489 1296 566 XVIII,
1316 507 1345 550 v.
1368 489 1405 549 ιι

160 597 190 642 ιι.
207 579 238 640 o:
255 577 337 640 misit
354 577 474 640 amicos.
487 611 528 624 -
541 573 644 636 lIatth.
658 573 708 650 III,
722 575 761 636 18
801 575 910 656 inquit,
920 574 1045 638 Iudaeos
1055 594 1113 637 non
1127 575 1266 637 introisse
1279 573 1310 634 in
1323 591 1407 654 proc·

159 661 302 741 Princeps
319 657 488 741 synagogae
512 658 601 722 dicit:
620 659 758 734 Dome‘nc,
796 661 924 735 lorium,
941 677 979 722 ne
992 660 1284 734 contaminarentur,
1304 659 1358 720 sed
1375 669 1405 720 nt

157 747 224 894 CM
236 761 302 807 neec
316 746 400 808 nmdo
414 746 616 825 defunctnest:
628 741 757 805 etldarc.
800 744 1015 808 munducarent
1032 745 1168 808 Posoho:
1192 743 1254 804 lmo
1274 761 1301 804 c.
1322 741 1404 818 XIX,

185 829 255 908 ,23
272 827 390 890 dicitur:
409 828 627 908 Deprecohntnr
648 826 759 890 dicens:
800 847 828 888 r.
855 828 895 889 ll
920 828 1009 890 dicit:
1031 829 1107 892 IIrnt
1131 835 1230 890 nutent
1250 843 1406 906 perurerer

157 911 301 994 pnoetioni
311 913 374 993 filiu
385 929 449 976 naec
461 914 494 974 in
506 911 646 974 octennis
663 919 760 974 ost-
798 913 937 990 Paschae,
953 930 1021 974 cum
1033 911 1301 976 PilatusChristum
1316 914 1403 972 morti

155 996 259 1064 Matth.
280 995 323 1070 II,
344 997 384 1059 tu
401 995 532 1058 Christus
555 993 699 1076 praecipit
716 994 758 1056 h·
798 995 921 1058 addixit.
942 995 1050 1077 Aperta
1068 996 1158 1074 igitur
1176 995 1255 1060 iuter
1270 993 1404 1074 Evange-

156 1080 294 1162 postolis,
314 1098 352 1143 no
368 1076 494 1143 hohodnt
509 1096 612 1158 perum
629 1079 663 1140 in
680 1079 730 1141 oio
743 1114 758 1127 -
797 1080 881 1142 listas
899 1081 1094 1142 contradictio
1112 1080 1251 1142 hahetur.

155 1183 252 1246 neone
270 1165 401 1246 oirpnm:
419 1172 449 1226 et
465 1161 555 1226 ldarc.
569 1160 618 1239 vl,
642 1163 660 1224 8
679 1163 757 1226 idem
847 1165 934 1245 Resp.
959 1163 1032 1226 Tres
1055 1164 1169 1246 priores
1194 1162 1403 1242 Evangelistnc

151 1248 365 1330 proempiteis,
376 1249 496 1328 nequid
507 1249 642 1311 tollerent
653 1247 755 1323 ionio,
797 1247 962 1330 loquuntur
973 1248 1010 1310 de
1023 1248 1070 1310 die
1085 1247 1237 1326 religioso,
1252 1248 1303 1329 qui
1319 1265 1402 1309 com·

155 1334 478 1413 nisiuirqumtontnm.
490 1331 758 1394 Noumeistaesunt
796 1340 919 1413 putatur
938 1351 955 1394 a
972 1332 1102 1413 vesperis
1124 1351 1219 1413 usque
1237 1333 1274 1393 ad
1292 1351 1400 1412 vespe·

154 1416 405 1480 contradictiones
421 1417 567 1498 apertae?
795 1435 866 1478 ras:
893 1416 1021 1479 Ioannes
1044 1435 1113 1478 uero
1139 1415 1273 1496 quuitur
1288 1415 1328 1476 de
1351 1417 1402 1477 die

206 1502 292 1580 noo.
319 1499 406 1563 Nulla
430 1501 508 1563 Inter
529 1501 635 1564 citatos
661 1507 756 1562 textus
796 1501 944 1577 ummah,
972 1500 1023 1582 qui
1047 1509 1238 1580 computatur
1259 1520 1276 1560 a
1300 1500 1402 1560 media

154 1583 350 1648 contradictio
373 1584 532 1647 iuvenitur.
552 1583 625 1646 Nam
644 1583 754 1646 Contu·
794 1592 881 1647 nocte
896 1604 990 1666 usque
1005 1585 1042 1646 ad
1062 1584 1189 1646 mediam
1209 1591 1340 1658 noctem,
1355 1587 1400 1645 uel

152 1669 198 1730 rio
215 1668 344 1749 prImnm
359 1666 494 1744 Iudaeos,
509 1668 578 1730 dein
593 1668 705 1730 amicos
718 1669 754 1730 ad
795 1668 832 1730 ab
852 1678 917 1731 ortu
936 1669 1008 1731 solis
1027 1687 1120 1749 usque
1139 1667 1176 1730 ad
1195 1686 1347 1729 occasum:
1370 1688 1399 1730 c.

152 1751 299 1814 Christum
325 1754 496 1835 praemisit,
516 1761 549 1814 ut
570 1750 665 1814 Lucas
682 1770 754 1814 nar·
794 1751 902 1830 XVIII,
920 1772 949 1815 u.
970 1753 1010 1814 28
1029 1771 1083 1834 per
1100 1753 1213 1816 Poschu
1230 1771 1289 1813 nnn
1305 1751 1401 1814 Intel-

151 1846 210 1914 rat3
229 1857 263 1898 ac
277 1837 397 1899 demum
417 1837 480 1918 ipse
496 1837 532 1898 ad
544 1835 691 1898 Christum
706 1854 755 1898 ac·
794 1836 895 1915 ligitur
913 1856 1007 1916 agnus
1026 1836 1184 1918 paschalis,
1200 1836 1251 1896 sed
1270 1835 1330 1896 cibi
1347 1856 1402 1916 pa-

151 1922 261 1998 cessit,
285 1930 318 1982 ut
341 1919 506 1983 Matthaeus
530 1921 642 1983 relert:
670 1920 754 1982 cuius
793 1922 921 1998 salsatos,
940 1941 993 1984 seu
1013 1921 1128 1982 hostiae
1146 1920 1299 2000 pacificae,
1319 1939 1400 2002 quac

151 2005 751 2086 narratio‚utnnouetS.Anpetstinns(l),
792 2024 847 2086 per
864 2017 976 2088 septem
995 2005 1059 2066 dies
1076 2004 1323 2079 Immolahantnr,
1342 2005 1398 2067 sed

150 2105 220 2150 nera
242 2097 330 2162 esset,
350 2089 467 2152 etiamsi
484 2087 625 2152 Centurio
644 2089 752 2150 iinme-
793 2090 830 2152 nh
855 2089 1019 2155 immundIs
1044 2089 1123 2150 licite
1147 2107 1206 2149 non
1227 2087 1399 2150 ntotiduca·
1451 2089 1452 2092 ’

150 2171 231 2234 diate
251 2172 287 2234 ad
306 2171 455 2235 Christum
481 2191 541 2234 non
565 2172 749 2248 accessissem
793 2173 912 2236 bantur:
923 2191 1078 2254 purascere
1088 2171 1294 2253 appellabatur
1306 2191 1401 2253 quae·

150 2256 296 2338 quidquid
316 2257 396 2319 enim
415 2257 524 2337 aliquis
542 2245 596 2337 pier
612 2276 752 2338 procura·
792 2259 866 2320 lihet
880 2268 960 2320 sexta
976 2257 1181 2319 hebdomadae
1196 2255 1271 2329 dies;
1284 2255 1399 2319 dicitur
1451 2257 1452 2266 ³

150 2347 246 2402 torem
263 2341 344 2411 lacit,
363 2347 442 2402 recte
459 2341 568 2402 diritur
583 2348 613 2402 ct
630 2341 693 2422 ipse
708 2341 753 2403 le·
791 2351 890 2404 autem
912 2363 928 2403 a
947 2342 1058 2404 Ioanne
1079 2357 1234 2421 purascere
1250 2341 1396 2418 Poscitur,
1451 2357 1452 2368 ¹

148 2423 237 2486 cisse.
260 2459 302 2470 -
323 2423 399 2486 llum
417 2424 559 2506 Priuceps
581 2423 750 2507 synagogae
791 2427 860 2506 quia
885 2427 940 2490 hoc
961 2443 1040 2489 anno
1064 2425 1295 2492 coinciditcum
1317 2425 1396 2488 lesto

148 2507 187 2568 ad
205 2507 353 2570 Christum
373 2509 466 2584 venit,
486 2509 547 2571 solie
564 2509 659 2592 ipsius
676 2529 751 2571 nun·
789 2509 934 2586 Paschae,
950 2511 1027 2571 sicut
1045 2528 1124 2571 nnnc
1142 2529 1159 2570 a
1180 2507 1266 2569 nubis
1282 2508 1397 2570 dicitnr

147 2589 224 2652 dum.
239 2601 372 2669 mortua,
391 2593 442 2658 sed
466 2593 497 2654 in
515 2594 653 2656 extremis
671 2603 746 2672 crat3
788 2593 944 2658 Dominica
957 2592 1174 2660 pascimusha
1191 2594 1398 2656 corrrmuniter

140 2676 217 2738 ‘mus
237 2675 335 2738 autem
355 2677 431 2756 patri
449 2677 623 2739 nunciatum
642 2687 698 2753 cst,
715 2681 749 2738 h-
789 2679 932 2758 Theologi
967 2675 1149 2759 propositam
1185 2676 1392 2738 difficultatem

146 2757 218 2822 liam
238 2761 406 2822 defunctam
423 2781 500 2838 esse,
515 2781 549 2823 ac
564 2761 630 2823 ideo
650 2761 748 2824 denuo
788 2759 949 2825 solverunt.
975 2763 1167 2824 Recentiores
1187 2779 1257 2822 uero
1283 2759 1394 2823 ohser-

146 2841 294 2907 Christum
313 2845 523 2926 interpellavit,
539 2854 571 2906 ut
585 2845 748 2909 Matthaeus
790 2857 912 2923 varunt,
932 2848 1011 2927 apud
1029 2847 1155 2909 ludaeos
1177 2853 1244 2926 post
1262 2845 1394 2924 captivi-

145 2935 292 2991 testntnr:
323 2938 454 2991 ceterum
484 2939 600 3011 poterat
622 2930 748 2992 alllictus
789 2941 878 2994 tatem
894 2932 1097 3012 babylonicam
1114 2949 1200 2992 usum
1216 2929 1391 3006 invaluisse,

144 3021 231 3093 pater
248 3013 338 3076 etiam
357 3013 422 3074 sine
442 3013 551 3076 nuncio
570 3023 690 3094 accepto
710 3035 747 3076 u·
764 3022 765 3025 ’
783 3025 820 3089 ,ιιι
846 3018 921 3078 leste
946 3034 1099 3096 nunquam
1125 3014 1299 3075 immediate
1320 3023 1393 3076 ante

144 3106 286 3176 trumque
308 3097 345 3158 de
363 3097 535 3174 agonisante
555 3097 615 3159 hlia
636 3098 745 3162 dicere:
788 3101 832 3162 vel
852 3109 918 3182 post
932 3100 1088 3162 sabbatum
1102 3098 1337 3173 celebrarentur,
1353 3118 1392 3160 ne

144 3188 207 3240 tum
226 3182 261 3242 in
285 3182 505 3258 extremiscit,
529 3192 590 3244 tum
610 3183 748 3262 destructo
787 3184 846 3246 duo
876 3193 1086 3246 concurrerent
1109 3183 1194 3257 dles,
1218 3182 1249 3241 in
1278 3182 1392 3261 quihus

144 3271 201 3336 enh·
209 3264 306 3325 solent
318 3264 410 3336 cuiun,
421 3274 454 3327 ut
463 3265 599 3329 observat
607 3267 639 3331 S.
655 3267 749 3349 Chry·
788 3268 996 3330 abstinendum
1014 3267 1145 3330 essetab
1164 3265 1305 3346 operibus
1321 3283 1390 3326 ser·
1451 3269 1452 3276 ’

144 3355 299 3422 nocturnos,
315 3347 414 3410 pnlseri
433 3369 592 3426 aerumnas
606 3372 675 3414 suas
690 3373 747 3415 au·
786 3353 905 3430 vilibus,
926 3353 1016 3432 idque
1034 3351 1180 3432 imprimis
1199 3359 1320 3430 propter
1337 3368 1390 3411 se-

144 3448 213 3508 gere
238 3439 268 3492 et
295 3431 476 3496 calamitates
498 3454 694 3513 exaggerare,
715 3446 748 3499 ut
788 3439 935 3516 pnltnram
964 3445 1148 3498 mortuorum
1172 3434 1282 3495 lnctnm
1308 3452 1387 3496 esse.

143 3513 263 3576 facilius
279 3535 378 3598 opem,
396 3523 484 3598 quhm
501 3521 672 3599 implorant,
686 3520 747 3582 im·
787 3521 899 3594 Exinde
918 3531 1001 3582 ortne
1018 3529 1087 3581 sunt
1105 3519 1224 3596 regulae
1238 3517 1390 3598 quaedam

146 3607 274 3679 petreut.
288 3599 504 3664 -hlatthaeus
519 3602 685 3665 litteraliter
696 3623 748 3684 per
788 3603 988 3676 translationis
1007 3605 1170 3678 Iustorum,
1189 3621 1266 3682 quae
1288 3603 1390 3664 adhuc

142 3683 260 3765 uirqom
274 3684 533 3764 intelligitvirgam
547 3687 744 3750 defensoriam
787 3688 945 3752 hodiedum
970 3709 984 3750 o
1011 3687 1155 3750 Ilahhinis
1179 3687 1387 3748 observantur.

131 3785 195 3849 rseu
224 3768 472 3846 nindIcatoriam,
496 3789 584 3849 quam
612 3770 746 3835 Christus
786 3767 1391 3851 IgiturcumPasclrneoanno,quoCl1ri-

139 3860 221 3914 uetat
240 3853 401 3932 Apostolis:
420 3851 534 3914 Marcus
550 3873 618 3916 vcro
639 3856 748 3933 intelli-
786 3865 849 3918 stus
873 3868 1007 3920 mortuus
1031 3867 1097 3932 est,
1117 3856 1147 3917 In
1171 3855 1249 3916 diem
1271 3854 1390 3916 renueris

140 3935 184 4012 git
207 3931 317 4014 simam
343 3935 494 3998 uiatoriam
516 3956 570 3998 seu
594 3939 743 4016 liaculum,
786 3941 956 4018 incidisset,
979 3943 1057 4002 insuta
1077 3957 1188 4001 murem
1210 3939 1268 3998 iam
1288 3938 1389 3999 intro-
1451 3975 1452 3980 ι

142 4020 190 4080 cui
208 4038 354 4100 pauperes
370 4018 455 4082 Inniti
472 4022 568 4084 solent
584 4022 612 4083 in
626 4024 670 4085 rin
683 4026 743 4105 (⁶2).
785 4024 906 4088 ductum
926 4027 1098 4107 insequens
1116 4023 1273 4085 sabbatum
1290 4032 1391 4084 trans-

110 4141 118 4157 ι
188 4103 252 4166 Oht'.
269 4101 746 4183 IO.·'l'resEvangelistnctestnn-
785 4111 876 4170 latum
903 4118 958 4172 est.
984 4109 1117 4172 Christus
1142 4127 1229 4186 ergo,
1256 4106 1390 4188 quihus

144 4185 367 4258 amethistum
383 4189 485 4268 priom
506 4193 554 4254 die
568 4209 746 4272 ozpnmrmn
785 4194 1024 4274 dispensatione,
1045 4195 1089 4256 νει
1113 4194 1210 4274 potins
1228 4189 1391 4254 hahbino·

173 4291 208 4351 ll)
221 4291 244 4338 t.
254 4291 270 4334 2
281 4293 310 4339 de
324 4305 391 4342 cous.
405 4295 455 4356 Em,
465 4309 484 4343 c.
499 4296 538 4346 20.
712 4329 714 4336 1
814 4301 845 4354 (2)
861 4300 894 4348 Cl.
905 4302 996 4348 cornel.
1012 4301 1092 4362 clap.
1107 4301 1131 4346 in
1144 4299 1223 4347 ntattu.
1239 4293 1276 4346 id.
