2928 4734
441 163 514 210 rans
531 163 564 210 ιι.
583 161 685 212 secate
702 163 736 210 ιι.
754 161 848 210 carun
865 161 916 220 ιι.1
1183 141 1242 204 ιιι

60 265 137 330 qnae-
146 245 346 330 praecedebat
360 250 456 308 castra
473 277 489 292 ·
507 241 648 308 israelitis
687 243 831 308 miracula
844 241 945 319 tuisse,
963 249 993 304 et
1007 243 1104 323 ipsum
1119 237 1286 313 denumer-

57 331 158 408 lucem,
172 329 362 412 etlleapptiis
376 328 513 394 tenebras
530 327 646 403 offudit,
688 325 885 390 traordinariu
903 327 989 388 ruodo
1010 332 1158 404 agentern,
1180 332 1286 386 aucto·

57 425 162 478 etcum
181 413 294 496 lloyses
312 433 348 476 ex
364 413 500 474 mandato
514 411 567 474 Ilei
587 430 650 474 ma·
688 430 750 475 rent
769 411 924 486 habuisse,
938 407 1172 472 luculentissime
1187 415 1287 470 osten·

54 519 119 562 oum
138 518 232 580 super
245 517 326 560 mare
343 497 486 572 extendit,
501 497 596 560 diuisa
607 503 648 560 eat
688 495 718 558 di
734 503 840 576 potest.
860 494 927 575 Ipsa
944 493 1023 556 enim
1046 493 1157 557 occasio
1173 499 1202 552 et
1216 492 1287 572 finis
1306 527 1310 534 ·

54 601 135 662 carre,
150 592 179 646 ct
198 582 326 664 ittpressi
342 589 413 644 sunt
425 581 482 661 atti
495 581 650 660 lsrcdlper
688 588 846 642 eventuum
871 576 1066 656 singularium
1094 576 1131 638 ad
1156 574 1302 638 divinam·

54 669 176 730 medium
193 667 263 730 sicci
282 666 388 738 muria·
401 658 465 728 erut
478 665 559 728 euim
571 681 650 742 opatu
688 663 793 744 Moysis
810 660 992 724 vocatiouem
1020 659 1233 723 ostendendam
1257 666 1289 720 et

53 753 133 831 perusi
149 769 259 814 murus
275 769 295 814 c
311 751 417 824 declae
433 765 536 812 ccrttm
550 757 577 812 et
590 749 649 810 luc·
689 748 725 810 ad
743 746 909 809 diuinorum
926 745 1131 808 mandatorum
1151 750 1286 806 cuntem-

54 853 95 898 cc.
113 833 263 913 Ingressis
281 842 381 898 autem
399 832 559 914 Aegyptiis,
580 849 648 893 cum
690 840 751 893 turn
770 831 801 892 in
819 830 972 893 Pharaone
986 828 1183 910 puniendum,
1198 844 1232 888 ae
1249 824 1289 888 ad

54 917 160 999 llopses
187 917 297 996 iterum
322 935 440 980 uranum
467 917 648 992 extenderet,
689 914 900 977 elusanirnum
916 913 1092 976 llectenduru
1108 909 1302 997 necessario-k

56 1021 204 1084 reuersum
228 1009 275 1064 est
301 1019 382 1072 mare
401 1000 436 1062 ad
457 1001 584 1081 priorem
603 999 650 1060 lo·
681 1017 755 1076 rum
768 1000 813 1060 rel
832 999 1070 1073 utilissimarum,
1085 998 1110 1060 si
1125 998 1214 1060 etiarn
1232 1013 1289 1066 na·

58 1105 134 1161 cum,
148 1095 180 1148 et
198 1085 360 1148 exercitum
380 1084 585 1166 defflptioruru
605 1102 652 1146 se·
692 1083 778 1148 turali
793 1081 880 1144 rnodo
892 1081 1031 1162 explicari
1042 1089 1174 1162 possent,
1190 1083 1290 1160 siugu-
1303 1137 1311 1168 x

58 1171 164 1252 pelirit.
186 1205 230 1216 -
247 1169 279 1248 d)
298 1170 333 1233 lc
352 1169 463 1232 deserto
484 1187 591 1246 magna
609 1166 652 1230 si·
692 1169 783 1229 lerem
803 1176 901 1228 tamen
923 1165 976 1228 llei
1003 1166 1240 1242 ordinationem,
1260 1174 1291 1228 et

57 1274 111 1332 gua
127 1255 329 1332 curntigerunt.
344 1252 487 1316 Columna
498 1251 587 1328 nubis
601 1270 654 1332 per
692 1251 850 1334 specialem
862 1249 1005 1312 inlluxum
1019 1249 1290 1323 innuunt.··0uod·

59 1339 132 1400 diem
146 1347 178 1402 et
198 1338 273 1401 lucis
290 1345 486 1418 pernoctem,
501 1335 552 1398 Ilei
566 1354 653 1416 prae·
693 1336 717 1404 si
731 1342 841 1398 cuturn
856 1343 1013 1397 eventuum
1026 1336 1219 1415 expendatur,
1232 1343 1291 1398 sta·

57 1423 147 1484 sentis
167 1430 200 1484 et
215 1421 395 1502 protegentis
409 1421 572 1501 symbolum
585 1419 651 1482 luit.
695 1419 746 1482 tim
761 1427 895 1500 apparet,
913 1417 980 1480 illos
999 1420 1174 1482 naturaliter
1194 1419 1290 1501 expli-

59 1541 95 1554 ·-
110 1506 222 1568 llanna
246 1506 370 1584 singulis
393 1505 497 1566 diebus
519 1501 550 1564 in
573 1511 655 1566 tanta
694 1503 754 1566 cari
770 1522 829 1564 uon
850 1521 948 1584 posse.
967 1501 1050 1567 licet
1071 1503 1151 1566 euim
1170 1524 1230 1568 nna
1247 1502 1291 1568 vel

59 1588 284 1670 copia'decidit,
298 1598 331 1650 ιιι
345 1587 379 1650 ad
399 1588 591 1650 saturandum
604 1607 656 1668 pu·
694 1589 787 1650 alteru
805 1587 890 1668 plaga
908 1606 943 1648 ex
960 1587 1057 1650 causis
1076 1607 1156 1652 mere
1169 1598 1292 1652 natura·

59 1675 159 1754 pulum
180 1674 340 1748 sufficeret,
359 1681 438 1734 serta
456 1691 525 1736 vero
545 1672 656 1734 lrebdo·
695 1672 773 1735 libus
787 1671 858 1734 oriri
875 1671 978 1751 possit,
993 1672 1106 1733 nullum
1126 1681 1293 1737 tamenet-

62 1760 163 1820 umdoe
178 1757 227 1818 die
246 1758 276 1818 in
294 1756 404 1838 duplici
425 1774 574 1834 mensura;
588 1766 656 1818 ante
696 1756 826 1838 emplum
839 1755 919 1818 aliud
931 1755 1051 1817 historia
1060 1757 1202 1833 ostendit,
1214 1756 1293 1837 quod

61 1852 156 1924 ortum¹
180 1841 252 1902 solis
275 1841 439 1918 colligenda
461 1841 517 1903 luit
532 1875 574 1886 -
592 1850 657 1920 pest
696 1841 798 1904 eadum
819 1839 968 1921 provincia
983 1839 1060 1905 iutra
1076 1841 1163 1906 breue
1179 1849 1294 1922 tempus

62 1925 99 1986 ll
118 1927 222 2002 horas,
238 1935 359 2006 excepto
377 1922 518 2000 subbato,
531 1943 656 2005 compu·
696 1933 825 2005 quatuor
841 1924 885 1986 rel
905 1941 955 1986 ser
979 1925 1231 1990 hebdomadarum
1249 1933 1295 1986 ,tot

63 2018 203 2072 trescens.
219 2043 262 2056 ·-
275 2009 387 2090 dquam
406 2008 517 2090 Moyses
534 2027 568 2070 er
588 2026 657 2089 per·
698 2008 871 2072 terribilium
889 2011 1039 2089 plagarum
1055 2010 1149 2086 serie,
1168 2027 1294 2089 quarum

64 2111 144 2156 cussa
160 2102 246 2174 petra
258 2093 360 2154 elicuit
372 2093 430 2172 (l).
443 2127 483 2138 --
497 2091 658 2154 Seditiosos
698 2093 779 2156 nulla
797 2094 919 2156 alteram
940 2103 1105 2174 praeparat,
1124 2094 1206 2156 nulla
1224 2094 1295 2155 alte-

64 2176 142 2253 Core,
157 2175 273 2240 Dathan
287 2184 315 2239 et
328 2176 439 2239 Abiron
457 2185 534 2238 terra
552 2175 658 2266 deglu-
697 2177 760 2238 rius
779 2187 936 2254 causaest,
951 2178 1078 2240 obdu'c'ta
1093 2178 1192 2240 luerit.
1207 2177 1296 2240 Prae*

66 2261 107 2321 tiit
124 2261 195 2340 (⁹2);
219 2261 285 2321 aliis
307 2260 395 2322 etiam
419 2260 480 2322 250
503 2261 658 2322 incensum
699 2269 780 2322 terea
790 2260 1026 2343 Moyseseusdem
1037 2261 1199 2342 stupendos
1209 2279 1297 2324 eretr-¹

67 2343 267 2417 offerentibus,
283 2352 313 2408 ct
325 2344 450 2425 insuper
462 2344 563 2406 talou
575 2362 658 2406 rnur-
700 2353 746 2430 tus
764 2347 861 2424 quoad
878 2347 961 2408 diem
975 2355 1005 2410 et
1018 2347 1120 2410 horam
1140 2346 1295 2427 praedixit,

67 2429 252 2492 morantibus
269 2428 406 2490 incendic
424 2428 598 2492 consumtis.
619 2461 660 2475 -
699 2437 729 2492 et
747 2427 852 2494 iterum
870 2431 928 2492 illis
947 2431 991 2493 vel
1011 2432 1078 2494 lusa
1096 2431 1132 2492 ad
1152 2429 1297 2496 [leemas

67 2512 149 2574 lliud
163 2531 284 2594 qnoque
297 2512 470 2574 miraculum
484 2531 500 2574 a
514 2513 661 2593 plerisque
700 2513 824 2588 ratione,
836 2515 880 2578 rel
896 2535 990 2596 pauca
1004 2516 1093 2578 verba
1108 2515 1296 2595 proterendo,

69 2597 244 2672 celebratur,
262 2596 376 2658 scillcet
393 2594 590 2658 israelitarum
609 2614 660 2658 re·
702 2598 744 2659 rel
764 2608 884 2662 extensa
897 2600 989 2678 virga,
1006 2600 1051 2661 rel
1066 2618 1168 2680 sparso
1182 2617 1234 2678 per
1245 2603 1296 2660 ae-

69 2689 126 2740 stes
142 2688 202 2741 toto
219 2699 255 2741 eo
273 2688 417 2761 tempore,
430 2700 489 2761 quo
503 2681 531 2740 in
545 2681 661 2742 deserto
702 2701 763 2744 rem
783 2681 881 2746 cinere
904 2685 992 2746 durem
1011 2683 1150 2764 imponit,
1169 2681 1297 2761 itaqui-

70 2771 311 2844 permanserunt,
330 2783 481 2844 nunquam
500 2765 592 2828 luisse
610 2784 662 2826 ve·
702 2766 768 2826 dem
782 2776 811 2824 ut
828 2769 955 2838 coelum,
972 2777 1061 2838 terra,
1081 2784 1161 2827 mare
1179 2774 1302 2835 tota-nm

70 2855 174 2912 tustate
191 2847 324 2922 detritas:
343 2847 431 2928 idque
449 2859 549 2930 aperte
564 2847 662 2925 colligi
679 2849 684 2913 l
699 2849 761 2899 lese
777 2847 880 2900 nalum
902 2848 997 2902 multu
1014 2857 1102 2902 unlus
1120 2845 1174 2899 llll
1197 2855 1301 2917 Ρθιθιθ

72 2949 154 3010 posse
173 2931 289 2994 ridetur
307 2951 341 2994 er
360 2929 456 2994 uerbis
479 2932 565 3012 Dent.
585 2930 662 3007 lllll,
678 2916 684 2950 ³
698 2923 858 2987 videretur.
882 2924 987 2988 Mirum
1010 2944 1128 3006 quoque
1144 2923 1189 2985 rel
1206 2923 1298 2987 maxi·

74 3015 105 3076 l:
128 3017 337 3078 Vestimeutum
354 3024 457 3090 turim,
477 3034 532 3096 quc
549 3017 663 3096 operia·
680 2951 747 3103 ime
760 3013 824 3089 luit,
846 3013 1009 3095 praedictas
1024 3013 1122 3094 plagas
1137 3011 1216 3074 solus
1238 3013 1297 3074 Ae·

73 3099 168 3175 luris,
187 3117 373 3178 recurrendum
390 3100 663 3180 eetrmtutedcsecit,
682 3102 811 3182 'gyptius
830 3101 971 3180 tetigisse,
993 3112 1023 3164 et
1045 3111 1153 3164 terram
1171 3099 1295 3178 Gessen,

73 3193 96 3249 ct
107 3202 153 3262 pes
164 3192 234 3246 tucn
245 3201 304 3246 noa
319 3192 358 3245 est
375 3185 530 3248 subtritam:
541 3202 577 3246 aa
589 3201 665 3263 pnu·
697 3209 784 3271 qnam
798 3189 948 3256 Isrettlitae
970 3191 1181 3262 inhabitabant,
1206 3192 1242 3252 alr
1258 3191 1295 3250 ll-

74 3267 253 3348 drupesiurus
270 3285 369 3330 enarre
383 3277 433 3330 est.
453 3266 515 3330 luno
530 3269 562 3332 S.
575 3270 665 3332 lusti·
708 3275 743 3334 tis
755 3273 1042 3353 penitusirurnunem
1056 3269 1212 3340 mansisse,
1225 3287 1303 3349 qoo-

74 3369 128 3414 ιιι
149 3353 193 3414 Μ.
218 3351 320 3426 addit,
340 3352 599 3432 restituendarum
619 3353 667 3414 iu·
709 3355 795 3418 modo
816 3355 843 3416 id
859 3355 1023 3428 dedecent,
1039 3353 1095 3416 silai
1115 3353 1302 3416 succedenti-

52 3455 56 3465 ι
75 3435 205 3520 rioribus
224 3435 363 3511 crevisse,
384 3455 440 3496 nou
461 3436 558 3498 nninus
579 3454 666 3517 quam
709 3442 775 3512 ltus,
797 3439 890 3520 plagis
909 3437 1081 3500 naturaliter
1095 3435 1328 3517 explicabitur‘l‘

77 3537 138 3580 curn
151 3519 283 3581 cochleis
294 3530 426 3601 crescant
437 3539 538 3582 eanum
550 3521 666 3582 dumus.
709 3559 750 3570 -
766 3522 847 3592 llu'ti
866 3524 985 3586 demunt
1013 3531 1136 3586 eventus
1157 3522 1222 3583 eius
1247 3521 1303 3581 iam

49 3601 51 3604 ’
77 3600 211 3664 Eiusdem
239 3603 299 3664 lere
324 3605 491 3681 opinionis,
512 3614 585 3666 teste
602 3604 669 3668 Cal·
710 3618 776 3670 sunt
795 3617 928 3680 naturae,
950 3614 1056 3668 utnon
1074 3607 1170 3668 solum
1189 3613 1306 3666 natura-

79 3697 143 3758 met,
157 3688 278 3748 luserunt
290 3685 320 3749 S.
334 3687 541 3770 Hieronymus,
553 3688 589 3750 H.
602 3687 673 3751 Gro·
712 3694 779 3754 liter
796 3691 938 3770 explicari
953 3711 1010 3754 nou
1029 3692 1154 3770 possint,
1166 3689 1216 3750 sed
1232 3686 1305 3763 legi-

80 3769 130 3833 lius
145 3779 176 3832 et
195 3771 245 3832 alii
265 3771 451 3852 interpretes,
465 3774 603 3834 licetnon
616 3772 671 3834 de·
713 3778 813 3846 busur
826 3784 910 3839 turae
928 3775 1049 3837 omuino
1067 3779 1242 3855 repugnent,
1265 3768 1325 3830 uti'

81 3854 130 3915 tint
146 3853 198 3936 qui
216 3855 333 3916 laudata
351 3855 571 3919 Detulerouumii
585 3855 673 3918 rerba
713 3867 821 3933 sputo.
840 3881 868 3937 p.
885 3859 977 3922 rubus
989 3859 1132 3922 ardensnt
1149 3875 1206 3918 non
1224 3870 1306 3914 cnut·

83 3933 271 4016 intelligenda
289 3948 393 4020 putant
409 3940 446 4002 de
466 3960 605 4003 nouarum
622 3959 673 4002 re·
714 3945 829 4017 lurstus,
843 3943 1005 4010 ,salutamen
1024 3960 1118 4021 auriae
1141 3940 1169 4000 in
1187 3933 1309 4010 sanaui-

82 4023 164 4083 stinrn
179 4024 365 4103 septimanas
381 4023 478 4085 divina
493 4024 674 4106 providentia
716 4046 781 4090 nem
799 4027 935 4102 mutatio,
953 4025 1070 4090 siccitas
1088 4025 1118 4084 in
1139 4021 1230 4084 ltrrrrlu
1246 4037 1313 4079 rua·

86 4101 222 4167 Israelitis
239 4107 438 4188 suppeditavit
455 4111 515 4187 (3).
535 4143 577 4154 -
716 4112 756 4175 ris
770 4119 801 4176 et
816 4131 894 4192 aqua
910 4129 964 4174 eeu
981 4127 1082 4170 rnurus
1100 4113 1198 4167 erecto
1215 4101 1311 4186 persi·

121 4189 151 4251 2.
172 4189 301 4278 Eretrtus
324 4191 410 4251 ruodo
431 4202 595 4272 enarratos
609 4210 676 4255 uera
746 4239 769 4287 ,5
792 4237 824 4284 c,
840 4237 967 4294 ,mm
979 4234 1054 4280 m
1066 4230 1140 4278 um„
1157 4231 1173 4276 t
1188 4227 1211 4288 t,
1227 4227 1318 4283 w„
1414 4203 1418 4216 ¹

113 4295 247 4356 (liliati.
332 4297 496 4357 (tlpllunnli.
715 4299 881 4346 etstnuota
984 4343 987 4350 ,

1205 4479 1231 4520 {2
