<?xml version="1.0" encoding="UTF-8"?>
<!DOCTYPE html PUBLIC "-//W3C//DTD XHTML 1.0 Transitional//EN"
    "http://www.w3.org/TR/xhtml1/DTD/xhtml1-transitional.dtd">
<html xmlns="http://www.w3.org/1999/xhtml" xml:lang="en" lang="en">
 <head>
  <title>
</title>
<meta http-equiv="Content-Type" content="text/html;charset=utf-8" />
  <meta name='ocr-system' content='tesseract 3.04.00' />
  <meta name='ocr-capabilities' content='ocr_page ocr_carea ocr_par ocr_line ocrx_word'/>
</head>
<body>
  <div class='ocr_page' id='page_1' title='image "./institutionesth00knolgoog_0036.png"; bbox 0 0 2910 4732; ppageno 0'>
   <div class='ocr_carea' id='block_1_1' title="bbox 166 148 1422 337">
    <p class='ocr_par' dir='ltr' id='par_1_1' title="bbox 166 148 1422 337">
     <span class='ocr_line' id='line_1_1' title="bbox 206 148 972 222; baseline -0.001 1"><span class='ocrx_word' id='word_1_1' title='bbox 206 148 248 212; x_wconf 75' lang='lat'><strong>2⁶</strong></span> <span class='ocrx_word' id='word_1_2' title='bbox 603 175 788 222; x_wconf 81' lang='lat' dir='ltr'><strong>ruaouoorxu</strong></span> <span class='ocrx_word' id='word_1_3' title='bbox 809 173 972 222; x_wconf 81' lang='lat' dir='ltr'><strong>emanans</strong></span> 
     </span>
     <span class='ocr_line' id='line_1_2' title="bbox 166 246 1422 337; baseline -0.002 -21"><span class='ocrx_word' id='word_1_4' title='bbox 166 246 268 330; x_wconf 65' lang='lat' dir='ltr'><strong>aliquo</strong></span> <span class='ocrx_word' id='word_1_5' title='bbox 298 259 400 332; x_wconf 75' lang='lat' dir='ltr'><strong>parter</strong></span> <span class='ocrx_word' id='word_1_6' title='bbox 428 265 636 336; x_wconf 77' lang='lat' dir='ltr'><strong>argumentum</strong></span> <span class='ocrx_word' id='word_1_7' title='bbox 666 267 767 320; x_wconf 88' lang='lat' dir='ltr'><strong>autem</strong></span> <span class='ocrx_word' id='word_1_8' title='bbox 806 253 916 318; x_wconf 89' lang='lat' dir='ltr'><strong>mutari</strong></span> <span class='ocrx_word' id='word_1_9' title='bbox 931 261 1043 337; x_wconf 87' lang='lat' dir='ltr'><strong>posset.</strong></span> <span class='ocrx_word' id='word_1_10' title='bbox 1057 251 1127 318; x_wconf 81' lang='lat' dir='ltr'><strong>Exti</strong></span> <span class='ocrx_word' id='word_1_11' title='bbox 1142 272 1211 332; x_wconf 89' lang='lat' dir='ltr'><strong>ergo</strong></span> <span class='ocrx_word' id='word_1_12' title='bbox 1226 249 1422 314; x_wconf 87' lang='lat' dir='ltr'><strong>immutabili</strong></span> 
     </span>
    </p>
   </div>
   <div class='ocr_carea' id='block_1_2' title="bbox 99 333 1440 4368">
    <p class='ocr_par' dir='ltr' id='par_1_2' title="bbox 110 333 1423 590">
     <span class='ocr_line' id='line_1_3' title="bbox 166 333 1423 423; baseline 0.002 -29"><span class='ocrx_word' id='word_1_13' title='bbox 166 333 396 414; x_wconf 85' lang='lat' dir='ltr'><strong>cosmologioum</strong></span> <span class='ocrx_word' id='word_1_14' title='bbox 418 340 576 403; x_wconf 85' lang='lat' dir='ltr'><strong>ducitura</strong></span> <span class='ocrx_word' id='word_1_15' title='bbox 594 341 764 423; x_wconf 78' lang='lat' dir='ltr'><strong>posteriori.</strong></span> <span class='ocrx_word' id='word_1_16' title='bbox 806 341 882 402; x_wconf 91' lang='lat' dir='ltr'><strong>nihil</strong></span> <span class='ocrx_word' id='word_1_17' title='bbox 901 341 1005 402; x_wconf 89' lang='lat' dir='ltr'><strong>deesse</strong></span> <span class='ocrx_word' id='word_1_18' title='bbox 1024 345 1139 422; x_wconf 90' lang='lat' dir='ltr'><strong>potest,</strong></span> <span class='ocrx_word' id='word_1_19' title='bbox 1166 358 1200 398; x_wconf 89' lang='lat' dir='ltr'><strong>ac</strong></span> <span class='ocrx_word' id='word_1_20' title='bbox 1220 335 1347 418; x_wconf 80' lang='lat' dir='ltr'>proinde</span> <span class='ocrx_word' id='word_1_21' title='bbox 1374 336 1423 398; x_wconf 92' lang='lat' dir='ltr'><strong>il-</strong></span> 
     </span>
     <span class='ocr_line' id='line_1_4' title="bbox 164 415 1423 506; baseline 0.004 -30"><span class='ocrx_word' id='word_1_22' title='bbox 164 415 195 496; x_wconf 80' lang='grc' dir='ltr'><strong>ε)</strong></span> <span class='ocrx_word' id='word_1_23' title='bbox 215 416 278 478; x_wconf 93' lang='lat' dir='ltr'><strong>lmo</strong></span> <span class='ocrx_word' id='word_1_24' title='bbox 296 420 321 480; x_wconf 92' lang='lat' dir='ltr'><strong>si</strong></span> <span class='ocrx_word' id='word_1_25' title='bbox 340 424 525 502; x_wconf 89' lang='lat' dir='ltr'><strong>praedictum</strong></span> <span class='ocrx_word' id='word_1_26' title='bbox 558 434 766 504; x_wconf 79' lang='lat' dir='ltr'><strong>argumentum</strong></span> <span class='ocrx_word' id='word_1_27' title='bbox 806 423 857 486; x_wconf 93' lang='lat' dir='ltr'><strong>lud</strong></span> <span class='ocrx_word' id='word_1_28' title='bbox 888 423 1088 506; x_wconf 81' lang='lat' dir='ltr'><strong>undequaque</strong></span> <span class='ocrx_word' id='word_1_29' title='bbox 1117 423 1267 486; x_wconf 86' lang='lat' dir='ltr'><strong>infinitum</strong></span> <span class='ocrx_word' id='word_1_30' title='bbox 1299 420 1340 482; x_wconf 89' lang='lat' dir='ltr'><strong>sit</strong></span> <span class='ocrx_word' id='word_1_31' title='bbox 1379 439 1423 482; x_wconf 91' lang='lat' dir='ltr'><strong>o-</strong></span> 
     </span>
     <span class='ocr_line' id='line_1_5' title="bbox 110 501 915 590; baseline 0.01 -29"><span class='ocrx_word' id='word_1_32' title='bbox 110 527 112 534; x_wconf 38' lang='lat' dir='ltr'>v</span> <span class='ocrx_word' id='word_1_33' title='bbox 166 501 347 581; x_wconf 78' lang='lat' dir='ltr'><strong>syllogistico</strong></span> <span class='ocrx_word' id='word_1_34' title='bbox 372 507 458 568; x_wconf 92' lang='lat' dir='ltr'><strong>modo</strong></span> <span class='ocrx_word' id='word_1_35' title='bbox 476 519 670 590; x_wconf 70' lang='lat' dir='ltr'><strong>proponatur,</strong></span> <span class='ocrx_word' id='word_1_36' title='bbox 687 510 766 571; x_wconf 87' lang='lat' dir='ltr'><strong>clare</strong></span> <span class='ocrx_word' id='word_1_37' title='bbox 806 517 915 590; x_wconf 89' lang='lat' dir='ltr'><strong>portet.</strong></span> 
     </span>
    </p>

    <p class='ocr_par' dir='ltr' id='par_1_3' title="bbox 163 587 1421 1092">
     <span class='ocr_line' id='line_1_6' title="bbox 165 587 1421 669; baseline 0.003 -24"><span class='ocrx_word' id='word_1_38' title='bbox 165 594 300 665; x_wconf 90' lang='lat' dir='ltr'><strong>apparet,</strong></span> <span class='ocrx_word' id='word_1_39' title='bbox 325 587 399 651; x_wconf 92' lang='lat' dir='ltr'><strong>nihil</strong></span> <span class='ocrx_word' id='word_1_40' title='bbox 426 609 491 654; x_wconf 91' lang='lat' dir='ltr'><strong>esse</strong></span> <span class='ocrx_word' id='word_1_41' title='bbox 509 593 541 654; x_wconf 90' lang='lat' dir='ltr'><strong>in</strong></span> <span class='ocrx_word' id='word_1_42' title='bbox 560 593 764 669; x_wconf 89' lang='lat' dir='ltr'><strong>conclusione,</strong></span> <span class='ocrx_word' id='word_1_43' title='bbox 850 592 917 656; x_wconf 81' lang='lat' dir='ltr'><strong>oti.</strong></span> <span class='ocrx_word' id='word_1_44' title='bbox 928 590 959 652; x_wconf 78' lang='lat' dir='ltr'><strong>l.</strong></span> <span class='ocrx_word' id='word_1_45' title='bbox 975 590 1063 654; x_wconf 88' lang='lat' dir='ltr'><strong>Entia</strong></span> <span class='ocrx_word' id='word_1_46' title='bbox 1076 589 1279 668; x_wconf 86' lang='lat' dir='ltr'><strong>contingentia</strong></span> <span class='ocrx_word' id='word_1_47' title='bbox 1289 587 1421 650; x_wconf 88' lang='lat' dir='ltr'><strong>homini</strong></span> 
     </span>
     <span class='ocr_line' id='line_1_7' title="bbox 165 669 1421 756; baseline 0.003 -27"><span class='ocrx_word' id='word_1_48' title='bbox 165 669 246 750; x_wconf 92' lang='lat' dir='ltr'><strong>quod</strong></span> <span class='ocrx_word' id='word_1_49' title='bbox 265 689 324 731; x_wconf 91' lang='lat' dir='ltr'><strong>non</strong></span> <span class='ocrx_word' id='word_1_50' title='bbox 344 683 389 735; x_wconf 87' lang='lat' dir='ltr'><strong>est</strong></span> <span class='ocrx_word' id='word_1_51' title='bbox 405 674 435 736; x_wconf 92' lang='lat' dir='ltr'><strong>in</strong></span> <span class='ocrx_word' id='word_1_52' title='bbox 448 676 631 756; x_wconf 86' lang='lat' dir='ltr'><strong>praemissis.</strong></span> <span class='ocrx_word' id='word_1_53' title='bbox 647 676 766 738; x_wconf 90' lang='lat' dir='ltr'><strong>Primus</strong></span> <span class='ocrx_word' id='word_1_54' title='bbox 806 675 1014 756; x_wconf 85' lang='lat' dir='ltr'><strong>phaenomena</strong></span> <span class='ocrx_word' id='word_1_55' title='bbox 1043 683 1130 751; x_wconf 89' lang='lat' dir='ltr'><strong>sunt,</strong></span> <span class='ocrx_word' id='word_1_56' title='bbox 1152 675 1261 755; x_wconf 87' lang='lat' dir='ltr'><strong>quihus</strong></span> <span class='ocrx_word' id='word_1_57' title='bbox 1290 691 1352 748; x_wconf 89' lang='lat' dir='ltr'><strong>an,</strong></span> <span class='ocrx_word' id='word_1_58' title='bbox 1386 681 1421 734; x_wconf 88' lang='lat' dir='ltr'><strong>et</strong></span> 
     </span>
     <span class='ocr_line' id='line_1_8' title="bbox 165 751 1420 842; baseline 0.002 -28"><span class='ocrx_word' id='word_1_59' title='bbox 165 754 245 815; x_wconf 91' lang='lat' dir='ltr'><strong>enim</strong></span> <span class='ocrx_word' id='word_1_60' title='bbox 264 751 457 835; x_wconf 73' lang='lat' dir='ltr'><strong>syllogismus</strong></span> <span class='ocrx_word' id='word_1_61' title='bbox 480 761 524 822; x_wconf 92' lang='lat' dir='ltr'><strong>sic</strong></span> <span class='ocrx_word' id='word_1_62' title='bbox 543 769 647 822; x_wconf 87' lang='lat' dir='ltr'><strong>sonat·</strong></span> <span class='ocrx_word' id='word_1_63' title='bbox 668 759 714 822; x_wconf 91' lang='lat' dir='ltr'><strong>Nil</strong></span> <span class='ocrx_word' id='word_1_64' title='bbox 734 761 766 822; x_wconf 85' lang='lat' dir='ltr'><strong>sit</strong></span> <span class='ocrx_word' id='word_1_65' title='bbox 805 777 953 840; x_wconf 87' lang='lat' dir='ltr'><strong>quaenam</strong></span> <span class='ocrx_word' id='word_1_66' title='bbox 971 778 1020 822; x_wconf 93' lang='lat' dir='ltr'><strong>res</strong></span> <span class='ocrx_word' id='word_1_67' title='bbox 1038 759 1250 842; x_wconf 84' lang='lat' dir='ltr'><strong>respondeant,</strong></span> <span class='ocrx_word' id='word_1_68' title='bbox 1270 756 1363 836; x_wconf 88' lang='lat' dir='ltr'><strong>plane</strong></span> <span class='ocrx_word' id='word_1_69' title='bbox 1386 756 1420 817; x_wconf 92' lang='lat' dir='ltr'><strong>i-</strong></span> 
     </span>
     <span class='ocr_line' id='line_1_9' title="bbox 165 837 1419 925; baseline 0.002 -27"><span class='ocrx_word' id='word_1_70' title='bbox 165 837 228 900; x_wconf 86' lang='lat' dir='ltr'><strong>siae</strong></span> <span class='ocrx_word' id='word_1_71' title='bbox 250 839 365 902; x_wconf 84' lang='lat' dir='ltr'><strong>ratione</strong></span> <span class='ocrx_word' id='word_1_72' title='bbox 384 842 568 918; x_wconf 86' lang='lat' dir='ltr'><strong>sufficiente,</strong></span> <span class='ocrx_word' id='word_1_73' title='bbox 588 862 642 906; x_wconf 91' lang='lat' dir='ltr'><strong>seu</strong></span> <span class='ocrx_word' id='word_1_74' title='bbox 673 863 765 925; x_wconf 89' lang='lat' dir='ltr'><strong>quae·</strong></span> <span class='ocrx_word' id='word_1_75' title='bbox 804 852 959 922; x_wconf 83' lang='lat' dir='ltr'><strong>gnoratur3</strong></span> <span class='ocrx_word' id='word_1_76' title='bbox 977 849 1195 924; x_wconf 88' lang='lat' dir='ltr'><strong>consequenter</strong></span> <span class='ocrx_word' id='word_1_77' title='bbox 1216 839 1331 903; x_wconf 88' lang='lat' dir='ltr'><strong>abillis</strong></span> <span class='ocrx_word' id='word_1_78' title='bbox 1352 859 1419 901; x_wconf 90' lang='lat' dir='ltr'><strong>ceu</strong></span> 
     </span>
     <span class='ocr_line' id='line_1_10' title="bbox 164 923 1419 1009; baseline 0.002 -26"><span class='ocrx_word' id='word_1_79' title='bbox 164 939 283 1003; x_wconf 88' lang='lat' dir='ltr'><strong>cunque</strong></span> <span class='ocrx_word' id='word_1_80' title='bbox 296 924 446 1002; x_wconf 89' lang='lat' dir='ltr'><strong>oriuntur,</strong></span> <span class='ocrx_word' id='word_1_81' title='bbox 455 926 691 990; x_wconf 82' lang='lat' dir='ltr'><strong>liabentcausam</strong></span> <span class='ocrx_word' id='word_1_82' title='bbox 705 929 766 991; x_wconf 87' lang='lat' dir='ltr'><strong>sul·</strong></span> <span class='ocrx_word' id='word_1_83' title='bbox 805 928 926 989; x_wconf 87' lang='lat' dir='ltr'><strong>incertis</strong></span> <span class='ocrx_word' id='word_1_84' title='bbox 937 927 1109 1009; x_wconf 91' lang='lat' dir='ltr'><strong>praemissis</strong></span> <span class='ocrx_word' id='word_1_85' title='bbox 1117 923 1333 1004; x_wconf 86' lang='lat' dir='ltr'><strong>argumentatio</strong></span> <span class='ocrx_word' id='word_1_86' title='bbox 1342 941 1419 986; x_wconf 87' lang='lat' dir='ltr'><strong>cer·</strong></span> 
     </span>
     <span class='ocr_line' id='line_1_11' title="bbox 163 1006 1045 1092; baseline 0.007 -25"><span class='ocrx_word' id='word_1_87' title='bbox 163 1006 326 1084; x_wconf 81' lang='lat' dir='ltr'><strong>sicientem3</strong></span> <span class='ocrx_word' id='word_1_88' title='bbox 348 1009 397 1070; x_wconf 91' lang='lat' dir='ltr'><strong>scd</strong></span> <span class='ocrx_word' id='word_1_89' title='bbox 418 1010 498 1071; x_wconf 89' lang='lat' dir='ltr'><strong>entia</strong></span> <span class='ocrx_word' id='word_1_90' title='bbox 513 1011 715 1090; x_wconf 83' lang='lat' dir='ltr'><strong>contingentia</strong></span> <span class='ocrx_word' id='word_1_91' title='bbox 733 1033 765 1074; x_wconf 93' lang='lat' dir='ltr'><strong>o·</strong></span> <span class='ocrx_word' id='word_1_92' title='bbox 805 1021 834 1073; x_wconf 90' lang='lat' dir='ltr'><strong>ta</strong></span> <span class='ocrx_word' id='word_1_93' title='bbox 856 1031 916 1072; x_wconf 92' lang='lat' dir='ltr'><strong>non</strong></span> <span class='ocrx_word' id='word_1_94' title='bbox 936 1012 1045 1092; x_wconf 88' lang='lat' dir='ltr'><strong>prodit.</strong></span> 
     </span>
    </p>

    <p class='ocr_par' dir='ltr' id='par_1_4' title="bbox 99 1089 1417 2184">
     <span class='ocr_line' id='line_1_12' title="bbox 162 1089 1414 1175; baseline 0.002 -25"><span class='ocrx_word' id='word_1_95' title='bbox 162 1089 303 1167; x_wconf 88' lang='lat' dir='ltr'><strong>riuntur,</strong></span> <span class='ocrx_word' id='word_1_96' title='bbox 326 1110 397 1170; x_wconf 91' lang='lat' dir='ltr'><strong>ergo</strong></span> <span class='ocrx_word' id='word_1_97' title='bbox 424 1094 524 1155; x_wconf 84' lang='lat' dir='ltr'><strong>existit</strong></span> <span class='ocrx_word' id='word_1_98' title='bbox 550 1114 655 1157; x_wconf 90' lang='lat' dir='ltr'><strong>eorum</strong></span> <span class='ocrx_word' id='word_1_99' title='bbox 674 1115 764 1158; x_wconf 87' lang='lat' dir='ltr'><strong>causa</strong></span> <span class='ocrx_word' id='word_1_100' title='bbox 843 1096 930 1175; x_wconf 84' lang='lat' dir='ltr'><strong>Resp.</strong></span> <span class='ocrx_word' id='word_1_101' title='bbox 951 1095 982 1173; x_wconf 88' lang='lat' dir='ltr'><strong>a)</strong></span> <span class='ocrx_word' id='word_1_102' title='bbox 1002 1094 1059 1156; x_wconf 87' lang='lat' dir='ltr'><strong>Res</strong></span> <span class='ocrx_word' id='word_1_103' title='bbox 1079 1103 1161 1156; x_wconf 87' lang='lat' dir='ltr'><strong>extra</strong></span> <span class='ocrx_word' id='word_1_104' title='bbox 1186 1111 1240 1154; x_wconf 85' lang='lat' dir='ltr'><strong>nos</strong></span> <span class='ocrx_word' id='word_1_105' title='bbox 1264 1089 1414 1168; x_wconf 83' lang='lat' dir='ltr'><strong>existere,</strong></span> 
     </span>
     <span class='ocr_line' id='line_1_13' title="bbox 124 1175 1413 1260; baseline 0.002 -26"><span class='ocrx_word' id='word_1_106' title='bbox 124 1217 132 1228; x_wconf 89' lang='lat'><strong>.</strong></span> <span class='ocrx_word' id='word_1_107' title='bbox 164 1175 325 1236; x_wconf 87' lang='lat' dir='ltr'><strong>sufficiens.</strong></span> <span class='ocrx_word' id='word_1_108' title='bbox 337 1209 379 1222; x_wconf 93' lang='lat'><strong>-·</strong></span> <span class='ocrx_word' id='word_1_109' title='bbox 396 1175 551 1240; x_wconf 85' lang='lat' dir='ltr'><strong>Secundus</strong></span> <span class='ocrx_word' id='word_1_110' title='bbox 572 1177 764 1260; x_wconf 74' lang='lat' dir='ltr'><strong>syllogismus</strong></span> <span class='ocrx_word' id='word_1_111' title='bbox 803 1179 962 1254; x_wconf 82' lang='lat' dir='ltr'><strong>constanti,</strong></span> <span class='ocrx_word' id='word_1_112' title='bbox 977 1179 1130 1249; x_wconf 86' lang='lat' dir='ltr'><strong>concordi,</strong></span> <span class='ocrx_word' id='word_1_113' title='bbox 1144 1188 1172 1238; x_wconf 92' lang='grc' dir='ltr'><strong>ει</strong></span> <span class='ocrx_word' id='word_1_114' title='bbox 1183 1175 1324 1238; x_wconf 81' lang='lat' dir='ltr'><strong>uniformi</strong></span> <span class='ocrx_word' id='word_1_115' title='bbox 1336 1194 1413 1236; x_wconf 91' lang='lat' dir='ltr'><strong>scn-</strong></span> 
     </span>
     <span class='ocr_line' id='line_1_14' title="bbox 163 1259 1414 1341; baseline 0.002 -22"><span class='ocrx_word' id='word_1_116' title='bbox 163 1259 205 1320; x_wconf 89' lang='lat' dir='ltr'><strong>sic</strong></span> <span class='ocrx_word' id='word_1_117' title='bbox 232 1259 360 1340; x_wconf 87' lang='lat' dir='ltr'><strong>proponi</strong></span> <span class='ocrx_word' id='word_1_118' title='bbox 384 1269 501 1341; x_wconf 91' lang='lat' dir='ltr'><strong>potest:</strong></span> <span class='ocrx_word' id='word_1_119' title='bbox 525 1262 621 1325; x_wconf 87' lang='lat' dir='ltr'><strong>Causa</strong></span> <span class='ocrx_word' id='word_1_120' title='bbox 649 1264 762 1326; x_wconf 89' lang='lat' dir='ltr'><strong>entium</strong></span> <span class='ocrx_word' id='word_1_121' title='bbox 804 1262 1156 1326; x_wconf 89' lang='lat' dir='ltr'><strong>suumlestimoniocerti</strong></span> <span class='ocrx_word' id='word_1_122' title='bbox 1167 1259 1333 1335; x_wconf 89' lang='lat' dir='ltr'><strong>reddimur,</strong></span> <span class='ocrx_word' id='word_1_123' title='bbox 1351 1260 1414 1338; x_wconf 89' lang='lat' dir='ltr'><strong>ita,</strong></span> 
     </span>
     <span class='ocr_line' id='line_1_15' title="bbox 161 1342 1414 1422; baseline 0.002 -19"><span class='ocrx_word' id='word_1_124' title='bbox 161 1343 398 1422; x_wconf 87' lang='lat' dir='ltr'><strong>contingentium</strong></span> <span class='ocrx_word' id='word_1_125' title='bbox 416 1345 566 1408; x_wconf 87' lang='lat' dir='ltr'><strong>sufficiens</strong></span> <span class='ocrx_word' id='word_1_126' title='bbox 584 1348 630 1409; x_wconf 87' lang='lat' dir='ltr'><strong>vel</strong></span> <span class='ocrx_word' id='word_1_127' title='bbox 648 1357 693 1409; x_wconf 87' lang='lat' dir='ltr'><strong>est</strong></span> <span class='ocrx_word' id='word_1_128' title='bbox 710 1367 763 1410; x_wconf 90' lang='lat' dir='ltr'><strong>eus</strong></span> <span class='ocrx_word' id='word_1_129' title='bbox 804 1354 837 1407; x_wconf 86' lang='lat' dir='ltr'><strong>ut</strong></span> <span class='ocrx_word' id='word_1_130' title='bbox 854 1347 1072 1409; x_wconf 80' lang='lat' dir='ltr'><strong>rationabiliter</strong></span> <span class='ocrx_word' id='word_1_131' title='bbox 1090 1347 1127 1408; x_wconf 89' lang='lat' dir='ltr'><strong>de</strong></span> <span class='ocrx_word' id='word_1_132' title='bbox 1145 1363 1249 1408; x_wconf 91' lang='lat' dir='ltr'><strong>eorum</strong></span> <span class='ocrx_word' id='word_1_133' title='bbox 1269 1342 1414 1405; x_wconf 84' lang='lat' dir='ltr'><strong>existen·</strong></span> 
     </span>
     <span class='ocr_line' id='line_1_16' title="bbox 161 1428 1415 1508; baseline 0.001 -20"><span class='ocrx_word' id='word_1_134' title='bbox 161 1447 179 1488; x_wconf 91' lang='lat' dir='ltr'><strong>a</strong></span> <span class='ocrx_word' id='word_1_135' title='bbox 197 1445 247 1503; x_wconf 91' lang='lat' dir='ltr'><strong>se,</strong></span> <span class='ocrx_word' id='word_1_136' title='bbox 270 1445 322 1488; x_wconf 92' lang='lat' dir='ltr'><strong>seu</strong></span> <span class='ocrx_word' id='word_1_137' title='bbox 351 1435 524 1507; x_wconf 88' lang='lat' dir='ltr'><strong>aeternum,</strong></span> <span class='ocrx_word' id='word_1_138' title='bbox 549 1432 595 1494; x_wconf 85' lang='lat' dir='ltr'><strong>vel</strong></span> <span class='ocrx_word' id='word_1_139' title='bbox 623 1451 683 1494; x_wconf 91' lang='lat' dir='ltr'><strong>non</strong></span> <span class='ocrx_word' id='word_1_140' title='bbox 709 1451 763 1494; x_wconf 88' lang='lat' dir='ltr'><strong>ae·</strong></span> <span class='ocrx_word' id='word_1_141' title='bbox 803 1429 863 1492; x_wconf 85' lang='lat' dir='ltr'><strong>tiae</strong></span> <span class='ocrx_word' id='word_1_142' title='bbox 879 1430 1015 1508; x_wconf 87' lang='lat' dir='ltr'><strong>veritate,</strong></span> <span class='ocrx_word' id='word_1_143' title='bbox 1036 1439 1065 1492; x_wconf 89' lang='lat' dir='ltr'><strong>et</strong></span> <span class='ocrx_word' id='word_1_144' title='bbox 1084 1429 1171 1491; x_wconf 92' lang='lat' dir='ltr'><strong>modo</strong></span> <span class='ocrx_word' id='word_1_145' title='bbox 1187 1428 1323 1490; x_wconf 86' lang='lat' dir='ltr'><strong>dubitare</strong></span> <span class='ocrx_word' id='word_1_146' title='bbox 1344 1445 1415 1489; x_wconf 90' lang='lat' dir='ltr'><strong>non</strong></span> 
     </span>
     <span class='ocr_line' id='line_1_17' title="bbox 99 1510 1417 1596; baseline 0.002 -24"><span class='ocrx_word' id='word_1_147' title='bbox 99 1590 101 1596; x_wconf 18' lang='grc' dir='ltr'><strong><em>Α</em></strong></span> <span class='ocrx_word' id='word_1_148' title='bbox 161 1520 298 1588; x_wconf 80' lang='lat' dir='ltr'><strong>ternum3</strong></span> <span class='ocrx_word' id='word_1_149' title='bbox 320 1512 403 1592; x_wconf 90' lang='lat' dir='ltr'><strong>atqui</strong></span> <span class='ocrx_word' id='word_1_150' title='bbox 427 1533 481 1576; x_wconf 92' lang='lat' dir='ltr'><strong>ens</strong></span> <span class='ocrx_word' id='word_1_151' title='bbox 504 1533 564 1576; x_wconf 91' lang='lat' dir='ltr'><strong>non</strong></span> <span class='ocrx_word' id='word_1_152' title='bbox 585 1523 760 1593; x_wconf 90' lang='lat' dir='ltr'><strong>aeteruum,</strong></span> <span class='ocrx_word' id='word_1_153' title='bbox 803 1515 963 1594; x_wconf 89' lang='lat' dir='ltr'><strong>possimus.</strong></span> <span class='ocrx_word' id='word_1_154' title='bbox 989 1514 1023 1594; x_wconf 91' lang='lat' dir='ltr'><strong>b)</strong></span> <span class='ocrx_word' id='word_1_155' title='bbox 1036 1514 1161 1595; x_wconf 91' lang='lat' dir='ltr'><strong>lnsuper</strong></span> <span class='ocrx_word' id='word_1_156' title='bbox 1170 1512 1266 1594; x_wconf 89' lang='lat' dir='ltr'><strong>quivis</strong></span> <span class='ocrx_word' id='word_1_157' title='bbox 1275 1510 1334 1572; x_wconf 93' lang='lat' dir='ltr'><strong>sibi</strong></span> <span class='ocrx_word' id='word_1_158' title='bbox 1346 1512 1417 1592; x_wconf 89' lang='lat' dir='ltr'><strong>ipsi</strong></span> 
     </span>
     <span class='ocr_line' id='line_1_18' title="bbox 160 1595 1415 1680; baseline 0.002 -24"><span class='ocrx_word' id='word_1_159' title='bbox 160 1603 263 1674; x_wconf 88' lang='lat' dir='ltr'><strong>utpote</strong></span> <span class='ocrx_word' id='word_1_160' title='bbox 273 1595 449 1675; x_wconf 90' lang='lat' dir='ltr'><strong>productum</strong></span> <span class='ocrx_word' id='word_1_161' title='bbox 461 1617 521 1659; x_wconf 95' lang='lat' dir='ltr'><strong>uon</strong></span> <span class='ocrx_word' id='word_1_162' title='bbox 539 1608 584 1660; x_wconf 96' lang='grc' dir='ltr'><strong>εει</strong></span> <span class='ocrx_word' id='word_1_163' title='bbox 599 1618 689 1662; x_wconf 87' lang='lat' dir='ltr'><strong>causa</strong></span> <span class='ocrx_word' id='word_1_164' title='bbox 701 1602 764 1662; x_wconf 87' lang='lat' dir='ltr'><strong>sul·</strong></span> <span class='ocrx_word' id='word_1_165' title='bbox 803 1617 862 1660; x_wconf 92' lang='lat' dir='ltr'><strong>non</strong></span> <span class='ocrx_word' id='word_1_166' title='bbox 881 1607 927 1661; x_wconf 92' lang='lat' dir='ltr'><strong>est</strong></span> <span class='ocrx_word' id='word_1_167' title='bbox 956 1598 1202 1680; x_wconf 82' lang='lat' dir='ltr'><strong>phaenomenon,</strong></span> <span class='ocrx_word' id='word_1_168' title='bbox 1228 1595 1279 1656; x_wconf 89' lang='lat' dir='ltr'><strong>sed</strong></span> <span class='ocrx_word' id='word_1_169' title='bbox 1295 1595 1415 1658; x_wconf 90' lang='lat' dir='ltr'><strong>intime</strong></span> 
     </span>
     <span class='ocr_line' id='line_1_19' title="bbox 161 1679 1416 1764; baseline 0.004 -27"><span class='ocrx_word' id='word_1_170' title='bbox 161 1679 278 1754; x_wconf 82' lang='lat' dir='ltr'><strong>ficiens,</strong></span> <span class='ocrx_word' id='word_1_171' title='bbox 295 1679 372 1740; x_wconf 91' lang='lat' dir='ltr'><strong>ultra</strong></span> <span class='ocrx_word' id='word_1_172' title='bbox 391 1700 480 1760; x_wconf 87' lang='lat' dir='ltr'><strong>quam</strong></span> <span class='ocrx_word' id='word_1_173' title='bbox 500 1683 575 1744; x_wconf 91' lang='lat' dir='ltr'><strong>nihil</strong></span> <span class='ocrx_word' id='word_1_174' title='bbox 589 1685 693 1764; x_wconf 88' lang='lat' dir='ltr'><strong>quaeri</strong></span> <span class='ocrx_word' id='word_1_175' title='bbox 710 1685 762 1746; x_wconf 92' lang='lat' dir='ltr'><strong>de·</strong></span> <span class='ocrx_word' id='word_1_176' title='bbox 802 1683 859 1746; x_wconf 92' lang='lat' dir='ltr'><strong>sibi</strong></span> <span class='ocrx_word' id='word_1_177' title='bbox 876 1683 1014 1745; x_wconf 87' lang='lat' dir='ltr'><strong>conscius</strong></span> <span class='ocrx_word' id='word_1_178' title='bbox 1029 1690 1083 1759; x_wconf 91' lang='lat' dir='ltr'><strong>est,</strong></span> <span class='ocrx_word' id='word_1_179' title='bbox 1101 1700 1133 1744; x_wconf 90' lang='lat' dir='ltr'><strong>se</strong></span> <span class='ocrx_word' id='word_1_180' title='bbox 1148 1681 1286 1756; x_wconf 85' lang='lat' dir='ltr'><strong>existere,</strong></span> <span class='ocrx_word' id='word_1_181' title='bbox 1306 1680 1362 1740; x_wconf 90' lang='lat' dir='ltr'><strong>sed</strong></span> <span class='ocrx_word' id='word_1_182' title='bbox 1377 1700 1416 1742; x_wconf 90' lang='lat' dir='ltr'><strong>se</strong></span> 
     </span>
     <span class='ocr_line' id='line_1_20' title="bbox 160 1762 1415 1848; baseline 0.002 -26"><span class='ocrx_word' id='word_1_183' title='bbox 160 1762 241 1838; x_wconf 87' lang='lat' dir='ltr'><strong>beat;</strong></span> <span class='ocrx_word' id='word_1_184' title='bbox 263 1781 332 1841; x_wconf 91' lang='lat' dir='ltr'><strong>ergo</strong></span> <span class='ocrx_word' id='word_1_185' title='bbox 351 1782 441 1827; x_wconf 89' lang='lat' dir='ltr'><strong>causa</strong></span> <span class='ocrx_word' id='word_1_186' title='bbox 455 1767 618 1843; x_wconf 87' lang='lat' dir='ltr'><strong>sufficiens,</strong></span> <span class='ocrx_word' id='word_1_187' title='bbox 639 1787 715 1848; x_wconf 91' lang='lat' dir='ltr'><strong>quae</strong></span> <span class='ocrx_word' id='word_1_188' title='bbox 730 1788 763 1831; x_wconf 90' lang='lat' dir='ltr'><strong>a·</strong></span> <span class='ocrx_word' id='word_1_189' title='bbox 802 1774 969 1842; x_wconf 87' lang='lat' dir='ltr'><strong>aeternum,</strong></span> <span class='ocrx_word' id='word_1_190' title='bbox 984 1766 1246 1848; x_wconf 89' lang='lat' dir='ltr'><strong>independentem,</strong></span> <span class='ocrx_word' id='word_1_191' title='bbox 1258 1763 1415 1825; x_wconf 87' lang='lat' dir='ltr'><strong>immuta-</strong></span> 
     </span>
     <span class='ocr_line' id='line_1_21' title="bbox 159 1847 1414 1928; baseline 0.001 -22"><span class='ocrx_word' id='word_1_192' title='bbox 159 1855 209 1907; x_wconf 88' lang='lat' dir='ltr'><strong>ctu</strong></span> <span class='ocrx_word' id='word_1_193' title='bbox 228 1847 338 1924; x_wconf 86' lang='lat' dir='ltr'><strong>existit,</strong></span> <span class='ocrx_word' id='word_1_194' title='bbox 359 1867 418 1911; x_wconf 94' lang='lat' dir='ltr'><strong>non</strong></span> <span class='ocrx_word' id='word_1_195' title='bbox 438 1859 483 1913; x_wconf 92' lang='lat' dir='ltr'><strong>est</strong></span> <span class='ocrx_word' id='word_1_196' title='bbox 498 1849 555 1912; x_wconf 92' lang='lat' dir='ltr'><strong>nisi</strong></span> <span class='ocrx_word' id='word_1_197' title='bbox 574 1869 628 1913; x_wconf 93' lang='lat' dir='ltr'><strong>eus</strong></span> <span class='ocrx_word' id='word_1_198' title='bbox 647 1871 763 1914; x_wconf 86' lang='lat' dir='ltr'><strong>ase-</strong></span> <span class='ocrx_word' id='word_1_199' title='bbox 803 1849 913 1928; x_wconf 91' lang='lat' dir='ltr'><strong>bilem,</strong></span> <span class='ocrx_word' id='word_1_200' title='bbox 934 1851 1084 1912; x_wconf 87' lang='lat' dir='ltr'><strong>infinitum</strong></span> <span class='ocrx_word' id='word_1_201' title='bbox 1103 1869 1161 1912; x_wconf 89' lang='lat' dir='ltr'><strong>non</strong></span> <span class='ocrx_word' id='word_1_202' title='bbox 1186 1867 1263 1911; x_wconf 89' lang='lat' dir='ltr'><strong>esse.</strong></span> <span class='ocrx_word' id='word_1_203' title='bbox 1288 1847 1324 1908; x_wconf 81' lang='lat' dir='ltr'><strong>m</strong></span> <span class='ocrx_word' id='word_1_204' title='bbox 1342 1847 1414 1908; x_wconf 91' lang='lat' dir='ltr'><strong>iarn</strong></span> 
     </span>
     <span class='ocr_line' id='line_1_22' title="bbox 160 1931 1412 2018; baseline 0.002 -26"><span class='ocrx_word' id='word_1_205' title='bbox 160 1939 313 1994; x_wconf 89' lang='lat' dir='ltr'><strong>aeternum</strong></span> <span class='ocrx_word' id='word_1_206' title='bbox 331 1934 534 1997; x_wconf 70' lang='lat' dir='ltr'><strong>eludentem</strong></span> <span class='ocrx_word' id='word_1_207' title='bbox 555 1943 682 2016; x_wconf 91' lang='lat' dir='ltr'><strong>utroque</strong></span> <span class='ocrx_word' id='word_1_208' title='bbox 694 1933 775 2018; x_wconf 70' lang='lat' dir='ltr'><strong>Syl·</strong></span> <span class='ocrx_word' id='word_1_209' title='bbox 801 1953 837 1996; x_wconf 87' lang='lat' dir='ltr'><strong>ex</strong></span> <span class='ocrx_word' id='word_1_210' title='bbox 856 1935 910 1998; x_wconf 86' lang='lat' dir='ltr'><strong>hac</strong></span> <span class='ocrx_word' id='word_1_211' title='bbox 929 1934 1095 1997; x_wconf 87' lang='lat' dir='ltr'><strong>certissima</strong></span> <span class='ocrx_word' id='word_1_212' title='bbox 1116 1933 1239 1996; x_wconf 84' lang='lat' dir='ltr'><strong>veritate</strong></span> <span class='ocrx_word' id='word_1_213' title='bbox 1257 1931 1347 1992; x_wconf 91' lang='lat' dir='ltr'><strong>homo</strong></span> <span class='ocrx_word' id='word_1_214' title='bbox 1369 1933 1412 1994; x_wconf 88' lang='lat' dir='ltr'><strong>ad</strong></span> 
     </span>
     <span class='ocr_line' id='line_1_23' title="bbox 160 2015 1411 2102; baseline 0.002 -26"><span class='ocrx_word' id='word_1_215' title='bbox 160 2015 284 2094; x_wconf 86' lang='lat' dir='ltr'><strong>logismo</strong></span> <span class='ocrx_word' id='word_1_216' title='bbox 303 2017 345 2078; x_wconf 92' lang='lat' dir='ltr'><strong>nil</strong></span> <span class='ocrx_word' id='word_1_217' title='bbox 357 2025 403 2078; x_wconf 89' lang='lat' dir='ltr'><strong>est</strong></span> <span class='ocrx_word' id='word_1_218' title='bbox 418 2018 448 2078; x_wconf 90' lang='lat' dir='ltr'><strong>in</strong></span> <span class='ocrx_word' id='word_1_219' title='bbox 465 2019 669 2095; x_wconf 86' lang='lat' dir='ltr'><strong>conclusione,</strong></span> <span class='ocrx_word' id='word_1_220' title='bbox 680 2019 761 2102; x_wconf 92' lang='lat' dir='ltr'><strong>quod</strong></span> <span class='ocrx_word' id='word_1_221' title='bbox 801 2019 1016 2081; x_wconf 86' lang='lat' dir='ltr'><strong>admittendam</strong></span> <span class='ocrx_word' id='word_1_222' title='bbox 1040 2019 1092 2084; x_wconf 82' lang='lat' dir='ltr'><strong>[tei</strong></span> <span class='ocrx_word' id='word_1_223' title='bbox 1118 2015 1303 2080; x_wconf 80' lang='lat' dir='ltr'><strong>existentiam</strong></span> <span class='ocrx_word' id='word_1_224' title='bbox 1327 2033 1411 2078; x_wconf 90' lang='lat' dir='ltr'><strong>con-</strong></span> 
     </span>
     <span class='ocr_line' id='line_1_24' title="bbox 159 2099 1032 2184; baseline 0.007 -24"><span class='ocrx_word' id='word_1_225' title='bbox 159 2119 220 2162; x_wconf 93' lang='lat' dir='ltr'><strong>non</strong></span> <span class='ocrx_word' id='word_1_226' title='bbox 239 2102 278 2161; x_wconf 90' lang='lat' dir='ltr'><strong>sit</strong></span> <span class='ocrx_word' id='word_1_227' title='bbox 297 2099 332 2160; x_wconf 92' lang='lat' dir='ltr'><strong>in.</strong></span> <span class='ocrx_word' id='word_1_228' title='bbox 347 2101 529 2181; x_wconf 89' lang='lat' dir='ltr'><strong>praemissis.</strong></span> <span class='ocrx_word' id='word_1_229' title='bbox 543 2139 586 2150; x_wconf 95' lang='lat'><em>-</em></span> <span class='ocrx_word' id='word_1_230' title='bbox 801 2103 958 2181; x_wconf 86' lang='lat' dir='ltr'><strong>stringitur</strong></span> <span class='ocrx_word' id='word_1_231' title='bbox 972 2104 1032 2184; x_wconf 83' lang='lat' dir='ltr'><strong>(l).</strong></span> 
     </span>
    </p>

    <p class='ocr_par' dir='ltr' id='par_1_5' title="bbox 204 2181 1414 2263">
     <span class='ocr_line' id='line_1_25' title="bbox 204 2181 1414 2263; baseline -0.005 -11"><span class='ocrx_word' id='word_1_232' title='bbox 204 2185 267 2252; x_wconf 76' lang='lat' dir='ltr'><strong>Oti.</strong></span> <span class='ocrx_word' id='word_1_233' title='bbox 286 2185 316 2245; x_wconf 89' lang='lat'><strong>3.</strong></span> <span class='ocrx_word' id='word_1_234' title='bbox 329 2181 359 2246; x_wconf 88' lang='lat' dir='ltr'><strong>Si</strong></span> <span class='ocrx_word' id='word_1_235' title='bbox 372 2188 564 2263; x_wconf 88' lang='lat' dir='ltr'><strong>concedatur,</strong></span> <span class='ocrx_word' id='word_1_236' title='bbox 580 2186 617 2249; x_wconf 89' lang='lat' dir='ltr'><strong>ab</strong></span> <span class='ocrx_word' id='word_1_237' title='bbox 633 2188 761 2250; x_wconf 87' lang='lat' dir='ltr'><strong>existen·</strong></span> <span class='ocrx_word' id='word_1_238' title='bbox 844 2187 908 2250; x_wconf 81' lang='lat' dir='ltr'><strong>Odi.</strong></span> <span class='ocrx_word' id='word_1_239' title='bbox 929 2189 959 2248; x_wconf 80' lang='lat'><strong>5.</strong></span> <span class='ocrx_word' id='word_1_240' title='bbox 980 2185 1010 2248; x_wconf 90' lang='lat' dir='ltr'><strong>Si</strong></span> <span class='ocrx_word' id='word_1_241' title='bbox 1026 2185 1063 2248; x_wconf 88' lang='lat' dir='ltr'><strong>ab</strong></span> <span class='ocrx_word' id='word_1_242' title='bbox 1083 2185 1203 2250; x_wconf 89' lang='lat' dir='ltr'><strong>entibus</strong></span> <span class='ocrx_word' id='word_1_243' title='bbox 1223 2182 1414 2262; x_wconf 89' lang='lat' dir='ltr'><strong>contingen-</strong></span> 
     </span>
    </p>

    <p class='ocr_par' dir='ltr' id='par_1_6' title="bbox 107 2268 1440 4368">
     <span class='ocr_line' id='line_1_26' title="bbox 161 2268 1412 2348; baseline 0.002 -19"><span class='ocrx_word' id='word_1_244' title='bbox 161 2268 203 2330; x_wconf 89' lang='lat' dir='ltr'><strong>tia</strong></span> <span class='ocrx_word' id='word_1_245' title='bbox 223 2268 337 2330; x_wconf 90' lang='lat' dir='ltr'><strong>entium</strong></span> <span class='ocrx_word' id='word_1_246' title='bbox 360 2271 596 2348; x_wconf 88' lang='lat' dir='ltr'><strong>contingentium</strong></span> <span class='ocrx_word' id='word_1_247' title='bbox 622 2272 761 2334; x_wconf 87' lang='lat' dir='ltr'><strong>concludi</strong></span> <span class='ocrx_word' id='word_1_248' title='bbox 801 2269 880 2332; x_wconf 76' lang='lat' dir='ltr'><strong>tilius</strong></span> <span class='ocrx_word' id='word_1_249' title='bbox 904 2271 1092 2334; x_wconf 87' lang='lat' dir='ltr'><strong>concluditur</strong></span> <span class='ocrx_word' id='word_1_250' title='bbox 1119 2272 1157 2332; x_wconf 88' lang='lat' dir='ltr'><strong>ad</strong></span> <span class='ocrx_word' id='word_1_251' title='bbox 1184 2289 1238 2333; x_wconf 90' lang='lat' dir='ltr'><strong>ens</strong></span> <span class='ocrx_word' id='word_1_252' title='bbox 1259 2285 1412 2331; x_wconf 88' lang='lat' dir='ltr'><strong>necessa-</strong></span> 
     </span>
     <span class='ocr_line' id='line_1_27' title="bbox 159 2352 1412 2433; baseline -0.001 -19"><span class='ocrx_word' id='word_1_253' title='bbox 159 2371 246 2432; x_wconf 89' lang='lat' dir='ltr'><strong>posso</strong></span> <span class='ocrx_word' id='word_1_254' title='bbox 266 2353 302 2414; x_wconf 75' lang='lat' dir='ltr'><strong>ael</strong></span> <span class='ocrx_word' id='word_1_255' title='bbox 319 2371 401 2414; x_wconf 88' lang='lat' dir='ltr'><strong>ensa</strong></span> <span class='ocrx_word' id='word_1_256' title='bbox 419 2373 463 2431; x_wconf 88' lang='lat' dir='ltr'><strong>se,</strong></span> <span class='ocrx_word' id='word_1_257' title='bbox 477 2365 644 2432; x_wconf 89' lang='lat' dir='ltr'><strong>aeternum,</strong></span> <span class='ocrx_word' id='word_1_258' title='bbox 663 2366 691 2418; x_wconf 90' lang='lat' dir='ltr'><strong>et</strong></span> <span class='ocrx_word' id='word_1_259' title='bbox 705 2375 760 2417; x_wconf 90' lang='lat' dir='ltr'><strong>ne·</strong></span> <span class='ocrx_word' id='word_1_260' title='bbox 800 2355 891 2430; x_wconf 91' lang='lat' dir='ltr'><strong>rium,</strong></span> <span class='ocrx_word' id='word_1_261' title='bbox 908 2356 1092 2433; x_wconf 88' lang='lat' dir='ltr'><strong>absolutum,</strong></span> <span class='ocrx_word' id='word_1_262' title='bbox 1105 2353 1267 2431; x_wconf 82' lang='lat' dir='ltr'><strong>inlinitum3</strong></span> <span class='ocrx_word' id='word_1_263' title='bbox 1283 2352 1341 2414; x_wconf 89' lang='lat' dir='ltr'><strong>hoc</strong></span> <span class='ocrx_word' id='word_1_264' title='bbox 1352 2353 1412 2414; x_wconf 79' lang='grc' dir='ltr'><strong>εἰ·</strong></span> 
     </span>
     <span class='ocr_line' id='line_1_28' title="bbox 159 2436 1411 2520; baseline 0.002 -23"><span class='ocrx_word' id='word_1_265' title='bbox 159 2436 334 2512; x_wconf 87' lang='lat' dir='ltr'><strong>cessarium;</strong></span> <span class='ocrx_word' id='word_1_266' title='bbox 353 2438 523 2500; x_wconf 88' lang='lat' dir='ltr'><strong>nullatenus</strong></span> <span class='ocrx_word' id='word_1_267' title='bbox 537 2449 635 2501; x_wconf 88' lang='lat' dir='ltr'><strong>tamen</strong></span> <span class='ocrx_word' id='word_1_268' title='bbox 651 2440 688 2501; x_wconf 89' lang='lat' dir='ltr'><strong>ab</strong></span> <span class='ocrx_word' id='word_1_269' title='bbox 703 2459 756 2501; x_wconf 91' lang='lat' dir='ltr'><strong>en·</strong></span> <span class='ocrx_word' id='word_1_270' title='bbox 799 2457 835 2516; x_wconf 89' lang='lat' dir='ltr'><strong>go</strong></span> <span class='ocrx_word' id='word_1_271' title='bbox 859 2439 1008 2520; x_wconf 86' lang='lat' dir='ltr'><strong>dependet</strong></span> <span class='ocrx_word' id='word_1_272' title='bbox 1037 2439 1073 2502; x_wconf 83' lang='lat' dir='ltr'><strong>alt</strong></span> <span class='ocrx_word' id='word_1_273' title='bbox 1098 2439 1179 2514; x_wconf 90' lang='lat' dir='ltr'><strong>illis,</strong></span> <span class='ocrx_word' id='word_1_274' title='bbox 1198 2457 1251 2500; x_wconf 89' lang='lat' dir='ltr'><strong>seu</strong></span> <span class='ocrx_word' id='word_1_275' title='bbox 1271 2437 1411 2499; x_wconf 89' lang='lat' dir='ltr'><strong>mundus</strong></span> 
     </span>
     <span class='ocr_line' id='line_1_29' title="bbox 159 2521 1411 2604; baseline 0.001 -22"><span class='ocrx_word' id='word_1_276' title='bbox 159 2521 239 2583; x_wconf 87' lang='lat' dir='ltr'><strong>tibus</strong></span> <span class='ocrx_word' id='word_1_277' title='bbox 258 2521 350 2582; x_wconf 86' lang='lat' dir='ltr'><strong>linitis</strong></span> <span class='ocrx_word' id='word_1_278' title='bbox 369 2522 506 2584; x_wconf 87' lang='lat' dir='ltr'><strong>concludi</strong></span> <span class='ocrx_word' id='word_1_279' title='bbox 525 2532 622 2604; x_wconf 92' lang='lat' dir='ltr'><strong>potest</strong></span> <span class='ocrx_word' id='word_1_280' title='bbox 643 2524 681 2585; x_wconf 89' lang='lat' dir='ltr'><strong>ad</strong></span> <span class='ocrx_word' id='word_1_281' title='bbox 707 2542 760 2585; x_wconf 92' lang='lat' dir='ltr'><strong>ens</strong></span> <span class='ocrx_word' id='word_1_282' title='bbox 800 2530 846 2584; x_wconf 88' lang='lat' dir='ltr'><strong>est</strong></span> <span class='ocrx_word' id='word_1_283' title='bbox 859 2523 924 2604; x_wconf 87' lang='lat' dir='ltr'><strong>ipsa</strong></span> <span class='ocrx_word' id='word_1_284' title='bbox 940 2523 1084 2599; x_wconf 79' lang='lat' dir='ltr'><strong>conditio,</strong></span> <span class='ocrx_word' id='word_1_285' title='bbox 1096 2543 1148 2584; x_wconf 88' lang='lat' dir='ltr'><strong>sen</strong></span> <span class='ocrx_word' id='word_1_286' title='bbox 1161 2541 1261 2596; x_wconf 84' lang='lat' dir='ltr'><strong>causo,</strong></span> <span class='ocrx_word' id='word_1_287' title='bbox 1276 2539 1336 2602; x_wconf 89' lang='lat' dir='ltr'><strong>qua</strong></span> <span class='ocrx_word' id='word_1_288' title='bbox 1348 2540 1411 2602; x_wconf 92' lang='lat' dir='ltr'><strong>po·</strong></span> 
     </span>
     <span class='ocr_line' id='line_1_30' title="bbox 159 2605 1267 2685; baseline 0.001 -20"><span class='ocrx_word' id='word_1_289' title='bbox 159 2605 322 2680; x_wconf 81' lang='lat' dir='ltr'><strong>inlinitum,</strong></span> <span class='ocrx_word' id='word_1_290' title='bbox 344 2607 432 2683; x_wconf 86' lang='lat' dir='ltr'><strong>quale</strong></span> <span class='ocrx_word' id='word_1_291' title='bbox 454 2606 533 2668; x_wconf 85' lang='lat' dir='ltr'><strong>Deus</strong></span> <span class='ocrx_word' id='word_1_292' title='bbox 552 2626 616 2669; x_wconf 84' lang='lat' dir='ltr'><strong>esse</strong></span> <span class='ocrx_word' id='word_1_293' title='bbox 636 2607 736 2670; x_wconf 90' lang='lat' dir='ltr'><strong>debet.</strong></span> <span class='ocrx_word' id='word_1_294' title='bbox 800 2606 869 2682; x_wconf 88' lang='lat' dir='ltr'><strong>sita,</strong></span> <span class='ocrx_word' id='word_1_295' title='bbox 888 2608 987 2669; x_wconf 90' lang='lat' dir='ltr'><strong>existit</strong></span> <span class='ocrx_word' id='word_1_296' title='bbox 1005 2607 1095 2670; x_wconf 76' lang='lat' dir='ltr'><strong>lieris,</strong></span> <span class='ocrx_word' id='word_1_297' title='bbox 1110 2607 1151 2670; x_wconf 83' lang='lat' dir='ltr'><strong>lta</strong></span> <span class='ocrx_word' id='word_1_298' title='bbox 1166 2606 1267 2685; x_wconf 90' lang='lat' dir='ltr'><strong>llegel.</strong></span> 
     </span>
     <span class='ocr_line' id='line_1_31' title="bbox 155 2688 1411 2771; baseline 0.005 -23"><span class='ocrx_word' id='word_1_299' title='bbox 155 2699 161 2722; x_wconf 51' lang='grc' dir='ltr'><strong>ι</strong></span> <span class='ocrx_word' id='word_1_300' title='bbox 203 2690 284 2767; x_wconf 82' lang='lat' dir='ltr'><strong>ltcep.</strong></span> <span class='ocrx_word' id='word_1_301' title='bbox 306 2688 337 2767; x_wconf 88' lang='lat' dir='ltr'><strong>a)</strong></span> <span class='ocrx_word' id='word_1_302' title='bbox 347 2688 471 2751; x_wconf 88' lang='lat' dir='ltr'><strong>Etiamsi</strong></span> <span class='ocrx_word' id='word_1_303' title='bbox 486 2691 638 2752; x_wconf 85' lang='lat' dir='ltr'><strong>conclusio</strong></span> <span class='ocrx_word' id='word_1_304' title='bbox 654 2692 691 2752; x_wconf 85' lang='lat' dir='ltr'><strong>ab</strong></span> <span class='ocrx_word' id='word_1_305' title='bbox 703 2711 759 2753; x_wconf 89' lang='lat' dir='ltr'><strong>eu·-</strong></span> <span class='ocrx_word' id='word_1_306' title='bbox 840 2693 926 2771; x_wconf 84' lang='lat' dir='ltr'><strong>Rcsp.</strong></span> <span class='ocrx_word' id='word_1_307' title='bbox 947 2689 977 2754; x_wconf 86' lang='lat' dir='ltr'><strong>Si</strong></span> <span class='ocrx_word' id='word_1_308' title='bbox 991 2692 1028 2752; x_wconf 92' lang='lat' dir='ltr'><strong>ab</strong></span> <span class='ocrx_word' id='word_1_309' title='bbox 1046 2692 1151 2753; x_wconf 87' lang='lat' dir='ltr'><strong>ellectu</strong></span> <span class='ocrx_word' id='word_1_310' title='bbox 1163 2688 1354 2751; x_wconf 85' lang='lat' dir='ltr'><strong>concluditur</strong></span> <span class='ocrx_word' id='word_1_311' title='bbox 1367 2693 1411 2753; x_wconf 90' lang='lat' dir='ltr'><strong>ad</strong></span> 
     </span>
     <span class='ocr_line' id='line_1_32' title="bbox 160 2771 1409 2852; baseline 0.002 -18"><span class='ocrx_word' id='word_1_312' title='bbox 160 2773 240 2835; x_wconf 89' lang='lat' dir='ltr'><strong>tibus</strong></span> <span class='ocrx_word' id='word_1_313' title='bbox 269 2771 362 2834; x_wconf 84' lang='lat' dir='ltr'><strong>stultis</strong></span> <span class='ocrx_word' id='word_1_314' title='bbox 389 2775 426 2834; x_wconf 89' lang='lat' dir='ltr'><strong>ad</strong></span> <span class='ocrx_word' id='word_1_315' title='bbox 451 2793 505 2837; x_wconf 91' lang='lat' dir='ltr'><strong>ens</strong></span> <span class='ocrx_word' id='word_1_316' title='bbox 527 2775 679 2837; x_wconf 88' lang='lat' dir='ltr'><strong>inlinitum</strong></span> <span class='ocrx_word' id='word_1_317' title='bbox 699 2793 759 2837; x_wconf 92' lang='lat' dir='ltr'><strong>non</strong></span> <span class='ocrx_word' id='word_1_318' title='bbox 800 2781 934 2852; x_wconf 82' lang='lat' dir='ltr'><strong>causam,</strong></span> <span class='ocrx_word' id='word_1_319' title='bbox 956 2776 1029 2838; x_wconf 89' lang='lat' dir='ltr'><strong>haec</strong></span> <span class='ocrx_word' id='word_1_320' title='bbox 1061 2793 1120 2836; x_wconf 91' lang='lat' dir='ltr'><strong>non</strong></span> <span class='ocrx_word' id='word_1_321' title='bbox 1146 2776 1183 2836; x_wconf 75' lang='grc' dir='ltr'><strong>ιιι</strong></span> <span class='ocrx_word' id='word_1_322' title='bbox 1205 2774 1273 2836; x_wconf 89' lang='lat' dir='ltr'><strong>ideo</strong></span> <span class='ocrx_word' id='word_1_323' title='bbox 1291 2773 1330 2834; x_wconf 84' lang='lat' dir='ltr'><strong>ab</strong></span> <span class='ocrx_word' id='word_1_324' title='bbox 1350 2775 1409 2837; x_wconf 93' lang='lat' dir='ltr'><strong>illo</strong></span> 
     </span>
     <span class='ocr_line' id='line_1_33' title="bbox 160 2855 1410 2940; baseline 0.002 -21"><span class='ocrx_word' id='word_1_325' title='bbox 160 2857 282 2933; x_wconf 89' lang='lat' dir='ltr'><strong>valeret,</strong></span> <span class='ocrx_word' id='word_1_326' title='bbox 301 2855 409 2918; x_wconf 86' lang='lat' dir='ltr'><strong>sufficit</strong></span> <span class='ocrx_word' id='word_1_327' title='bbox 427 2866 528 2924; x_wconf 86' lang='lat' dir='ltr'><strong>tomen</strong></span> <span class='ocrx_word' id='word_1_328' title='bbox 539 2859 638 2936; x_wconf 90' lang='lat' dir='ltr'><strong>uobis,</strong></span> <span class='ocrx_word' id='word_1_329' title='bbox 650 2869 684 2920; x_wconf 85' lang='lat' dir='ltr'><strong>ut</strong></span> <span class='ocrx_word' id='word_1_330' title='bbox 697 2877 760 2921; x_wconf 89' lang='lat' dir='ltr'><strong>cer·</strong></span> <span class='ocrx_word' id='word_1_331' title='bbox 800 2860 983 2940; x_wconf 90' lang='lat' dir='ltr'><strong>dependens,</strong></span> <span class='ocrx_word' id='word_1_332' title='bbox 996 2859 1065 2921; x_wconf 88' lang='lat' dir='ltr'><strong>licet</strong></span> <span class='ocrx_word' id='word_1_333' title='bbox 1080 2877 1134 2939; x_wconf 86' lang='lat' dir='ltr'><strong>per</strong></span> <span class='ocrx_word' id='word_1_334' title='bbox 1144 2858 1228 2919; x_wconf 89' lang='lat' dir='ltr'><strong>illum</strong></span> <span class='ocrx_word' id='word_1_335' title='bbox 1242 2875 1410 2935; x_wconf 86' lang='lat' dir='ltr'><strong>cognosca-</strong></span> 
     </span>
     <span class='ocr_line' id='line_1_34' title="bbox 158 2940 1408 3025; baseline 0.002 -23"><span class='ocrx_word' id='word_1_336' title='bbox 158 2950 189 3002; x_wconf 95' lang='lat' dir='ltr'><strong>to</strong></span> <span class='ocrx_word' id='word_1_337' title='bbox 203 2940 420 3013; x_wconf 68' lang='lat' dir='ltr'><strong>sciamusdari</strong></span> <span class='ocrx_word' id='word_1_338' title='bbox 433 2961 487 3004; x_wconf 90' lang='lat' dir='ltr'><strong>ens</strong></span> <span class='ocrx_word' id='word_1_339' title='bbox 505 2962 578 3020; x_wconf 91' lang='lat' dir='ltr'><strong>ase,</strong></span> <span class='ocrx_word' id='word_1_340' title='bbox 590 2953 758 3020; x_wconf 88' lang='lat' dir='ltr'><strong>aeteruum,</strong></span> <span class='ocrx_word' id='word_1_341' title='bbox 801 2950 860 3005; x_wconf 90' lang='lat' dir='ltr'><strong>tur.</strong></span> <span class='ocrx_word' id='word_1_342' title='bbox 881 2942 911 3005; x_wconf 91' lang='lat' dir='ltr'><strong>Si</strong></span> <span class='ocrx_word' id='word_1_343' title='bbox 930 2963 983 3025; x_wconf 90' lang='lat' dir='ltr'><strong>per</strong></span> <span class='ocrx_word' id='word_1_344' title='bbox 1004 2944 1154 3017; x_wconf 84' lang='lat' dir='ltr'><strong>calorem,</strong></span> <span class='ocrx_word' id='word_1_345' title='bbox 1174 2960 1262 3022; x_wconf 88' lang='lat' dir='ltr'><strong>quem</strong></span> <span class='ocrx_word' id='word_1_346' title='bbox 1281 2942 1408 3020; x_wconf 90' lang='lat' dir='ltr'><strong>sentio,</strong></span> 
     </span>
     <span class='ocr_line' id='line_1_35' title="bbox 159 3025 1407 3106; baseline 0.001 -20"><span class='ocrx_word' id='word_1_347' title='bbox 159 3033 346 3086; x_wconf 90' lang='lat' dir='ltr'><strong>caeterorum</strong></span> <span class='ocrx_word' id='word_1_348' title='bbox 364 3025 479 3088; x_wconf 90' lang='lat' dir='ltr'><strong>eutium</strong></span> <span class='ocrx_word' id='word_1_349' title='bbox 491 3045 625 3102; x_wconf 90' lang='lat' dir='ltr'><strong>causam,</strong></span> <span class='ocrx_word' id='word_1_350' title='bbox 645 3037 676 3088; x_wconf 92' lang='lat' dir='ltr'><strong>et</strong></span> <span class='ocrx_word' id='word_1_351' title='bbox 692 3026 759 3090; x_wconf 90' lang='lat' dir='ltr'><strong>ideo</strong></span> <span class='ocrx_word' id='word_1_352' title='bbox 800 3045 928 3106; x_wconf 87' lang='lat' dir='ltr'><strong>agnosco</strong></span> <span class='ocrx_word' id='word_1_353' title='bbox 945 3028 1043 3106; x_wconf 90' lang='lat' dir='ltr'><strong>ignem</strong></span> <span class='ocrx_word' id='word_1_354' title='bbox 1062 3027 1093 3088; x_wconf 86' lang='lat' dir='ltr'><strong>iri</strong></span> <span class='ocrx_word' id='word_1_355' title='bbox 1108 3027 1229 3088; x_wconf 88' lang='lat' dir='ltr'><strong>lornace</strong></span> <span class='ocrx_word' id='word_1_356' title='bbox 1244 3026 1407 3104; x_wconf 88' lang='lat' dir='ltr'><strong>latentem,</strong></span> 
     </span>
     <span class='ocr_line' id='line_1_36' title="bbox 158 3108 1409 3193; baseline 0.002 -23"><span class='ocrx_word' id='word_1_357' title='bbox 158 3108 324 3185; x_wconf 89' lang='lat' dir='ltr'><strong>intellectu,</strong></span> <span class='ocrx_word' id='word_1_358' title='bbox 341 3111 504 3186; x_wconf 83' lang='lat' dir='ltr'><strong>uoluntate,</strong></span> <span class='ocrx_word' id='word_1_359' title='bbox 522 3111 649 3193; x_wconf 88' lang='lat' dir='ltr'><strong>aliisque</strong></span> <span class='ocrx_word' id='word_1_360' title='bbox 663 3113 760 3191; x_wconf 86' lang='lat' dir='ltr'><strong>perle—</strong></span> <span class='ocrx_word' id='word_1_361' title='bbox 801 3113 881 3173; x_wconf 89' lang='lat' dir='ltr'><strong>color</strong></span> <span class='ocrx_word' id='word_1_362' title='bbox 896 3121 997 3174; x_wconf 91' lang='lat' dir='ltr'><strong>manet</strong></span> <span class='ocrx_word' id='word_1_363' title='bbox 1010 3111 1145 3186; x_wconf 82' lang='lat' dir='ltr'><strong>effectus,</strong></span> <span class='ocrx_word' id='word_1_364' title='bbox 1163 3118 1192 3172; x_wconf 87' lang='lat' dir='ltr'><strong>et</strong></span> <span class='ocrx_word' id='word_1_365' title='bbox 1206 3129 1265 3171; x_wconf 92' lang='lat' dir='ltr'><strong>non</strong></span> <span class='ocrx_word' id='word_1_366' title='bbox 1284 3109 1317 3171; x_wconf 84' lang='lat' dir='ltr'><strong>sit</strong></span> <span class='ocrx_word' id='word_1_367' title='bbox 1330 3127 1409 3172; x_wconf 87' lang='lat' dir='ltr'><strong>onu-</strong></span> 
     </span>
     <span class='ocr_line' id='line_1_37' title="bbox 159 3191 1440 3274; baseline 0.002 -20"><span class='ocrx_word' id='word_1_368' title='bbox 159 3191 328 3269; x_wconf 91' lang='lat' dir='ltr'><strong>ctionibus,</strong></span> <span class='ocrx_word' id='word_1_369' title='bbox 348 3203 513 3273; x_wconf 89' lang='lat' dir='ltr'><strong>quaesunt</strong></span> <span class='ocrx_word' id='word_1_370' title='bbox 542 3196 573 3256; x_wconf 92' lang='lat' dir='ltr'><strong>in</strong></span> <span class='ocrx_word' id='word_1_371' title='bbox 592 3196 759 3274; x_wconf 83' lang='lat' dir='ltr'><strong>creaturis,</strong></span> <span class='ocrx_word' id='word_1_372' title='bbox 800 3214 851 3270; x_wconf 84' lang='lat' dir='ltr'><strong>sa,</strong></span> <span class='ocrx_word' id='word_1_373' title='bbox 871 3196 917 3258; x_wconf 88' lang='lat' dir='ltr'><strong>vel</strong></span> <span class='ocrx_word' id='word_1_374' title='bbox 939 3195 1071 3258; x_wconf 92' lang='lat' dir='ltr'><strong>conditio</strong></span> <span class='ocrx_word' id='word_1_375' title='bbox 1093 3193 1181 3274; x_wconf 88' lang='lat' dir='ltr'><strong>iguis.</strong></span> <span class='ocrx_word' id='word_1_376' title='bbox 1202 3227 1245 3241; x_wconf 89' lang='lat'><em>-</em></span> <span class='ocrx_word' id='word_1_377' title='bbox 1261 3192 1295 3256; x_wconf 95' lang='lat' dir='ltr'><strong>ln</strong></span> <span class='ocrx_word' id='word_1_378' title='bbox 1314 3192 1408 3258; x_wconf 90' lang='lat' dir='ltr'><strong>obie-</strong></span> <span class='ocrx_word' id='word_1_379' title='bbox 1438 3269 1440 3274; x_wconf 23' lang='grc' dir='ltr'>Ι</span> 
     </span>
     <span class='ocr_line' id='line_1_38' title="bbox 158 3275 1406 3360; baseline 0.002 -22"><span class='ocrx_word' id='word_1_380' title='bbox 158 3277 327 3339; x_wconf 87' lang='lat' dir='ltr'><strong>eminenter</strong></span> <span class='ocrx_word' id='word_1_381' title='bbox 342 3277 521 3357; x_wconf 89' lang='lat' dir='ltr'><strong>praeditum.</strong></span> <span class='ocrx_word' id='word_1_382' title='bbox 537 3277 570 3357; x_wconf 94' lang='lat' dir='ltr'><strong>b)</strong></span> <span class='ocrx_word' id='word_1_383' title='bbox 586 3275 760 3341; x_wconf 83' lang='lat' dir='ltr'><strong>Scholastici</strong></span> <span class='ocrx_word' id='word_1_384' title='bbox 801 3280 899 3341; x_wconf 91' lang='lat' dir='ltr'><strong>ctione</strong></span> <span class='ocrx_word' id='word_1_385' title='bbox 924 3279 1050 3360; x_wconf 89' lang='lat' dir='ltr'><strong>turpiter</strong></span> <span class='ocrx_word' id='word_1_386' title='bbox 1077 3277 1268 3340; x_wconf 78' lang='lat' dir='ltr'><strong>confunditur</strong></span> <span class='ocrx_word' id='word_1_387' title='bbox 1290 3296 1385 3340; x_wconf 85' lang='lat' dir='ltr'><strong>causa</strong></span> <span class='ocrx_word' id='word_1_388' title='bbox 1396 3326 1406 3357; x_wconf 93' lang='lat'><strong>,</strong></span> 
     </span>
     <span class='ocr_line' id='line_1_39' title="bbox 159 3360 1405 3441; baseline 0.002 -19"><span class='ocrx_word' id='word_1_389' title='bbox 159 3369 258 3422; x_wconf 85' lang='lat' dir='ltr'><strong>autem</strong></span> <span class='ocrx_word' id='word_1_390' title='bbox 281 3379 316 3422; x_wconf 87' lang='lat' dir='ltr'><strong>ex</strong></span> <span class='ocrx_word' id='word_1_391' title='bbox 334 3360 399 3441; x_wconf 90' lang='lat' dir='ltr'><strong>ipsa</strong></span> <span class='ocrx_word' id='word_1_392' title='bbox 426 3363 602 3425; x_wconf 85' lang='lat' dir='ltr'><strong>aeternitate</strong></span> <span class='ocrx_word' id='word_1_393' title='bbox 627 3364 705 3425; x_wconf 87' lang='lat' dir='ltr'><strong>entis</strong></span> <span class='ocrx_word' id='word_1_394' title='bbox 723 3365 760 3425; x_wconf 90' lang='lat' dir='ltr'><strong>ad</strong></span> <span class='ocrx_word' id='word_1_395' title='bbox 801 3365 844 3424; x_wconf 88' lang='lat' dir='ltr'><strong>vel</strong></span> <span class='ocrx_word' id='word_1_396' title='bbox 865 3363 970 3424; x_wconf 87' lang='lat' dir='ltr'><strong>modus</strong></span> <span class='ocrx_word' id='word_1_397' title='bbox 993 3361 1172 3441; x_wconf 79' lang='lat' dir='ltr'><strong>cognitionis</strong></span> <span class='ocrx_word' id='word_1_398' title='bbox 1198 3380 1265 3423; x_wconf 90' lang='lat' dir='ltr'><strong>cum</strong></span> <span class='ocrx_word' id='word_1_399' title='bbox 1289 3379 1405 3439; x_wconf 89' lang='lat' dir='ltr'><strong>causa,</strong></span> 
     </span>
     <span class='ocr_line' id='line_1_40' title="bbox 160 3443 1409 3526; baseline 0.002 -21"><span class='ocrx_word' id='word_1_400' title='bbox 160 3445 316 3506; x_wconf 51' lang='lat' dir='ltr'><strong>infinitam¹</strong></span> <span class='ocrx_word' id='word_1_401' title='bbox 337 3446 402 3507; x_wconf 89' lang='lat' dir='ltr'><strong>eius</strong></span> <span class='ocrx_word' id='word_1_402' title='bbox 435 3447 648 3526; x_wconf 87' lang='lat' dir='ltr'><strong>perlectionem</strong></span> <span class='ocrx_word' id='word_1_403' title='bbox 680 3457 761 3510; x_wconf 86' lang='lat' dir='ltr'><strong>recte</strong></span> <span class='ocrx_word' id='word_1_404' title='bbox 800 3465 853 3508; x_wconf 90' lang='lat' dir='ltr'><strong>seu</strong></span> <span class='ocrx_word' id='word_1_405' title='bbox 870 3447 958 3508; x_wconf 90' lang='lat' dir='ltr'><strong>modo</strong></span> <span class='ocrx_word' id='word_1_406' title='bbox 978 3446 1152 3509; x_wconf 87' lang='lat' dir='ltr'><strong>existentiae</strong></span> <span class='ocrx_word' id='word_1_407' title='bbox 1166 3444 1230 3508; x_wconf 86' lang='lat' dir='ltr'><strong>Dei.</strong></span> <span class='ocrx_word' id='word_1_408' title='bbox 1248 3443 1278 3507; x_wconf 90' lang='lat' dir='ltr'><strong>Si</strong></span> <span class='ocrx_word' id='word_1_409' title='bbox 1296 3445 1333 3506; x_wconf 89' lang='lat' dir='ltr'><strong>ab</strong></span> <span class='ocrx_word' id='word_1_410' title='bbox 1350 3465 1409 3508; x_wconf 87' lang='lat' dir='ltr'><strong>en-</strong></span> 
     </span>
     <span class='ocr_line' id='line_1_41' title="bbox 107 3528 1408 3609; baseline 0.002 -20"><span class='ocrx_word' id='word_1_411' title='bbox 107 3545 108 3548; x_wconf 69' lang='grc'>’</span> <span class='ocrx_word' id='word_1_412' title='bbox 160 3528 296 3591; x_wconf 86' lang='lat' dir='ltr'><strong>concludi</strong></span> <span class='ocrx_word' id='word_1_413' title='bbox 316 3547 402 3608; x_wconf 89' lang='lat' dir='ltr'><strong>posse</strong></span> <span class='ocrx_word' id='word_1_414' title='bbox 420 3530 598 3592; x_wconf 86' lang='lat' dir='ltr'><strong>docuerunt.</strong></span> <span class='ocrx_word' id='word_1_415' title='bbox 622 3530 709 3609; x_wconf 91' lang='lat' dir='ltr'><strong>Nam,</strong></span> <span class='ocrx_word' id='word_1_416' title='bbox 730 3551 761 3592; x_wconf 88' lang='lat' dir='ltr'><strong>a·</strong></span> <span class='ocrx_word' id='word_1_417' title='bbox 801 3528 1349 3608; x_wconf 85' lang='lat' dir='ltr'><strong>tibuscontingentibusconcludimus</strong></span> <span class='ocrx_word' id='word_1_418' title='bbox 1364 3532 1408 3592; x_wconf 79' lang='lat' dir='ltr'><strong>ad</strong></span> 
     </span>
     <span class='ocr_line' id='line_1_42' title="bbox 159 3612 1404 3694; baseline 0.002 -20"><span class='ocrx_word' id='word_1_419' title='bbox 159 3613 236 3690; x_wconf 87' lang='lat' dir='ltr'><strong>lunt,</strong></span> <span class='ocrx_word' id='word_1_420' title='bbox 252 3612 398 3694; x_wconf 91' lang='lat' dir='ltr'><strong>quidquid</strong></span> <span class='ocrx_word' id='word_1_421' title='bbox 412 3621 457 3675; x_wconf 89' lang='lat' dir='ltr'><strong>est</strong></span> <span class='ocrx_word' id='word_1_422' title='bbox 471 3623 639 3693; x_wconf 87' lang='lat' dir='ltr'><strong>aeternum,</strong></span> <span class='ocrx_word' id='word_1_423' title='bbox 656 3625 701 3676; x_wconf 91' lang='lat' dir='ltr'><strong>est</strong></span> <span class='ocrx_word' id='word_1_424' title='bbox 717 3625 762 3676; x_wconf 92' lang='lat' dir='ltr'><strong>et·</strong></span> <span class='ocrx_word' id='word_1_425' title='bbox 800 3633 854 3677; x_wconf 91' lang='lat' dir='ltr'><strong>ens</strong></span> <span class='ocrx_word' id='word_1_426' title='bbox 875 3614 1089 3690; x_wconf 89' lang='lat' dir='ltr'><strong>necessarium,</strong></span> <span class='ocrx_word' id='word_1_427' title='bbox 1107 3613 1316 3676; x_wconf 88' lang='lat' dir='ltr'><strong>etabsolutum</strong></span> <span class='ocrx_word' id='word_1_428' title='bbox 1333 3613 1355 3673; x_wconf 91' lang='lat' dir='ltr'><strong>i.</strong></span> <span class='ocrx_word' id='word_1_429' title='bbox 1372 3633 1404 3677; x_wconf 92' lang='grc' dir='ltr'><strong>ε.</strong></span> 
     </span>
     <span class='ocr_line' id='line_1_43' title="bbox 159 3696 1408 3781; baseline 0.002 -24"><span class='ocrx_word' id='word_1_430' title='bbox 159 3698 217 3758; x_wconf 86' lang='lat' dir='ltr'><strong>iarn</strong></span> <span class='ocrx_word' id='word_1_431' title='bbox 231 3696 359 3758; x_wconf 92' lang='lat' dir='ltr'><strong>abomni</strong></span> <span class='ocrx_word' id='word_1_432' title='bbox 370 3696 429 3759; x_wconf 89' lang='lat' dir='ltr'><strong>alia</strong></span> <span class='ocrx_word' id='word_1_433' title='bbox 442 3716 531 3760; x_wconf 90' lang='lat' dir='ltr'><strong>causa</strong></span> <span class='ocrx_word' id='word_1_434' title='bbox 541 3699 759 3781; x_wconf 86' lang='lat' dir='ltr'><strong>independens,</strong></span> <span class='ocrx_word' id='word_1_435' title='bbox 801 3701 836 3760; x_wconf 89' lang='lat' dir='ltr'><strong>ad</strong></span> <span class='ocrx_word' id='word_1_436' title='bbox 856 3699 962 3772; x_wconf 88' lang='lat' dir='ltr'><strong>Deum,</strong></span> <span class='ocrx_word' id='word_1_437' title='bbox 984 3707 1085 3760; x_wconf 90' lang='lat' dir='ltr'><strong>nostra</strong></span> <span class='ocrx_word' id='word_1_438' title='bbox 1103 3697 1234 3776; x_wconf 90' lang='lat' dir='ltr'><strong>cognitio</strong></span> <span class='ocrx_word' id='word_1_439' title='bbox 1252 3697 1408 3776; x_wconf 88' lang='lat' dir='ltr'><strong>dependet</strong></span> 
     </span>
     <span class='ocr_line' id='line_1_44' title="bbox 159 3780 1406 3859; baseline -0.001 -16"><span class='ocrx_word' id='word_1_440' title='bbox 159 3790 189 3844; x_wconf 90' lang='lat' dir='ltr'><strong>et</strong></span> <span class='ocrx_word' id='word_1_441' title='bbox 206 3780 244 3843; x_wconf 86' lang='lat' dir='ltr'><strong>ab</strong></span> <span class='ocrx_word' id='word_1_442' title='bbox 264 3781 346 3842; x_wconf 91' lang='lat' dir='ltr'><strong>omni</strong></span> <span class='ocrx_word' id='word_1_443' title='bbox 373 3781 544 3845; x_wconf 88' lang='lat' dir='ltr'><strong>conditione</strong></span> <span class='ocrx_word' id='word_1_444' title='bbox 567 3802 621 3846; x_wconf 90' lang='lat' dir='ltr'><strong>seu</strong></span> <span class='ocrx_word' id='word_1_445' title='bbox 640 3783 760 3846; x_wconf 90' lang='lat' dir='ltr'><strong>coutin-</strong></span> <span class='ocrx_word' id='word_1_446' title='bbox 801 3783 838 3844; x_wconf 89' lang='lat' dir='ltr'><strong>ab</strong></span> <span class='ocrx_word' id='word_1_447' title='bbox 853 3783 972 3844; x_wconf 83' lang='lat' dir='ltr'><strong>entibus</strong></span> <span class='ocrx_word' id='word_1_448' title='bbox 990 3781 1243 3859; x_wconf 86' lang='lat' dir='ltr'><strong>contingentibus,</strong></span> <span class='ocrx_word' id='word_1_449' title='bbox 1261 3799 1321 3842; x_wconf 90' lang='lat' dir='ltr'><strong>non</strong></span> <span class='ocrx_word' id='word_1_450' title='bbox 1336 3781 1406 3842; x_wconf 89' lang='lat' dir='ltr'><strong>exi·</strong></span> 
     </span>
     <span class='ocr_line' id='line_1_45' title="bbox 159 3865 1406 3947; baseline -0.001 -21"><span class='ocrx_word' id='word_1_451' title='bbox 159 3865 259 3942; x_wconf 83' lang='lat' dir='ltr'><strong>gentle</strong></span> <span class='ocrx_word' id='word_1_452' title='bbox 272 3865 416 3940; x_wconf 90' lang='lat' dir='ltr'><strong>alienum,</strong></span> <span class='ocrx_word' id='word_1_453' title='bbox 435 3875 524 3947; x_wconf 89' lang='lat' dir='ltr'><strong>atque</strong></span> <span class='ocrx_word' id='word_1_454' title='bbox 539 3865 606 3930; x_wconf 92' lang='lat' dir='ltr'><strong>ideo</strong></span> <span class='ocrx_word' id='word_1_455' title='bbox 625 3886 762 3930; x_wconf 89' lang='lat' dir='ltr'><strong>necessa·</strong></span> <span class='ocrx_word' id='word_1_456' title='bbox 800 3867 908 3928; x_wconf 79' lang='lat' dir='ltr'><strong>stantia</strong></span> <span class='ocrx_word' id='word_1_457' title='bbox 918 3866 982 3927; x_wconf 87' lang='lat' dir='ltr'><strong>Dei.</strong></span> <span class='ocrx_word' id='word_1_458' title='bbox 997 3899 1039 3912; x_wconf 93' lang='lat'><em>-</em></span> <span class='ocrx_word' id='word_1_459' title='bbox 1052 3865 1178 3928; x_wconf 90' lang='lat' dir='ltr'><strong>llundus</strong></span> <span class='ocrx_word' id='word_1_460' title='bbox 1196 3883 1265 3942; x_wconf 89' lang='lat' dir='ltr'><strong>ergo</strong></span> <span class='ocrx_word' id='word_1_461' title='bbox 1285 3865 1406 3926; x_wconf 91' lang='lat' dir='ltr'><strong>solum-</strong></span> 
     </span>
     <span class='ocr_line' id='line_1_46' title="bbox 161 3947 1406 4030; baseline 0 -20"><span class='ocrx_word' id='word_1_462' title='bbox 161 3950 251 4011; x_wconf 89' lang='lat' dir='ltr'><strong>rium.</strong></span> <span class='ocrx_word' id='word_1_463' title='bbox 272 3947 422 4030; x_wconf 84' lang='lat' dir='ltr'><strong>Quidquid</strong></span> <span class='ocrx_word' id='word_1_464' title='bbox 439 3963 538 4012; x_wconf 87' lang='lat' dir='ltr'><strong>autern</strong></span> <span class='ocrx_word' id='word_1_465' title='bbox 558 3960 603 4014; x_wconf 91' lang='lat' dir='ltr'><strong>est</strong></span> <span class='ocrx_word' id='word_1_466' title='bbox 620 3969 760 4013; x_wconf 90' lang='lat' dir='ltr'><strong>necessa·</strong></span> <span class='ocrx_word' id='word_1_467' title='bbox 801 3950 889 4012; x_wconf 91' lang='lat' dir='ltr'><strong>modo</strong></span> <span class='ocrx_word' id='word_1_468' title='bbox 909 3949 969 4012; x_wconf 90' lang='lat' dir='ltr'><strong>dici</strong></span> <span class='ocrx_word' id='word_1_469' title='bbox 988 3957 1086 4029; x_wconf 90' lang='lat' dir='ltr'><strong>potest</strong></span> <span class='ocrx_word' id='word_1_470' title='bbox 1111 3967 1202 4011; x_wconf 87' lang='lat' dir='ltr'><strong>causa</strong></span> <span class='ocrx_word' id='word_1_471' title='bbox 1220 3967 1273 4010; x_wconf 90' lang='lat' dir='ltr'><strong>seu</strong></span> <span class='ocrx_word' id='word_1_472' title='bbox 1293 3949 1406 4010; x_wconf 91' lang='lat' dir='ltr'><strong>condi·</strong></span> 
     </span>
     <span class='ocr_line' id='line_1_47' title="bbox 161 4031 1404 4114; baseline 0 -20"><span class='ocrx_word' id='word_1_473' title='bbox 161 4032 251 4109; x_wconf 91' lang='lat' dir='ltr'><strong>rium,</strong></span> <span class='ocrx_word' id='word_1_474' title='bbox 268 4052 327 4096; x_wconf 93' lang='lat' dir='ltr'><strong>non</strong></span> <span class='ocrx_word' id='word_1_475' title='bbox 346 4042 525 4114; x_wconf 85' lang='lat' dir='ltr'><strong>potestesse</strong></span> <span class='ocrx_word' id='word_1_476' title='bbox 543 4036 589 4096; x_wconf 88' lang='lat' dir='ltr'><strong>rel</strong></span> <span class='ocrx_word' id='word_1_477' title='bbox 606 4053 664 4097; x_wconf 91' lang='lat' dir='ltr'><strong>non</strong></span> <span class='ocrx_word' id='word_1_478' title='bbox 681 4052 759 4111; x_wconf 89' lang='lat' dir='ltr'><strong>esse,</strong></span> <span class='ocrx_word' id='word_1_479' title='bbox 801 4033 854 4109; x_wconf 95' lang='lat' dir='ltr'><strong>tio,</strong></span> <span class='ocrx_word' id='word_1_480' title='bbox 874 4053 934 4114; x_wconf 90' lang='lat' dir='ltr'><strong>qua</strong></span> <span class='ocrx_word' id='word_1_481' title='bbox 952 4033 1048 4114; x_wconf 87' lang='lat' dir='ltr'><strong>posita</strong></span> <span class='ocrx_word' id='word_1_482' title='bbox 1063 4033 1156 4097; x_wconf 87' lang='lat' dir='ltr'><strong>Deum</strong></span> <span class='ocrx_word' id='word_1_483' title='bbox 1179 4031 1404 4110; x_wconf 87' lang='lat' dir='ltr'><strong>cognoscimus,</strong></span> 
     </span>
     <span class='ocr_line' id='line_1_48' title="bbox 161 4117 1407 4197; baseline 0.003 -21"><span class='ocrx_word' id='word_1_484' title='bbox 161 4135 258 4197; x_wconf 90' lang='lat' dir='ltr'><strong>neque</strong></span> <span class='ocrx_word' id='word_1_485' title='bbox 277 4118 345 4193; x_wconf 87' lang='lat' dir='ltr'><strong>hoc,</strong></span> <span class='ocrx_word' id='word_1_486' title='bbox 366 4120 411 4181; x_wconf 88' lang='lat' dir='ltr'><strong>vel</strong></span> <span class='ocrx_word' id='word_1_487' title='bbox 429 4118 493 4179; x_wconf 91' lang='lat' dir='ltr'><strong>alio·</strong></span> <span class='ocrx_word' id='word_1_488' title='bbox 515 4119 603 4180; x_wconf 91' lang='lat' dir='ltr'><strong>modo</strong></span> <span class='ocrx_word' id='word_1_489' title='bbox 622 4117 759 4194; x_wconf 84' lang='lat' dir='ltr'><strong>existere,</strong></span> <span class='ocrx_word' id='word_1_490' title='bbox 801 4126 831 4179; x_wconf 93' lang='lat' dir='ltr'><strong>et</strong></span> <span class='ocrx_word' id='word_1_491' title='bbox 851 4117 919 4179; x_wconf 92' lang='lat' dir='ltr'><strong>ideo</strong></span> <span class='ocrx_word' id='word_1_492' title='bbox 942 4117 1160 4195; x_wconf 90' lang='lat' dir='ltr'><strong>cognoscimus,</strong></span> <span class='ocrx_word' id='word_1_493' title='bbox 1184 4136 1255 4196; x_wconf 85' lang='lat' dir='ltr'><strong>qma</strong></span> <span class='ocrx_word' id='word_1_494' title='bbox 1272 4117 1407 4180; x_wconf 91' lang='lat' dir='ltr'><strong>mundus</strong></span> 
     </span>
     <span class='ocr_line' id='line_1_49' title="bbox 159 4199 1408 4338; baseline 0.003 -78"><span class='ocrx_word' id='word_1_495' title='bbox 159 4199 288 4282; x_wconf 88' lang='lat' dir='ltr'><strong>ideoque</strong></span> <span class='ocrx_word' id='word_1_496' title='bbox 306 4211 351 4264; x_wconf 87' lang='lat' dir='ltr'><strong>est</strong></span> <span class='ocrx_word' id='word_1_497' title='bbox 377 4201 576 4263; x_wconf 88' lang='lat' dir='ltr'><strong>immutabile.</strong></span> <span class='ocrx_word' id='word_1_498' title='bbox 597 4199 629 4262; x_wconf 94' lang='lat' dir='ltr'><strong>ld</strong></span> <span class='ocrx_word' id='word_1_499' title='bbox 647 4209 759 4277; x_wconf 89' lang='lat' dir='ltr'><strong>autern,</strong></span> <span class='ocrx_word' id='word_1_500' title='bbox 778 4215 783 4338; x_wconf 67' lang='lat' dir='ltr'><strong>p</strong></span> <span class='ocrx_word' id='word_1_501' title='bbox 802 4202 865 4282; x_wconf 89' lang='lat' dir='ltr'><strong>ipsc</strong></span> <span class='ocrx_word' id='word_1_502' title='bbox 882 4220 944 4264; x_wconf 92' lang='lat' dir='ltr'><strong>non</strong></span> <span class='ocrx_word' id='word_1_503' title='bbox 962 4201 1117 4276; x_wconf 85' lang='lat' dir='ltr'><strong>existeret,</strong></span> <span class='ocrx_word' id='word_1_504' title='bbox 1138 4200 1163 4261; x_wconf 91' lang='lat' dir='ltr'><strong>si</strong></span> <span class='ocrx_word' id='word_1_505' title='bbox 1185 4219 1245 4262; x_wconf 93' lang='lat' dir='ltr'><strong>uon</strong></span> <span class='ocrx_word' id='word_1_506' title='bbox 1263 4200 1408 4264; x_wconf 84' lang='lat' dir='ltr'><strong>existeret</strong></span> 
     </span>
     <span class='ocr_line' id='line_1_50' title="bbox 162 4283 1216 4368; baseline 0.004 -23"><span class='ocrx_word' id='word_1_507' title='bbox 162 4284 211 4346; x_wconf 85' lang='lat' dir='ltr'><strong>cui</strong></span> <span class='ocrx_word' id='word_1_508' title='bbox 232 4286 345 4368; x_wconf 89' lang='lat' dir='ltr'><strong>aliquid</strong></span> <span class='ocrx_word' id='word_1_509' title='bbox 369 4286 474 4361; x_wconf 92' lang='lat' dir='ltr'><strong>deest,</strong></span> <span class='ocrx_word' id='word_1_510' title='bbox 494 4283 617 4362; x_wconf 87' lang='lat' dir='ltr'><strong>augeri,</strong></span> <span class='ocrx_word' id='word_1_511' title='bbox 642 4293 671 4347; x_wconf 90' lang='lat' dir='ltr'><strong>et</strong></span> <span class='ocrx_word' id='word_1_512' title='bbox 693 4284 761 4350; x_wconf 89' lang='lat' dir='ltr'><strong>ideo</strong></span> <span class='ocrx_word' id='word_1_513' title='bbox 834 4311 865 4360; x_wconf 86' lang='lat' dir='ltr'><strong>m</strong></span> <span class='ocrx_word' id='word_1_514' title='bbox 882 4306 1000 4358; x_wconf 66' lang='lat' dir='ltr'><strong>xtueoor</strong></span> <span class='ocrx_word' id='word_1_515' title='bbox 1015 4303 1216 4364; x_wconf 65' lang='lat' dir='ltr'><strong>eremum-ma.</strong></span> 
     </span>
    </p>
   </div>
   <div class='ocr_carea' id='block_1_3' title="bbox 0 0 1460 4732">
    <p class='ocr_par' dir='ltr' id='par_1_7' title="bbox 0 0 1460 4732">
     <span class='ocr_line' id='line_1_51' title="bbox 0 0 1460 4732; baseline 0 2"><span class='ocrx_word' id='word_1_516' title='bbox 0 0 1460 4732; x_wconf 95' lang='lat' dir='ltr'><strong> </strong></span> 
     </span>
    </p>
   </div>
  </div>
 </body>
</html>
