2918 4734
198 195 238 262 et
590 219 773 266 annaneane
794 217 956 266 namnetas

157 299 236 356 turns
255 297 359 360 eodem
380 301 466 364 modo
486 311 518 365 ut
540 309 708 384 praesentes
730 309 760 363 et
777 301 782 391 Ι
798 299 902 362 iectus.
923 298 999 360 beas
1017 296 1095 362 enim
1114 305 1193 362 certe
1210 294 1317 360 mutari
1342 315 1403 360 ne·

154 380 332 456 praeteritas
350 384 501 464 intuetur,
521 396 550 448 et
576 404 629 466 pro
648 403 702 447 sua
722 403 758 446 o·
797 383 873 464 quit,
887 382 996 445 etideo
1008 400 1316 464 nunquamresnoros
1328 401 1401 444 vno-

155 461 350 543 mnipotentie
369 467 455 532 nobis
475 470 666 532 manifestare
689 476 757 549 pot·
796 485 828 528 re
846 465 999 528 homiuum
1019 465 1155 543 addiscit;
1175 466 1227 528 sed
1245 465 1348 528 omnia
1361 466 1401 527 ab

154 551 210 605 est:
234 563 269 608 ex
293 550 384 612 altera
400 562 482 634 parte
502 555 598 629 heato,
619 553 757 614 facultate
795 559 917 613 aeterno
936 559 968 612 ut
989 550 1156 633 praesentia
1179 549 1268 611 videt.
1284 582 1327 594 -
1341 547 1397 610 Li·

132 634 354 707 ,cognoscendi
381 638 545 718 praeditus,
566 637 618 699 has
635 635 756 698 notitias
794 644 841 696 cet
858 643 957 696 autern
984 653 1068 696 mens
1097 633 1225 696 humana
1242 639 1399 695 aeternam

154 714 306 794 percipere
319 727 426 798 patest;
443 740 509 783 cum
529 721 608 783 enim
624 720 766 800 aliquam¹
795 717 881 794 hanc,
898 728 928 780 et
945 717 1151 779 simultaneam
1172 716 1280 779 mentis
1295 717 1398 778 insani·

154 797 211 857 iam
231 797 398 864 luturoruvn
423 804 558 867 notitiam
586 803 710 865 natarali
727 804 753 864 vi
794 810 840 864 tae
867 803 1022 864 scientiam
1051 800 1303 881 comprehendere
1333 819 1398 862 non

153 888 270 956 teneat,
291 885 378 947 aliam
403 905 438 948 ea
456 887 636 951 revelatione
653 886 754 949 divina
793 886 897 966 possit,
915 887 1041 948 manime
1056 895 1154 947 tamen
1172 893 1202 946 et
1220 883 1349 946 stultitia
1366 894 1397 946 et

153 965 306 1046 acquirere
322 971 409 1032 valet.
751 1002 753 1008 ·
793 970 929 1051 impietas
958 970 1044 1046 foret,
1058 1005 1099 1014 -
1113 977 1233 1050 propter
1249 968 1396 1046 ignoran-

194 1049 224 1109 3.
243 1053 396 1114 moraliter
411 1053 580 1135 prophetias
597 1054 753 1135 possibiles
792 1054 861 1114 tiam
877 1053 957 1116 modi
969 1053 1123 1116 veritatem
1137 1052 1331 1114 certissimam
1344 1071 1397 1115 ne

151 1147 227 1208 esse,
251 1136 314 1196 sale
330 1137 438 1199 clarius
463 1147 596 1218 apparet.
617 1137 752 1219 Prophe·
790 1155 871 1215 gare.

153 1214 211 1276 liae
228 1218 308 1279 enim
327 1239 386 1281 uon
402 1222 496 1283 solum
509 1223 678 1284 nullatenus
692 1223 751 1283 im·
834 1221 898 1285 Odi.
918 1222 949 1282 2.
964 1217 1090 1291 Quaevis
1104 1219 1266 1300 praedictio
1283 1219 1396 1282 divini-

151 1299 274 1379 pediunt
291 1303 364 1364 fiaes
382 1303 447 1380 Dei,
465 1305 606 1382 hominis,
629 1306 750 1384 religio·
791 1314 837 1367 tus
854 1307 1012 1386 patefacta,
1032 1321 1091 1386 qua
1109 1305 1200 1365 latum
1220 1304 1396 1366 inevitabile

131 1382 218 1462 ιηίε,
245 1393 274 1448 ει
298 1389 498 1464 revelationis,
525 1390 576 1452 sed
604 1390 657 1450 has
677 1390 750 1452 mire
790 1389 930 1465 hominis,
947 1398 998 1450 aut
1016 1388 1116 1470 populi
1129 1387 1297 1464 cuiusdam,
1310 1391 1394 1468 quod

150 1479 334 1546 promovent:
356 1483 425 1533 sunt
437 1472 547 1540 etenim
563 1473 751 1555 atpntsatmae
790 1473 828 1536 ab
839 1491 929 1554 opere
939 1475 1065 1554 quodam
1077 1472 1114 1533 ab
1126 1471 1199 1552 ipsis
1214 1480 1395 1552 perpetran-

148 1551 222 1627 Deo,
241 1553 292 1634 qui
307 1572 360 1635 per
374 1555 439 1619 illas
454 1557 649 1638 perfectiones
667 1575 748 1633 suas,
789 1556 979 1638 dependeat,
999 1557 1125 1618 disserte
1142 1553 1350 1632 annuntiatur,
1369 1556 1396 1617 i-

149 1635 280 1698 maxime
296 1639 545 1716 ananiscientiam',
561 1640 749 1722 cunctisspi·
787 1641 860 1702 deae
878 1640 931 1704 Dei
948 1639 1126 1702 sanctissimi
1157 1647 1187 1700 et
1208 1638 1394 1716 benignissi-

147 1716 254 1780 ritibus
268 1723 373 1784 creatis
387 1725 603 1800 sublimiorem,
619 1725 749 1788 manile·
789 1724 827 1784 mi
848 1733 1003 1805 repugnat,
1032 1723 1213 1786 latalismum
1237 1723 1336 1799 lavet,
1363 1734 1395 1786 et

148 1809 218 1879 stat,
234 1811 264 1872 et
282 1805 355 1867 salsa
367 1809 487 1870 oracula
500 1807 667 1885 confundit3
680 1817 749 1870 suut
787 1807 955 1870 libertatern
971 1807 1124 1869 hominurn
1142 1807 1281 1869 moralem
1299 1807 1391 1868 tollit.

147 1887 279 1950 manime
305 1899 513 1955 consentaneae
540 1893 671 1970 homini,
697 1893 748 1973 qui
787 1891 830 1953 Ita
854 1893 1059 1973 Wepachcidcr.

148 1971 276 2034 naturali
292 1973 415 2037 stimulo
431 1977 462 2036 in
476 1974 610 2037 notitiam
630 1976 748 2038 laturo·
827 1977 913 2056 Resp.
928 1977 959 2054 a)
973 1975 1029 2038 Per
1040 1974 1180 2038 vaticinia
1192 1973 1304 2050 divina,
1318 1973 1394 2037 licet

147 2073 215 2118 rum
234 2055 340 2134 lertun
358 2067 427 2120 sunt
438 2061 748 2140 perquamnta'lealte-
786 2079 845 2121 aon
865 2060 979 2141 possint
1004 2077 1064 2122 non
1081 2058 1258 2142 adimpleri,
1286 2067 1392 2121 tamen

148 2139 264 2219 diatoni,
288 2141 358 2221 quia
380 2161 433 2222 per
452 2143 589 2205 vaticinia
611 2143 747 2206 homines
785 2162 841 2205 nec
858 2144 1024 2206 letalismus
1041 2143 1172 2218 lavetur,
1191 2161 1246 2204 nec
1264 2141 1393 2205 libertas

147 2223 368 2294 excitanturad
399 2227 491 2295 Deum
510 2227 690 2303 colendum,
711 2229 747 2289 ad
787 2229 906 2288 moralis
927 2228 1051 2289 tollitur.
1080 2225 1142 2288 Non
1161 2226 1239 2288 enim
1256 2225 1391 2302 eveniet,

147 2307 285 2386 mysteria
299 2307 457 2388 credenda,
473 2310 509 2372 ad
524 2311 618 2374 minas
637 2311 746 2373 timen·
786 2312 855 2392 quia
869 2313 1014 2392 praevisa,
1030 2320 1060 2373 et
1077 2310 1237 2391 praedicta,
1254 2309 1307 2372 sed
1320 2309 1392 2372 ideo

145 2389 211 2466 das,
229 2391 266 2453 ad
283 2394 413 2473 praemia
432 2395 578 2477 sperande
599 2403 656 2456 etc.
678 2404 747 2457 sunt
786 2396 971 2476 praevisa,et
986 2395 1135 2476 praedicta
1150 2403 1195 2457 est
1208 2409 1256 2456 res
1271 2394 1390 2475 aliqua,

145 2473 265 2538 demunt
291 2478 376 2539 valde
403 2480 632 2542 accommodatae
653 2480 745 2542 Reae·
785 2479 855 2559 quia
872 2479 983 2556 luture3
996 2479 1268 2560 ideoqvvesialiqua
1283 2495 1392 2540 neces-

146 2557 261 2634 lutt‘oni‚
281 2577 357 2640 quae
370 2579 422 2642 per
441 2562 611 2644 prophetias
629 2571 661 2624 ut
677 2581 746 2624 vera
784 2563 856 2624 sitas
870 2572 914 2624 est
925 2564 956 2625 in
967 2563 1111 2624 eiusmodi
1121 2562 1390 2643 praedictionibus,

145 2641 300 2722 probatur,
321 2653 349 2706 et
368 2645 495 2725 sigillum
517 2645 677 2708 divinitatis
693 2665 745 2708 ac·
784 2663 843 2708 non
860 2655 904 2708 εει
918 2648 974 2708 nisi
991 2665 1188 2728 consequens,
1199 2654 1228 2707 et
1244 2645 1393 2726 hypothe-

145 2723 228 2808 cipit.
785 2729 864 2810 tica;
891 2731 984 2810 logice
1003 2731 1082 2794 euim
1109 2730 1191 2811 prius
1210 2738 1253 2791 est
1271 2729 1390 2809 aliquid

100 2889 104 2894 Ι
185 2811 273 2873 Nota.
293 2809 401 2874 Contra
419 2812 592 2874 obiectivam
613 2813 744 2894 prophe·
784 2833 861 2892 esse,
880 2834 969 2896 quam
987 2814 1091 2890 videri,
1112 2814 1235 2895 proinde
1254 2814 1390 2874 manile-

97 2940 100 2951 .
140 2891 254 2956 'tiaram
272 2896 497 2978 possibilitatem
516 2897 671 2976 sequentia
688 2917 744 2979 po·
783 2899 854 2960 stari
867 2900 926 2980 (ι).
946 2900 980 2981 h)
995 2897 1024 2962 Si
1042 2900 1151 2960 valeret
1165 2897 1315 2979 proposita
1333 2899 1391 2959 oh-

145 2977 290 3040 tissimum
309 2978 399 3042 dubia
417 2980 529 3043 moveri
546 2980 652 3043 solent.
784 2982 884 3058 lectio,
902 3002 962 3045 non
980 2985 1074 3045 solum
1092 2982 1231 3044 vaticinia
1248 2999 1308 3042 non
1329 2983 1390 3042 avl-

123 3119 125 3138 ,
188 3062 252 3126 Ohi.
275 3063 304 3123 l.
325 3060 408 3134 Quod
436 3063 567 3125 noudum
590 3072 651 3141 est,
670 3065 743 3128 nihil
785 3066 914 3142 mittere,
927 3067 978 3129 sed
994 3077 1023 3129 et
1035 3067 1129 3147 ipsam
1144 3065 1197 3128 Dei
1213 3064 1389 3146 praescien-

146 3152 202 3222 est;
222 3146 304 3226 atqui
316 3147 464 3210 obiectum
481 3147 653 3229 prophetiae
666 3168 743 3210 nora·
785 3150 970 3230 tiamnegare
983 3159 1142 3231 oporteret;
1161 3148 1289 3212 libertati
1302 3149 1386 3210 enirn

145 3227 215 3288 dum
229 3239 284 3304 est,
304 3248 372 3308 ergo
386 3232 460 3293 nihil
478 3240 534 3309 est;
556 3239 585 3293 at
603 3231 682 3312 quod
695 3233 743 3293 ni·
784 3252 844 3295 non
862 3235 955 3312 caragis
977 3233 1156 3315 praedictio,
1182 3251 1268 3314 quam
1294 3251 1388 3312 prae·

144 3309 185 3372 hil
200 3319 256 3387 est,
275 3331 330 3374 nec
349 3316 523 3395 praevideri,
545 3333 599 3378 nec
614 3316 744 3396 praedici
783 3317 856 3379 visio
888 3319 1048 3399 opponitur
1075 3317 1192 3393 diviua,
1218 3333 1295 3397 quae
1319 3317 1386 3379 lolli

144 3403 252 3474 potest;
267 3413 336 3474 ergo
353 3397 543 3478 impossibilis
557 3401 744 3482 estprophe·
770 3413 843 3462 ¹non
872 3409 978 3482 potest.
999 3400 1305 3482 Ast-praescientiam
1329 3401 1387 3463 bei

143 3477 256 3540 tia-lta
279 3481 450 3545 Valtairiaa.
784 3503 843 3545 non
871 3487 975 3547 tollere
1003 3485 1168 3546 libertatem
1198 3485 1385 3561 humanam,

139 3578 142 3627 ἱ
183 3562 269 3643 Rcep.
288 3561 353 3624 Nou
368 3565 440 3634 vidit
457 3564 566 3645 impius
580 3566 743 3644 cavillator,
785 3574 846 3630 tum
864 3568 1048 3649 Philosophi,
1069 3577 1130 3629 tum
1150 3567 1289 3644 Theologi
1312 3570 1385 3630 satis

143 3643 201 3705 hac
232 3646 414 3727 sophismate
436 3649 523 3710 etiam
544 3649 655 3725 evinci,
684 3670 742 3712 non
783 3663 932 3734 superque
954 3653 1158 3716 ostenderunt.
1189 3651 1265 3714 Satis
1289 3652 1385 3713 solide

143 3746 231 3808 posse
250 3731 387 3808 cognosci
411 3731 580 3812 praeterita,
597 3734 667 3812 quia
685 3753 744 3795 non
783 3733 814 3798 S.
831 3736 961 3798 Thomas
979 3735 1035 3817 hq.
1052 3736 1134 3813 dicit,
1155 3737 1286 3798 actiones
1305 3735 1385 3796 libe·

142 3813 271 3893 amplius
297 3821 377 3875 sunl.
403 3813 559 3876 Praeterea
586 3834 685 3878 nonne
702 3817 744 3879 Α·
784 3838 815 3882 re
839 3829 868 3882 et
887 3820 1091 3900 contingenter
1111 3821 1187 3896 heri,
1207 3819 1277 3901 quia
1292 3818 1386 3881 allec

143 3897 265 3975 astrologi
284 3915 403 3978 quoque
422 3899 552 3978 eclypses
568 3899 639 3960 solis
653 3908 683 3961 et
695 3901 744 3960 lu-
784 3922 838 3965 ceu
867 3904 980 3966 liberae
1002 3913 1032 3966 et
1049 3905 1252 3983 contingentes
1270 3904 1386 3983 praevi·

141 3998 197 4041 nae
218 3980 403 4059 praedicunt,
424 4000 500 4062 quae
516 3981 645 4042 nondum
659 3985 744 4046 sunt‘?
783 3987 901 4049 alentur.
918 3986 999 4050 Sicut
1013 4007 1083 4066 ergo
1102 3986 1257 4069 praevisio,
1274 3987 1316 4048 sic
1328 4006 1387 4048 neo

140 4059 305 4125 -Verum
322 4065 459 4144 equidem
475 4073 531 4138 est,
544 4083 591 4138 ea,
606 4083 681 4146 quae
695 4068 744 4128 lu·
784 4072 945 4152 praedictio
972 4071 1070 4133 divina
1095 4074 1259 4135 libertatern
1284 4071 1383 4148 tollit,

141 4147 441 4227 turapraedicuntur,
457 4147 745 4229 nondumessequo-
785 4157 829 4217 vel
848 4153 1028 4217 latalismum
1048 4157 1137 4219 fovet.

141 4228 177 4289 ad
198 4247 263 4304 aas,
284 4232 336 4294 sed
359 4232 419 4295 lieo
438 4233 494 4294 lam
514 4239 582 4294 sual
602 4251 743 4313 praesen·

142 4311 197 4388 tia,
218 4316 288 4395 quia
306 4316 370 4397 lpse
392 4317 516 4399 tempori
534 4335 592 4379 aaa
610 4327 655 4380 est
668 4319 742 4382 sub·
814 4343 1132 4406 papp220„.1,0‚„·205,
