2918 4734
196 179 259 248 tto
596 195 781 248 reuomente
800 195 963 248 ommunm

148 277 315 380 potioribus
342 279 418 344 litto
451 281 632 346 constituae
661 299 753 363 regu·
793 278 1227 360 marumeuramtocalisont,
1242 293 1421 364 nunquam

151 362 195 424 ,ia
793 364 865 429 tatis
885 365 1100 428 meditandum.

193 445 243 510 to.
263 447 394 527 epistota
414 451 436 513 ,Ι
448 453 490 514 od
516 451 753 514 limmlom'ten·
834 447 885 512 l8.
907 449 1068 530 opitulum
1082 441 1352 525 uittttenonom,
1367 449 1422 512 ci·

149 545 193 594 tea
219 531 326 612 scripta
349 532 491 597 lonas.
513 534 605 597 Paulo
624 535 662 597 ob
686 549 753 598 ma·
793 547 856 596 rem
878 530 1104 609 colossensem,
1139 529 1248 594 Paulus
1273 533 1421 616 propria

149 629 236 690 poam
262 617 518 695 sollicitudinem,
537 635 626 700 qoam
645 618 683 680 de
706 620 753 682 llis
793 633 884 680 mauu
903 617 1033 698 scripsit,
1053 631 1179 698 eamque
1195 615 1275 677 misit
1290 633 1352 698 per
1367 613 1421 681 0-

149 697 285 761 fidelibus
307 719 327 762 e
351 719 385 764 se
402 704 554 766 conuersis
577 717 697 782 semper
720 703 751 765 in
792 699 954 779 cesimum,
969 701 1057 762 huius
1073 699 1254 762 Philemonis
1265 715 1418 780 servum,

149 781 237 844 corde
251 784 353 862 gessit.
365 783 479 849 Laudat
494 787 618 868 proinde
634 787 751 848 sinnam
792 799 880 866 quern
891 785 1050 866 Apostolus
1061 779 1342 866 prologumliornae
1358 805 1421 848 su·

149 879 249 928 eorum
268 867 370 946 sidem,
384 870 483 932 eosad
502 873 751 952 perseverantiam
791 869 897 950 scepit,
916 877 1005 951 atquc
1028 869 1061 930 iu
1085 867 1144 930 ttrte
1164 867 1356 946 institutum,
1382 879 1419 932 et

148 950 267 1025 excitet,
278 961 308 1013 et
320 952 398 1014 iuter
409 954 466 1014 alio
478 954 675 1017 salulterritna
690 975 754 1017 mo·
792 953 971 1036 baptizatum
991 953 1027 1014 ed
1046 949 1151 1014 herum
1171 967 1257 1014 suum
1280 953 1420 1016 remisit

148 1032 210 1096 nita
236 1034 275 1098 ob
295 1035 541 1100 incertitudinem
565 1038 626 1102 diei
648 1037 751 1102 iudicii
791 1055 858 1100 cum
874 1037 981 1099 litteris
996 1035 1260 1113 commendatitiis,
1279 1037 1311 1099 in
1327 1037 1417 1119 qui-

148 1115 283 1181 lnortatur
305 1120 343 1182 ad
367 1120 549 1200 vigilantiori
566 1129 597 1185 et
618 1122 698 1186 hona
714 1143 751 1187 o·
792 1122 847 1185 ltus
866 1121 941 1183 miro
959 1121 1084 1184 artificio
1117 1129 1146 1182 et
1166 1119 1277 1199 ingemi
1296 1121 1419 1184 studio

149 1217 231 1282 μονα.
791 1205 821 1268 itl
840 1206 911 1285 ugit,
928 1209 961 1267 ul
978 1221 1045 1268 eum
1064 1197 1203 1267 domiuus
1218 1203 1249 1267 in
1269 1203 1417 1284 gratiam

190 1284 242 1348 tl.
270 1287 421 1366 Epistulae
456 1284 489 1352 lt
502 1290 543 1352 od
568 1291 751 1354 lltetsolmti-
790 1290 925 1370 recipiat.

149 1385 245 1432 moses
258 1372 443 1433 occasionem
462 1373 543 1435 dedit
565 1375 673 1455 prima,
692 1393 752 1456 qua
833 1375 884 1436 tlt.
908 1371 1042 1452 Epistola
1056 1374 1095 1436 od
1111 1370 1269 1450 Hebraeos,
1290 1367 1321 1433 iti
1342 1379 1417 1450 est,

149 1452 348 1516 abutebantur
362 1455 542 1520 fraudulenti
556 1458 675 1538 quitiam
694 1461 751 1520 do·
792 1456 827 1520 ad
839 1457 940 1520 indoles
952 1471 986 1519 ex
999 1453 1326 1532 ludaismoeouveroos,
1341 1455 1419 1520 siu·

150 1542 245 1598 ctores
270 1536 308 1599 atl
336 1539 490 1603 terrendos
509 1542 634 1618 utetes,
666 1543 751 1622 quasi
790 1541 886 1620 gulari
905 1541 1031 1602 attilicio
1051 1547 1080 1602 ol
1100 1539 1268 1602 elocutione
1289 1540 1416 1603 elabo-

149 1619 212 1684 ties
229 1619 332 1684 iudicii
346 1623 408 1684 iarn
428 1624 562 1687 instaret.
580 1616 655 1687 Hine
671 1625 752 1688 Pau·
792 1635 857 1687 rata
881 1623 1084 1703 excellentiam
1115 1623 1187 1702 legis
1207 1641 1302 1684 norae
1327 1643 1417 1704 prae

150 1703 196 1766 lus
220 1703 307 1768 docet
320 1751 329 1782 ,
354 1715 472 1789 tempus
494 1709 596 1778 iudicii
620 1710 750 1771 nondum
792 1707 881 1771 veteri
902 1709 1002 1770 multis
1024 1705 1120 1769 modis
1144 1707 1354 1784 demonstrat,
1379 1719 1418 1772 el

72 1839 74 1842 .
150 1787 264 1863 adesso,
283 1791 369 1852 ouius
386 1792 445 1853 duo
460 1793 510 1854 dat
525 1793 695 1856 authentica
706 1794 752 1856 si·
793 1789 942 1855 Hebraeos
960 1809 1065 1854 recens
1083 1807 1239 1853 conversos
1252 1789 1290 1852 etl
1305 1793 1418 1855 malo-

149 1889 205 1949 goa
224 1872 296 1936 illud
314 1875 534 1954 praecedentia,
554 1893 661 1958 nempe
676 1895 751 1958 apo·
792 1892 857 1938 tum
879 1875 1078 1954 tolerantium,
1097 1883 1127 1937 et
1142 1874 1415 1956 ¹perseuerantiam

149 1955 269 2019 simiam
298 1976 315 2018 a
340 1957 417 2033 lide,
435 1966 465 2022 ol
483 1959 641 2022 adrentum
663 1961 751 2023 Anti·
792 1960 862 2023 lltlei
884 1961 1067 2022 adhortatur.
1095 1957 1199 2022 Graeci
1224 1957 1304 2020 hanc
1330 1959 1415 2041 epi-

150 2038 264 2104 cltristi.
288 2039 424 2103 Ceterum
443 2061 510 2104 cum
531 2043 609 2121 illos,
625 2047 703 2125 quos
720 2046 750 2108 iu
792 2041 1415 2126 stolamsemperApostoloPauloadscri-

151 2123 241 2203 priori
258 2126 383 2205 epistola
402 2135 436 2188 ut
456 2128 566 2190 otiosos
583 2137 613 2190 et
631 2129 751 2210 inquie·
794 2137 928 2208 pserunt,
946 2128 988 2188 uti
1004 2127 1093 2190 etiarn
1119 2126 1198 2188 iuter
1222 2123 1348 2188 Latinos
1371 2129 1412 2193 S.

151 2215 196 2269 tos
222 2207 358 2271 ltoroines
381 2219 543 2288 notaverat,
568 2213 697 2274 nondum
716 2233 752 2276 e·
794 2211 926 2276 Clemens
949 2213 1034 2275 Rom.
1055 2213 1107 2288 Ρ.,
1132 2209 1163 2274 S.
1192 2209 1347 2285 Hilarior,
1372 2214 1411 2278 S.

151 2292 304 2354 mendatos
330 2311 395 2355 esse
417 2294 612 2375 intellexerat,
631 2297 751 2360 eosdem
794 2293 1068 2376 opposuimus.
1082 2293 1267 2371 Ancorarius,
1281 2295 1314 2358 S
1328 2297 1413 2360 Hie·

152 2393 230 2442 uultu
248 2376 347 2438 acrius
364 2379 498 2458 castigat.
792 2397 947 2461 runpmtts,
967 2379 999 2444 S.
1020 2377 1209 2460 Attpttstitt'tta
1223 2385 1252 2440 et
1267 2379 1330 2440 alii.
1347 2383 1412 2460 ιΑ-

194 2459 244 2520 15.
259 2461 390 2540 Epistolo
408 2463 427 2524 Ι
443 2465 482 2526 od
506 2464 687 2528 timotheum
714 2463 752 2526 ab
794 2464 866 2544 liqui
887 2473 984 2525 tamen
1001 2464 1079 2524 iuter
1090 2459 1211 2525 Latinos
1226 2462 1318 2524 dubia
1331 2483 1413 2527 mo-

151 2540 429 2622 rlpostologentium
442 2549 549 2629 scripta
560 2556 615 2624 est,
630 2557 662 2609 ut
674 2549 754 2611 ltunc
793 2555 898 2609 uerum
915 2549 995 2610 eirca
1010 2554 1160 2608 auctorem
1175 2546 1265 2608 liuius
1276 2544 1411 2628 Episto-

152 2625 292 2689 dileotum
310 2629 487 2711 Episcopum
506 2632 700 2713 Ephesiuum,
715 2651 753 2693 o·
794 2633 851 2706 lae,
871 2650 959 2713 quam
982 2627 1072 2692 Paulo
1094 2630 1315 2705 abiudicaruut,
1336 2641 1412 2695 tutu

152 2728 296 2794 muesque
310 2714 475 2776 enituerunt
490 2727 622 2796 pastores
636 2717 751 2792 doceat,
794 2716 863 2796 quia
875 2716 961 2778 stilus
973 2734 990 2776 a
1002 2714 1123 2796 reliquis
1137 2713 1271 2796 epistolis
1285 2714 1412 2794 differt,

152 2796 302 2874 quomodo
319 2797 438 2860 animae
455 2800 557 2862 lideles
575 2799 673 2861 verbis
685 2811 714 2861 et
724 2819 755 2862 e·
795 2809 855 2860 tum
872 2800 942 2880 quia
960 2817 1068 2861 nomeu
1083 2795 1166 2859 Pauli
1182 2798 1219 2859 alt
1238 2797 1325 2860 initio
1338 2819 1412 2863 raon

152 2881 321 2961 xetnplisad
335 2883 485 2946 assiduum
497 2883 613 2946 uirtutis
622 2884 752 2945 studium
793 2884 980 2963 exprimitur.
998 2880 1057 2944 Sed
1073 2881 1229 2944 difficultas
1243 2899 1279 2944 ex
1298 2881 1414 2944 diror-

152 2963 335 3041 diri-gendae,
356 2966 393 3029 alt
414 2967 565 3028 erroribus
587 2977 699 3045 autem,
726 2976 755 3030 et
794 2967 880 3030 sitate
896 2968 955 3029 stili
975 2968 1066 3047 petito
1081 2966 1162 3026 nullo
1179 2973 1237 3042 est,
1256 2965 1327 3046 quia
1340 2966 1412 3030 dici

45 3076 47 3084 ·
154 3049 284 3127 peccetis
302 3051 535 3128 praesentandae
550 3051 621 3113 sint.
796 3058 891 3130 potest
918 3051 963 3114 vel
988 3069 1056 3111 com
1080 3049 1296 3130 Tltcopltplutto,
1318 3053 1411 3130 quod

198 3134 249 3196 lo.
274 3132 438 3211 Epistulam
458 3135 490 3197 ll
509 3137 549 3198 od
576 3135 755 3198 Timotheum
796 3135 869 3196 haec
885 3135 1010 3215 epistola
1027 3136 1138 3214 scripta
1158 3134 1197 3194 sit
1220 3133 1363 3196 lteltroice
1391 3155 1412 3197 u

155 3216 274 3296 scripsit
291 3215 416 3280 tantos
439 3237 474 3280 ex
494 3220 632 3280 secundis
655 3219 756 3281 rincn-
796 3218 829 3280 tt.
848 3215 952 3295 Paulo,
965 3218 1043 3280 etalt
1060 3218 1219 3297 interprete
1231 3217 1326 3298 perito
1341 3226 1412 3281 tra-

154 3301 193 3364 lis
212 3299 299 3379 paulo
319 3310 387 3363 aute
403 3313 540 3379 mortem,
554 3303 644 3364 ueluti
664 3313 754 3365 testa·
796 3303 885 3364 ducta
902 3320 1020 3380 graece,
1038 3301 1099 3364 sive
1124 3301 1213 3362 luerit
1236 3299 1268 3362 S.
1288 3297 1414 3378 LuraS,¹

155 3394 287 3447 utentum
307 3384 344 3444 alt
363 3387 474 3465 optimo
494 3397 577 3468 patre
596 3387 756 3449 dilectissi-
795 3387 856 3448 site
875 3381 965 3448 alius:¹
992 3387 1035 3448 rel
1059 3403 1125 3446 rum
1154 3385 1297 3465 Oripette,
1319 3387 1409 3465 quod

156 3488 204 3530 tuo
224 3467 285 3529 itlio
304 3468 449 3530 relietum.
796 3470 940 3548 cogitatus
955 3470 1074 3551 quidem
1094 3469 1153 3530 siut
1176 3467 1210 3530 D.
1233 3467 1329 3542 l‘rtuli,
1351 3469 1410 3531 di-

199 3553 250 3613 l'l.
270 3552 403 3629 Epistola
428 3553 468 3616 oti
487 3555 582 3616 Titum
600 3561 645 3616 est
671 3553 755 3635 qttasi
796 3556 854 3616 etio
874 3573 942 3616 tero
961 3555 1133 3615 elicttittsett
1152 3553 1217 3614 eius
1231 3551 1410 3634 discipulis,

156 3637 755 3718 compendiumutriusqueod'l'imotltenm
796 3639 846 3719 qui
873 3639 929 3700 tott
952 3638 1045 3718 ipsius
1067 3637 1164 3699 scriba
1187 3645 1218 3700 el
1238 3637 1405 3718 interpres.

157 3719 311 3802 epistotae.
332 3719 363 3780 ln
383 3721 435 3782 illa
454 3721 531 3782 enim
552 3722 691 3784 dilectum
708 3722 756 3784 di·
797 3721 973 3804 Suppressio
988 3721 1117 3784 notuiuis
1131 3721 1274 3782 declarari
1289 3729 1409 3798 potest,

157 3804 418 3885 scipuluut,queut
438 3803 619 3868 Cretensium
637 3807 758 3888 Episco-
797 3807 867 3886 quoia
886 3805 969 3866 Pauli
994 3824 1101 3868 nomeu
1128 3813 1190 3866 erat
1214 3803 1332 3866 lusineio
1353 3807 1408 3866 in-

158 3908 228 3969 pum
259 3891 470 3965 constituerat,
490 3909 542 3970 pro
564 3891 674 3967 divina,
699 3910 757 3972 qua
797 3885 926 3966 tonsum,
945 3888 1117 3964 etaliunde,
1138 3891 1178 3950 ait
1193 3889 1408 3966 Tittutlorttus,

77 3979 79 3984 ‘
158 3972 312 4054 praeditus
336 3982 412 4047 erat,
447 3975 591 4054 sapientie
621 3977 756 4050 instruit,
797 3973 970 4048 Gentilium,
985 3993 1041 4035 nott
1056 3973 1232 4035 ludaeorum
1251 3973 1406 4034 coustitu-

159 4056 310 4136 quomodo
335 4075 442 4118 tutunus
466 4058 644 4139 episcopale*
656 4077 759 4136 gerere
799 4067 846 4119 lus
863 4068 926 4119 erat
938 4059 1106 4137 Apostolum
1120 4057 1187 4118 irleo
1203 4056 1406 4137 apostolis-utu

160 4141 179 4200 tl
200 4141 278 4201 beet.
291 4137 438 4220 Quidquid
455 4142 484 4201 iu
503 4143 565 4203 istis
583 4142 675 4201 tribus
693 4143 760 4218 epi-
801 4159 908 4203 numen
929 4159 985 4202 uou
1011 4143 1092 4222 ponit
1111 4141 1159 4203 ltic
1177 4140 1206 4201 iu
1233 4143 1402 4220 prooemio.

161 4224 245 4284 stolis
264 4227 442 4297 continetur,
461 4233 541 4286 lanto
561 4225 698 4300 magistro
712 4225 762 4284 di·
800 4223 934 4286 Ceterum
962 4243 1040 4286 nuuc
1065 4245 1123 4287 nou
1147 4226 1212 4286 sine
1235 4227 1408 4285 tenteritate

163 4323 253 4384 prtum
275 4316 332 4384 est,
352 4319 381 4372 et
398 4309 550 4385 omnibus,
569 4307 619 4388 qui
635 4308 671 4370 ad
695 4307 763 4368 oni·
800 4308 892 4371 Paulo
910 4309 983 4371 haee
997 4309 1122 4390 epistola
1135 4309 1277 4389 ohttegori
1292 4317 1406 4389 potest,
