2962 4736
474 223 549 270 unns
565 224 610 272 ur.
629 225 730 288 suerro
747 227 780 273 u.
800 227 894 274 canor
911 227 942 275 r.
1225 213 1290 277 stt

82 313 124 358 ex
137 295 385 379 principio,quod
402 301 474 364 dicit
486 322 590 366 omnes
606 305 688 368 ideas
729 306 859 384 animae,
877 315 940 368 tum
964 323 1082 368 omnem
1099 306 1281 387 Religionem
1301 311 1331 370 in

86 400 106 442 e
118 381 257 475 sensibus
275 383 455 464 dependere,
468 388 581 466 intulit,
593 389 688 470 ipsam
729 390 852 451 dubium
865 391 991 466 vocarit,
1003 391 1072 471 qnia
1081 392 1154 454 haec
1167 397 1267 455 omni-a
1282 411 1331 476 per

87 469 409 546 ammam,quaeideas
418 473 556 552 percipit,
569 475 689 536 nonnisi
728 493 834 536 sensus
865 493 926 535 non
952 475 1170 555 percipiuntur.
1190 478 1332 540 'Eundem

88 549 122 612 in
139 552 263 612 materia
283 553 457 632 consistere,
474 566 503 617 et
520 557 585 620 ideo
601 577 689 620 omne
728 555 954 640 Scepticismnm
967 560 1045 620 circa
1060 559 1173 634 omnia,
1190 579 1266 641 qnae
1278 561 1335 623 Re·

88 653 145 696 ens
153 634 320 713 spirituale,
330 637 587 720 ipsumquelieum
600 659 689 720 nega·
728 643 869 720 ligicnem
890 643 1210 719 attinenr,'dilatarunt
1225 657 1254 705 et
1268 665 1334 726 pro·

92 718 144 780 rit.
155 717 254 800 biblii
265 719 438 804 Philosophi
454 725 633 786 contrariam
644 728 690 787 in-
729 733 876 806 pegarunt
888 727 990 806 Bople,
1010 727 1150 804 Volteirc,
1168 728 1332 806 Roursecc,

90 803 689 885 cuntesxiam,etcugnitioneshomanas
729 819 787 872 etc.
811 845 853 856 -
872 811 952 872 liunt
975 812 1114 892 equidem
1138 810 1333 891 Scepticismo

90 906 152 948 noo
172 905 208 948 ex
224 889 374 965 sensibus,
393 892 444 954 sed
462 911 498 954 ex
510 894 575 974 ipse
590 895 690 956 anima
712 894 831 957 llumii
850 907 880 956 et
902 896 1029 956 aliorum
1051 914 1083 956 se
1107 915 1257 977 opponere
1280 915 1334 958 co-

91 979 273 1052 repetentes,
285 975 474 1040 identtcmnn
485 991 689 1057 procrearunt.
731 989 818 1040 natus
837 989 893 1041 est.
913 978 983 1041 Ideo
1006 980 1153 1041 rationem
1169 980 1200 1040 in
1217 975 1334 1042 theore-

90 1056 169 1120 Huic
177 1076 249 1118 sane
262 1077 363 1128 ansam
376 1061 514 1140 praebuit
526 1063 689 1139 Curiosius,
733 1063 833 1138 ticam,
847 1065 878 1124 in
892 1064 1053 1145 practicam
1072 1072 1101 1124 et
1112 1064 1143 1123 in
1159 1064 1335 1144 empiricam

93 1141 165 1203 dnm
183 1141 301 1204 innatas
314 1143 432 1207 animae
443 1145 525 1210 ideas
539 1148 690 1224 assumsit,
732 1147 841 1223 divisit,
857 1157 886 1208 et
900 1149 931 1208 in
943 1149 1058 1209 ratione
1072 1148 1236 1210 theoretica
1250 1149 1336 1209 inna-

93 1243 173 1306 quae
191 1245 209 1287 a
231 1227 321 1288 rebus
343 1227 537 1291 existentibus
566 1231 608 1293 ita
632 1250 691 1292 non
734 1240 778 1292 tas
804 1232 841 1293 de
859 1241 994 1313 tempore
1012 1242 1041 1294 et
1059 1233 1154 1311 spatio
1180 1232 1280 1309 ideas,
1302 1252 1336 1293 ac

93 1311 694 1394 dependeant,uthaepotiusdependeant
733 1324 828 1377 certas
838 1317 1015 1392 categorias,
1029 1332 1081 1376 seu
1096 1317 1174 1392 leges
1186 1316 1335 1393 cogitandi

95 1393 221 1456 abillis:
243 1395 370 1465 similem
389 1397 535 1458 theoriam
554 1400 693 1461 elabora·
734 1401 895 1471 assumsit,
923 1401 1003 1462 iuxta
1029 1419 1103 1480 quas
1122 1401 1234 1474 omnia,
1260 1419 1337 1480 qnae

96 1479 692 1561 runtLet‘boiticsctWolfiur,itatamen,
734 1492 815 1546 extra
835 1483 986 1545 hominem
1005 1485 1197 1562 contingunt,
1223 1485 1337 1544 diiudi-

97 1573 131 1624 ut
148 1565 334 1643 personalem
360 1565 411 1626 llei
433 1567 642 1642 existentiam,
666 1576 695 1628 et
735 1568 829 1629 canda
855 1576 937 1644 sunt,
960 1587 995 1629 ex
1024 1568 1133 1648 quihus
1166 1569 1337 1648 praemissis

97 1647 260 1726 Religionis
273 1667 306 1708 ac
320 1648 519 1712 Reueletionis
537 1651 696 1713 necessita·
735 1652 847 1728 intulit,
869 1671 929 1713 non
948 1661 1007 1712 tam
1023 1652 1206 1728 cognitiones
1221 1663 1337 1714 nostras

99 1741 158 1794 tem
177 1752 238 1794 non
256 1743 410 1812 negarent.
430 1735 510 1798 Korrt
524 1755 643 1816 quoque
659 1735 696 1796 ab
737 1735 858 1798 erebus
875 1735 1081 1808 existentibus,
1099 1736 1150 1796 sed
1170 1737 1222 1796 has
1239 1735 1337 1817 potins

99 1817 155 1878 hac
173 1815 288 1878 theoria
306 1837 365 1878 non
386 1817 552 1895 abhorruit,
573 1829 603 1880 et
616 1813 698 1880 ideais
737 1819 774 1881 ab
790 1821 848 1880 illis
866 1820 1044 1899 dependere.
1057 1821 1108 1880 hst
1121 1854 1133 1864 -
1148 1838 1215 1880 cum
1229 1819 1258 1880 id
1270 1838 1338 1880 sen-

100 1901 216 1982 aliquas
233 1901 350 1962 innatas
363 1902 494 1975 admisit3
508 1904 560 1964 scd
579 1905 616 1964 in
633 1904 699 1983 phi·
738 1904 784 1966 sui
803 1905 954 1965 communi
977 1912 1006 1964 et
1026 1903 1154 1964 naturali
1174 1903 1338 1964 intellectui

101 1985 236 2067 losophia
249 2005 303 2046 sua
322 1985 423 2046 critica
442 1987 536 2066 ipsam
552 1989 698 2048 rationem
739 1995 895 2068 repugnet,
915 1997 945 2049 et
964 1997 1054 2049 totam
1074 2006 1172 2048 rerum
1190 1997 1271 2048 extra
1289 1987 1340 2047 ho·

100 2071 171 2132 crisi
189 2069 362 2144 subiiciens,
382 2071 516 2131 dividens
538 2081 567 2132 et
581 2090 697 2149 secans,
741 2075 850 2134 minem
886 2072 1119 2148 contingentium
1152 2071 1339 2132 existentiam

100 2154 211 2216 rationi
241 2153 420 2215 theoreticae
447 2156 559 2216 nullam
585 2158 621 2217 de
640 2155 699 2216 lieo
740 2158 860 2219 dubiam
876 2155 1259 2236 reddat,Scepticismnsab
1274 2156 1340 2235 ipso

103 2238 701 2319 caeterisquerebnstranscendentalibus
741 2262 802 2302 non
815 2241 973 2316 refutatus,
989 2241 1040 2301 sed
1057 2241 1230 2300 immutatus
1246 2248 1275 2300 et
1289 2258 1342 2300 au·

103 2324 201 2386 ideam
224 2324 323 2385 inesse
353 2332 530 2403 propugnat.
561 2324 701 2386 Eiusdem
742 2335 806 2387 ctus
826 2325 893 2386 luit.
913 2323 1126 2404 -dlUltimo
1145 2324 1264 2384 demum
1290 2341 1342 2403 per

103 2407 313 2487 Philosophiae
331 2408 449 2470 criticae
465 2408 619 2490 principiis
632 2409 704 2469 insi·
742 2407 1344 2488 recentioremPhilosophiamctiamPcrt·

103 2502 186 2555 stens
212 2492 314 2554 Fichtc
341 2510 473 2572 eousque
496 2493 651 2573 pervenit,
672 2501 706 2553 ut
743 2495 992 2573 tbcismns,quem
1004 2493 1204 2554 multiiamex
1217 2491 1344 2553 ethnicis

105 2577 238 2650 doceret,
259 2595 362 2638 omnes
384 2575 567 2652 cognitiones
582 2579 623 2638 ita
640 2595 705 2640 csse
744 2577 931 2658 Philosophis
951 2585 1125 2653 tenuerant,
1150 2575 1345 2655 reproductus

104 2680 123 2724 a
140 2669 240 2722 mente
258 2660 404 2738 cogitante
414 2661 584 2740 productas,
599 2674 632 2723 ut
643 2680 706 2722 om·
746 2671 801 2723 est.
817 2660 902 2722 Hunc
916 2659 1050 2740 Spinczo
1065 2661 1271 2723 mathematica
1284 2676 1348 2719 me·

105 2763 161 2806 nes
170 2762 218 2806 res
234 2751 315 2806 extra
333 2746 371 2807 Tc
382 2744 443 2822 Ego
455 2755 577 2807 eatenus
592 2753 706 2814 tantum
748 2745 836 2807 thado
862 2743 989 2826 probare
1016 2754 1139 2806 conatus
1155 2752 1206 2805 -est
1230 2744 1259 2824 (ξ
1278 2743 1353 2822 38).

106 2828 256 2905 existant,
286 2839 433 2908 quatenns
462 2829 638 2905 cogitantur.
663 2829 706 2891 hu
748 2829 881 2893 Eundem
905 2847 1034 2891 errorem
1054 2829 1105 2889 alii
1122 2829 1192 2890 licet
1210 2847 1245 2889 ex
1258 2828 1349 2888 uariis

107 2931 259 2975 snrnmum
272 2913 388 2974 tandem
401 2913 515 2993 apicem
531 2913 612 2975 hunc
630 2914 710 2975 idea·
749 2913 912 2995 principiis·
931 2920 1166 2993 propugnarunt.
1191 2912 1234 2974 Ex
1255 2910 1349 2972 liete-

106 2997 231 3059 lismum
252 2997 383 3077 prouexit
406 2998 556 3078 Hepeh'trs,
575 2999 606 3059 in
624 2997 710 3059 cuins
749 2999 882 3059 rialismo
912 2997 1027 3057 videtur
1059 2997 1203 3074 originem
1233 2996 1352 3057 duxisse

108 3089 268 3162 systemate
293 3081 390 3142 omnis
415 3082 558 3162 empirica
582 3082 710 3160 cognitio
750 3080 958 3143 Pantheismus
973 3080 1158 3160 Schellt'rtpr'i,
1179 3079 1280 3161 quiad
1299 3099 1352 3161 ap·

109 3166 289 3241 evanescit,
328 3184 417 3228 omne
449 3166 529 3227 reale
561 3166 710 3228 obiectum
752 3162 1354 3246 pugnandumldealismum,constituen-

110 3259 194 3312 extra
220 3257 349 3310 mentem
374 3249 551 3328 cogitantem
584 3251 712 3311 existens
753 3252 883 3329 dumque
902 3247 1083 3319 Realismum
1104 3248 1287 3324 absolutum,
1303 3268 1353 3330 sp-

111 3342 250 3411 negatur,
275 3342 305 3396 et
332 3332 410 3394 licus
431 3334 507 3415 ipse,
535 3333 586 3413 qni
616 3332 713 3396 uerbis
753 3330 847 3396 stema
866 3331 1026 3394 theoretice
1042 3331 1153 3392 invexit
1171 3330 1352 3408 Identitatis,

111 3417 291 3492 admittitur,
305 3417 462 3480 nonnisiin
472 3427 570 3480 mente
582 3418 714 3480 humana
755 3417 951 3496 asseruitque,
961 3423 1096 3477 naturam
1107 3415 1356 3478 esselnndamen·

113 3501 263 3580 cogitante
278 3502 324 3563 sui
344 3503 481 3564 conscius
498 3503 531 3563 fit
549 3502 608 3582 (l).
627 3503 657 3583 c)
672 3500 714 3562 Ex
756 3512 817 3563 tnm
834 3499 1007 3562 existentiae
1024 3498 1090 3575 Dei,
1115 3499 1300 3579 eandemque
1323 3500 1355 3561 in

113 3585 256 3668 praelatis
275 3585 489 3668 philosophicis
507 3585 716 3666 systematihns
755 3586 816 3648 lleo
839 3583 1120 3646 consubstantialem
1139 3601 1204 3644 esse
1223 3583 1354 3662 spiritui,

113 3669 193 3734 alius
217 3687 335 3750 quoque
366 3688 466 3747 error,
486 3671 638 3732 nonnullis
656 3670 716 3730 iam
757 3669 891 3751 quamvis
906 3668 937 3729 in
956 3675 1077 3729 externa
1093 3666 1324 3728 tantummanil
1341 3701 1356 3714 -

115 3752 245 3819 ethnicis
259 3753 448 3833 Philosophis
466 3754 614 3834 proprius,
629 3753 718 3816 nimi·
758 3754 884 3816 statione
903 3769 938 3813 ac
951 3752 1047 3813 forma
1058 3752 1097 3812 sit
1111 3750 1148 3812 ab
1164 3752 1215 3812 illo
1228 3751 1355 3813 diversa.
1435 3779 1437 3795 ·

114 3856 183 3901 rum
203 3838 414 3918 Scepticirmcs,
439 3837 552 3900 iterum
567 3839 598 3900 in
620 3838 717 3899 lucem
758 3873 800 3884 -—
814 3837 837 3898 ll
853 3847 955 3897 contra
973 3855 1009 3897 ex
1025 3834 1181 3897 ldealismo
1201 3834 1356 3915 progredi-

115 3920 238 4004 prodiit.
258 3918 305 3983 Sic
330 3921 426 3984 David
452 3923 602 3998 Hemina,
631 3919 718 3983 Lolli
760 3930 808 3982 tur
825 3917 1033 3981 Pantheismus
1059 3919 1183 3999 Hcpelt'i,
1211 3918 1263 3999 qui
1290 3916 1358 3980 ideo

116 4005 252 4070 theoriae
271 4005 443 4080 inhaerens,
459 4007 640 4086 iuxtaquam
656 4024 721 4066 om·
760 4005 967 4067 Pantheismus
994 4004 1104 4085 logicus
1126 4021 1186 4063 non
1208 4003 1358 4063 immerito

117 4110 175 4154 nes
187 4089 301 4152 ideaea
319 4089 456 4150 sensibus
479 4097 632 4171 petuntur,
657 4098 719 4150 tum
761 4089 880 4151 dicitur.
901 4087 978 4150 lleus
994 4088 1073 4148 enim
1093 4087 1123 4146 in
1138 4084 1246 4164 Logica
1260 4086 1359 4148 conci·
1444 4151 1453 4170 ,

118 4175 175 4238 Dei
184 4173 455 4250 existentiam,tum
467 4173 721 4238 immortalitatem
763 4175 842 4254 pitnr
863 4173 894 4268 in
922 4191 967 4249 se,
987 4171 1018 4231 in
1036 4171 1211 4266 aeternitate
1238 4187 1359 4232 suarum

151 4301 184 4358 (η
196 4299 229 4347 c,
238 4301 258 4346 ,¹
267 4301 327 4348 oecx
337 4301 507 4361 3⁰05,me
517 4302 540 4348 d·
551 4302 626 4349 ,hm
637 4302 723 4350 rhum.
763 4265 959 4355 essentiarum
973 4254 1259 4354 tundamentalxum.
1286 4255 1359 4328 Ast,

119 4357 322 4422 §.eos-amc.
338 4364 452 4420 stuttgart
468 4362 532 4408 rere.
764 4361 830 4404 cum
861 4361 890 4403 m
921 4340 977 4400 hoc
1005 4347 1084 4402 statu
1114 4349 1275 4403 coexsistens
1301 4356 1361 4400 non
