2962 4736
229 233 290 298 502
629 246 817 300 rnnonocma
839 251 1001 302 emanans

187 333 254 396 culo
273 331 300 395 ll
319 351 335 394 a
354 315 484 414 ipuodam
503 330 653 396 haeretico
674 331 798 396 traditus
1043 407 1046 417 Ι
1075 340 1106 416 ς.
1127 345 1201 396 Μ.

187 417 256 494 luit3
280 425 309 478 et
327 417 416 478 etiarn
434 419 465 482 S.
490 417 677 498 departibor
696 415 799 498 loqui-
938 457 1101 508 ,mm
1113 457 1213 516 „W
1226 452 1347 502 ,duum

187 509 237 563 tur
256 502 292 562 dc
318 500 455 580 haeresi,
477 521 554 583 quae
579 501 663 578 dicit,
695 520 799 564 ornnes
1000 509 1002 516 ⁴
1062 572 1064 580 ,

188 584 354 647 haereticos
369 593 449 649 recte
466 585 632 648 ambulare.
648 583 706 648 Sed
725 586 799 648 haec
881 584 992 650 Omnes
1009 584 1146 648 homines
1173 582 1362 647 strictissime
1385 583 1434 647 ob·

187 669 358 732 absurdaet
371 669 464 752 impia
480 670 628 732 sententia
640 670 800 752 praecipue
839 669 937 752 ligari,
961 679 994 732 ut
1011 687 1111 732 reram
1130 668 1237 732 Christi
1259 667 1435 745 Ecclesiam,

187 753 415 816 adoratoribus
434 755 562 832 lugendo
578 753 799 816 reformationis
839 755 860 816 i.
874 775 901 818 e.
916 753 1244 816 Romano-catholicam
1258 753 1436 834 amplectan-

187 845 516 919 temporepropugnata
530 837 598 901 tuit.
614 837 798 900 Tolerantis-
840 848 898 916 tur,
918 848 1000 901 extra
1020 857 1109 920 quam
1132 847 1285 900 aeternam
1313 839 1433 900 salutern
1471 839 1472 926 l

183 927 270 984 urum
286 939 356 983 vero
369 922 442 984 varii
455 923 534 984 varie
549 921 758 996 extenderunt,
770 922 799 984 et
839 924 981 1004 consequi
1009 941 1070 984 non
1088 929 1227 1003 possunt,
1253 930 1346 1002 atque
1375 923 1435 985 ideo

184 1003 378 1084 ideotriplex
390 1007 593 1085 distinguitur,
607 1006 797 1086 euiumrutis,
838 1005 1087 1070 Tolerantismurn
1102 1025 1199 1086 neque
1224 1006 1436 1084 universalem,
1471 1037 1472 1098 p

182 1087 392 1170 particularis,
407 1099 436 1152 et
448 1091 751 1174 particulareme-inus:
767 1089 798 1172 a)
839 1111 936 1177 neque
948 1091 1168 1173 particularem,
1186 1109 1285 1172 neque
1304 1091 1437 1172 particu-
1471 1099 1472 1134 ἒ

186 1171 423 1239 Tolerontiomrrs
453 1175 633 1239 aniversalis
655 1184 700 1238 est
717 1191 800 1238 error
838 1177 1019 1238 latissimum
1048 1173 1165 1236 admitti
1184 1193 1283 1256 posse,
1312 1183 1379 1236 tum
1408 1195 1436 1237 er

184 1274 309 1338 eorum,
326 1259 379 1340 qui
394 1259 510 1339 dicunt,
528 1257 664 1321 homiues
678 1259 709 1322 in
722 1279 797 1340 qua·
839 1261 871 1325 S.
900 1261 1068 1340 Scriptura,
1097 1266 1159 1319 turn
1180 1275 1214 1320 ex
1242 1259 1436 1337 traditione,
1471 1283 1472 1322 t

184 1359 311 1424 cunque
327 1343 471 1421 religione
486 1343 592 1415 salvari
612 1361 712 1430 posse,
739 1345 814 1408 sive¹
841 1353 902 1408 turn
922 1363 957 1407 ex
973 1343 1139 1408 rationibus
1153 1341 1320 1426 theolopicis
1335 1343 1438 1426 proba·

184 1425 245 1488 sint
264 1426 397 1504 lithuici,
423 1426 715 1503 sirellahumetani,
738 1427 800 1490 sire
841 1440 899 1493 tur.
1471 1445 1472 1452 ¹

185 1508 307 1592 ludaei,
329 1511 391 1574 sive
408 1509 581 1574 Christiani.
602 1511 634 1590 b)
657 1512 799 1576 Tolerorr-
883 1513 912 1577 l.
950 1507 983 1574 ln
1014 1501 1044 1575 S.
1081 1506 1233 1592 Scriptura
1265 1511 1437 1574 clarissimis
1471 1499 1472 1582 Ῠ

188 1594 296 1659 turnus
310 1596 505 1676 particularis
520 1605 564 1658 est
582 1613 665 1658 error
680 1614 798 1674 eorum,
839 1599 937 1660 verbis
954 1597 1110 1676 refutatur,
1132 1604 1161 1657 et
1180 1595 1342 1656 damnatur
1365 1599 1437 1660 Tale·
1471 1623 1472 1678 p

189 1677 800 1763 quidocent,satutisriampatereiisorn·
839 1685 1004 1746 nuntiamus
1020 1683 1051 1761 a)
1069 1679 1262 1743 unviuersolis:
1283 1680 1315 1740 in
1335 1679 1367 1744 S.
1384 1680 1437 1742 Lit·
1471 1679 1472 1698 ²

189 1763 299 1840 nibus,
327 1763 379 1845 qui
400 1762 594 1846 Religionem,
608 1764 798 1826 christianam
841 1767 910 1830 teris
934 1767 1013 1828 enim
1033 1765 1188 1826 manifeste
1215 1764 1356 1842 traditur,
1377 1764 1438 1826 sine

190 1849 304 1927 colunt,
325 1867 535 1930 quamcunque
549 1849 669 1910 demum
692 1847 798 1910 Eccle·
840 1849 897 1913 tide
916 1851 947 1912 in
965 1845 1287 1914 Christum'aeternanr
1312 1851 1436 1910 salutem

190 1933 264 1994 siam
285 1935 503 2014 amplectantur
524 1933 585 1999 sire
603 1931 797 2011 Catholicam,
841 1935 968 1998 obtineri
991 1929 1050 1995 non
1073 1951 1170 2016 posse.
1190 1930 1326 1994 Christus
1349 1935 1436 2010 eninr,

190 2019 251 2078 sive
269 2016 423 2094 Graecam,
439 2015 723 2092 siveLutheranam,
737 2017 798 2078 sive
841 2037 907 2082 cum
927 2019 1076 2100 Apostolis
1093 2015 1257 2098 praecepit,
1277 2025 1311 2076 ut
1338 2029 1437 2079 euntes

189 2101 404 2178 Caluiniauam,
421 2109 479 2162 etc.
493 2099 549 2162 Sed
564 2101 652 2163 etiarn
666 2101 722 2162 iste
738 2100 799 2163 To·
840 2104 871 2166 in
891 2103 1062 2165 universum
1076 2155 1079 2160 .
1092 2101 1235 2164 muudum
1269 2101 1438 2180 praedicent

189 2183 381 2246 lerantismus
399 2186 517 2246 saeculo
539 2185 798 2267 decimoseptimo
838 2187 1031 2267 Evangelium
1053 2187 1132 2248 omni
1152 2193 1319 2259 creaturae,
1342 2187 1436 2247 addit:

189 2270 343 2330 restrictus
361 2270 450 2331 suita
471 2269 662 2344 Calvinianis,
684 2268 748 2351 qui,
767 2277 801 2330 ut
842 2273 900 2350 Qui
930 2270 1087 2334 crediderit
1121 2269 1217 2352 (vohis
1245 2269 1438 2347 Evangeliuur

190 2352 411 2415 damnationem
424 2371 521 2428 suam,
537 2371 624 2433 quam
640 2352 672 2414 i'n
687 2353 799 2434 synodo
841 2374 940 2418 mcum
957 2354 1212 2438 praedicantibus)
1228 2363 1256 2414 et
1273 2355 1439 2434 baptizatus

189 2435 333 2498 llordraci
353 2437 454 2499 habita
480 2445 583 2498 contra
609 2436 799 2500 Arminianos
839 2443 944 2522 fuerit,
975 2441 1074 2503 solvus
1103 2441 1174 2512 erit;
1200 2436 1252 2517 poi
1281 2457 1354 2501 uere
1383 2459 1440 2502 noa

189 2521 799 2602 pronuntiaverant,vindicarent,auctore
840 2527 1008 2601 crediderit,
1040 2524 1284 2588 condemnobitrrr
1315 2524 1376 2602 (l).
1402 2560 1439 2570 -

188 2605 278 2666 Petro
296 2604 374 2667 lurio
397 2605 618 2666 distinctionem
637 2606 714 2668 inter
730 2605 800 2669 arti·
839 2609 919 2672 litem
938 2609 1054 2671 diuinus
1074 2608 1176 2669 mundi
1192 2606 1378 2688 Redemptor
1397 2610 1439 2670 lo·

191 2691 274 2752 culos
293 2689 531 2752 fundamentales
555 2699 585 2751 et
606 2709 665 2751 non
690 2689 799 2752 lunda·
841 2699 935 2776 quens
954 2693 990 2755 de
1015 2694 1191 2755 necessitate
1220 2690 1364 2772 baptismi
1384 2694 1438 2753 ait:

188 2775 334 2837 mentales
352 2781 532 2847 statuerunt,
548 2783 578 2836 et
595 2775 638 2838 sic
654 2775 797 2853 originem
839 2780 908 2843 Nisi
926 2779 991 2858 quis
1007 2785 1129 2840 renatus
1142 2776 1237 2858 suerit
1248 2793 1287 2838 eor
1305 2794 1397 2854 apua,
1418 2787 1440 2838 et

188 2859 334 2920 dederunt
356 2858 385 2938 c)
405 2858 613 2921 Tolerootrbmo
630 2859 798 2938 porticale·
839 2863 955 2946 Spiritu
976 2864 1023 2939 S.,
1047 2881 1108 2924 noa
1153 2867 1223 2922 otest
1246 2861 1378 2923 introire
1410 2863 1440 2922 iu

188 2943 380 3024 riarime,qui
393 2950 438 3005 est
450 2961 535 3005 error
546 2943 723 3023 eorurn,qui
736 2961 800 3006 om·
839 2965 965 3030 ceptrum
979 2945 1035 3010 liei
1054 2945 1113 3026 (Ξ).
1126 2879 1164 3007 dt
1179 2944 1305 3005 interius
1317 2945 1439 3006 laudans

188 3027 350 3090 nibus-illis
364 3029 490 3090 salutem
507 3038 658 3090 aeternam
676 3028 800 3172 promit·
839 3047 985 3094 summam
1016 3030 1111 3093 Patris
1140 3029 1358 3106 dilectionem,
1385 3051 1439 3112 qua

188 3121 267 3188 tunt,
283 3112 334 3192 qui
349 3111 537 3190 Religionem
548 3111 738 3182 christianam
749 3130 800 3182 co·
838 3115 947 3179 Filium
965 3133 1052 3177 suurn
1072 3113 1256 3192 unigenitum
1273 3132 1327 3194 pro
1338 3118 1440 3176 ‘salute

97 3250 100 3255 .
187 3195 283 3256 lentes
298 3196 328 3258 in
348 3196 429 3256 nullo
444 3195 568 3256 articulo
582 3190 797 3258 fundamentali
840 3201 994 3262 hominum
1015 3197 1107 3275 misit,
1128 3197 1190 3260 ait:
1219 3197 1279 3272 Qsui·
1296 3201 1391 3263 eredit
1410 3202 1439 3260 in

187 3279 383 3341 dissentiunt:
399 3279 667 3360 huic'postmodum
680 3289 797 3343 senten·
839 3303 906 3348 eum
923 3283 1154 3348 reetriudicotur
1162 3306 1176 3358 ;
1194 3283 1246 3362 pei
1262 3290 1365 3345 aetem
1382 3302 1439 3346 aaa

188 3361 247 3423 tiae
259 3362 348 3424 etiarn
362 3363 438 3425 aliae
452 3363 684 3428 Protestantium
698 3373 796 3428 sectae
838 3371 941 3447 credit,
966 3370 1028 3432 iem
1049 3368 1196 3430 iudicatas
1217 3374 1271 3442 ert,
1292 3369 1366 3444 puio
1382 3386 1438 3430 raon

186 3445 439 3528 subscripserunt.
458 3448 566 3510 -llst
592 3448 660 3510 huic
689 3449 797 3530 triplici
838 3455 930 3518 credit
964 3455 997 3516 io
1033 3452 1152 3524 nomine
1178 3451 1341 3530 ‚octaedri
1371 3453 1440 3516 Filii

187 3530 282 3594 errori
306 3532 465 3612 opponitur
482 3533 618 3594 doctrina
638 3532 796 3611 catholica,
840 3539 894 3600 Dei
909 3537 967 3618 (3).
992 3537 1125 3600 Eandem
1148 3531 1302 3596 veritatem
1330 3536 1436 3598 iterum

187 3633 265 3696 quae
284 3615 367 3690 dicit,
388 3635 492 3678 ornnes
511 3617 647 3679 homines
669 3617 725 3680 sub
750 3619 797 3680 di·
838 3624 957 3703 repetit,
971 3621 1084 3704 dicens:
1100 3620 1261 3696 Quicredit
1273 3621 1437 3694 irtFilium,

188 3699 314 3781 spendio
334 3700 436 3762 salutis
463 3701 613 3779 obligari,
638 3708 673 3762 ut
698 3719 796 3764 reram
838 3707 923 3769 babet
951 3698 1042 3769 uilem
1072 3715 1234 3779 octennem,
1262 3703 1317 3784 qui
1342 3713 1440 3766 erotem

187 3781 295 3848 Christi
304 3784 466 3846 Ecclesiam
478 3787 704 3865 amplectantur,
719 3794 799 3848 extra
839 3791 1012 3868 incredulus
1028 3798 1068 3852 est
1085 3789 1175 3864 Filio,
1194 3805 1257 3850 non
1276 3789 1384 3851 videbit
1400 3790 1441 3850 vi.

188 3887 277 3948 quam
294 3870 341 3929 via
359 3869 535 3929 salutisnon
550 3878 641 3950 patet.
660 3867 697 3931 Ut
709 3869 799 3931 huius
840 3873 1439 3954 tom,redireDaimouetrupeream(l).

189 3952 342 4013 doctrinae
360 3953 467 4013 veritas
510 3953 644 4028 robatur,
662 3964 746 4014 error
756 3953 799 4015 illi
840 3958 961 4036 Petrus,
981 3967 1013 4019 ut
1034 3955 1159 4019 ludaeos
1178 3957 1213 4017 ad
1233 3957 1441 4038 recipiendum

190 4036 356 4115 oppositus,
381 4035 402 4098 i.
424 4055 451 4098 e.
496 4035 800 4100 olerantismusrelu-
840 4043 1033 4122 Evangelium
1063 4039 1130 4103 lesu
1160 4038 1270 4102 Christi
1298 4041 1442 4103 Nazareni

190 4118 298 4185 landus
313 4127 369 4178 est.
775 4123 776 4128 ’
841 4121 993 4203 excitarit,
1007 4127 1047 4188 ait
1058 4145 1065 4188 :
1078 4125 1147 4190 Non
1162 4133 1200 4186 est
1213 4127 1246 4187 io
1266 4125 1330 4188 elio
1345 4127 1442 4204 otique

585 4265 587 4272 ,
771 4227 774 4234 ’
840 4208 932 4277 aolus.
946 4211 1006 4275 Nec
1019 4211 1100 4274 euim
1114 4209 1198 4273 eliud
1215 4225 1327 4271 aenean
1341 4209 1443 4272 estrat

219 4269 252 4381 iii
268 4271 337 4378 iiii.
351 4273 389 4376 id.
405 4273 442 4324 ω’
490 4273 535 4392 iii
550 4277 584 4380 ii
596 4277 620 4376 ,ξ’
634 4276 668 4381 iia
816 4293 817 4304 ³
841 4295 918 4359 coelo
932 4291 1035 4360 dotum
1045 4287 1223 4368 hominibus,
1241 4293 1276 4353 in
1288 4310 1350 4372 prro
1362 4311 1446 4374 opor·
1471 4325 1472 4360 ι

222 4384 256 4444 ιι)
269 4389 314 4433 aar.
329 4391 352 4448 r,
369 4387 406 4438 ra.
504 4393 534 4452 ie)
548 4390 566 4440 n
580 4369 659 4440 ruisi.
670 4369 697 4455 ἰ,
712 4381 726 4443 'r
743 4396 787 4446 etc.
817 4447 824 4463 ,
842 4384 901 4443 tent
919 4396 973 4444 eor
990 4381 1082 4444 saluos
1100 4371 1243 4466 periti).
1264 4375 1383 4441 Paulus
1403 4379 1445 4460 (d)
