2918 4734
449 229 521 274 raas
538 229 570 275 rr.
591 229 692 275 sacrm
707 229 728 274 r.
745 228 839 274 aaron
853 237 874 274 1.
1198 205 1240 266 tta

56 307 292 388 proximoCbristi
300 309 426 372 adventu
434 309 569 374 vaticinia
577 328 645 389 pro·
682 306 846 388 sinagogae
864 309 972 384 sanem,
988 313 1017 370 et
1034 303 1184 368 Ecclesiae
1197 301 1279 364 chri-

56 391 337 474 seu-Prophetae
351 393 480 455 minores
492 393 644 456 suntduo·
682 393 796 456 stianae
814 401 923 454 ortum.
942 390 1101 453 -l'otum
1119 386 1280 470 Propheta-

57 475 156 551 decim,
172 476 227 556 qui
243 477 338 538 varias
365 477 503 539 materias
525 485 642 559 pertra·
682 497 748 539 rum
768 485 885 558 tempus
904 474 941 536 ab
964 493 1042 536 anno
1069 471 1172 534 muudi
1198 470 1280 534 atet

54 568 134 624 etant:
147 559 465 624 oscassermonemaa
480 559 641 624 decemtri·
683 579 777 642 nsque
801 560 838 623 ad
860 558 940 622 Darii
958 557 1045 621 Nothi
1072 555 1180 640 initia,
1201 572 1280 616 annuo

55 643 100 704 bns
122 645 313 724 potissimum
341 644 462 722 dirigit,
480 644 640 706 eorundem
683 645 776 722 3581,
792 644 868 706 idest
885 661 938 726 per
955 643 1018 722 400
1037 641 1099 702 lere
1116 658 1210 701 anuos
1227 656 1279 700 er·

55 726 282 808 dispersionem,
303 736 330 789 et
347 728 495 790 Ecclesiae
513 727 642 789 erectio·
682 729 824 791 tenditur.

54 830 110 871 nem
127 831 182 892 per
196 811 382 873 vocationem
401 809 537 874 Gentium
553 830 643 893 prae·
880 849 1082 896 mmm,
1188 805 1193 812 ’

54 895 170 956 nuntiat:
184 895 248 958 luel
256 913 392 956 sermone
405 914 479 976 puro
490 905 518 956 et
532 895 644 973 magni·

53 978 100 1038 lico
112 977 351 1060 hierosolymae,
365 987 393 1040 et
412 980 500 1041 totius
517 979 643 1041 Iudaeae
978 1011 981 1022 ·

53 1061 281 1140 perctaraaaos
308 1063 452 1124 sacrarum
481 1062 640 1144 praedicit,
930 1029 1032 1098 μ’·

52 1153 129 1226 atque
142 1145 272 1208 llessiae
287 1166 321 1208 ac
338 1145 465 1228 Spiritus
479 1145 577 1209 Sancti
594 1146 644 1208 ad·
723 1145 847 1228 Moyses,
867 1144 979 1222 origine
997 1141 1162 1218 llebraem,
1182 1141 1234 1204 sed
1250 1143 1280 1212 iu

53 1239 144 1292 ventus
162 1230 342 1311 pollicetur:
362 1231 452 1294 Amos
469 1231 645 1292 vaticinatur
683 1233 751 1293 aula
768 1230 855 1307 Regis
874 1229 995 1308 Aegypti
1014 1228 1156 1289 educatus
1175 1226 1282 1304 luit,'a

53 1312 82 1373 tle
97 1315 182 1393 regni
192 1313 284 1375 lsrael
297 1314 459 1376 eversione:
476 1315 586 1378 Abdico
596 1333 642 1376 va·
684 1335 742 1396 qua
761 1315 862 1391 lugere
881 1313 1070 1392 compulsus,
1092 1321 1121 1373 et
1148 1311 1184 1373 ad
1212 1329 1282 1372 suos

53 1395 185 1460 ticinatur
203 1396 425 1473 idumaeorum,
446 1398 496 1478 qui
516 1400 591 1461 tilios
604 1397 645 1459 ls·
683 1417 829 1474 reversus,
847 1396 907 1459 Deo
924 1406 1048 1457 vocante
1065 1406 1095 1456 et
1110 1395 1280 1470 adiuvante,

52 1481 101 1541 rael
114 1481 341 1544 calamitatibus
355 1487 510 1563 oppressos
522 1481 647 1556 subsan-
684 1481 834 1544 israelitas
856 1501 873 1542 a
891 1479 1029 1542 servitute
1055 1480 1224 1561 aegyptiaca
1241 1479 1281 1539 li-

51 1574 207 1640 naverant,
229 1565 363 1627 exitium:
379 1567 477 1641 Ionas,
496 1566 547 1646 qai
560 1567 645 1629 'solus
684 1566 810 1643 beravit,
825 1565 1048 1644 eorundemque
1062 1562 1224 1642 Legislator
1239 1563 1253 1624 l
1269 1597 1283 1609 ·

50 1667 78 1707 ex
93 1649 403 1730 omnibusProphetis
415 1650 450 1711 ad
463 1659 564 1728 gentes
579 1651 647 1724 mis·
685 1653 822 1711 ctus'est.
836 1684 877 1696 -
891 1649 1057 1710 Extiterunt
1086 1647 1204 1727 quidem
1231 1665 1281 1709 re·

50 1749 90 1794 aas
108 1743 174 1812 est,
193 1732 391 1794 Ninivitarum
415 1733 644 1806 destructionem
686 1733 867 1796 cautioribus
895 1731 1078 1813 temporibus
1115 1731 1280 1807 increduli,

51 1817 280 1895 praenuntiavit,
303 1817 360 1878 nisi
380 1817 590 1898 poenitentiam
611 1837 645 1880 e·
685 1817 737 1900 qni
756 1836 822 1878 cum
841 1814 971 1878 Voltaire
983 1835 1019 1878 eo
1037 1815 1212 1878 temeritatis
1230 1834 1281 1876 ve·

50 1900 152 1974 gerint:
175 1902 328 1967 Michaeas
350 1900 467 1964 ludaeis
491 1902 606 1982 pariter*
618 1910 647 1964 et
686 1909 848 1977 nerunt‚ut
867 1901 960 1981 ipsam
976 1899 1080 1981 Moysis
1095 1899 1281 1961 existentiam

50 1981 188 2047 Israelitis
215 1985 362 2046 excidium
389 1995 419 2046 et
446 1985 646 2066 captivitatem
685 1986 716 2046 in
735 1985 857 2047 dubium
877 1992 1025 2047 vocarent.
1055 1981 1209 2045 insaniunt
1226 2001 1282 2044 au-

51 2068 208 2145 praedixit;
229 2077 275 2130 ast
291 2069 349 2130 illis
364 2069 452 2130 etiam
466 2069 647 2131 reditnmex
686 2077 758 2145 tem,
778 2068 829 2149 qni
848 2069 918 2130 talia
936 2068 1129 2130 deblaterant.
1143 2066 1235 2129 Nemo
1248 2085 1282 2128 e·

49 2153 218 2231 captivitate
229 2153 385 2234 promittit,
399 2171 454 2214 nec
467 2171 526 2214 non
539 2154 647 2234 plenis·
686 2154 747 2215 nim
760 2151 889 2234 prudens
903 2169 1032 2232 unquam
1049 2150 1078 2210 in
1092 2149 1216 2214 dubium
1228 2170 1282 2213 vo·

49 2235 147 2297 simam
160 2236 333 2298 libertatem
355 2255 408 2316 per
425 2236 584 2313 Christum,
597 2257 648 2298 cu·
686 2255 753 2298 care
772 2256 861 2300 ausus
879 2245 924 2298 est
941 2236 1017 2296 iacta
1033 2233 1185 2312 historica,
1206 2254 1283 2316 quae

49 2319 88 2380 ias
105 2320 276 2381 nativitatis
297 2321 395 2382 locum
418 2320 561 2398 assignat:
581 2323 646 2384 Na·
687 2320 833 2382 constanti
853 2328 882 2382 et
901 2328 1042 2400 perpetua
1058 2318 1215 2381 traditione
1233 2321 1283 2381 ni-

50 2402 112 2464 hum
124 2402 648 2485 praenuntiatdepopulationemNi·
689 2412 802 2482 tantur,
823 2412 852 2465 et
870 2423 929 2464 non
948 2411 1061 2465 tantum
1074 2403 1284 2468 contradictio·

50 2486 154 2548 nivcsa
169 2485 647 2569 chalaaets,e0qu0‹tcontraba—
688 2507 755 2550 nem
769 2488 881 2550 nullam
898 2488 977 2569 passi
995 2495 1063 2548 suut
1074 2505 1219 2568 unquam,
1232 2488 1281 2550 sed

25 2567 31 2584 “
51 2569 160 2630 minum
180 2570 389 2650 superbirent:
410 2573 545 2636 Habacuc
561 2591 647 2652 prae·
688 2583 717 2635 ct
737 2572 914 2634 testimoniis
942 2571 1105 2633 innumeris
1123 2572 1285 2633 tundantur

53 2652 119 2714 dixit
136 2653 388 2735 ierosolymorum
408 2674 461 2736 per
474 2655 647 2734 Chaldaeos,
689 2655 1075 2731 tumdomesticorum,tum
1084 2664 1282 2717 externorum:

51 2736 440 2819 ethaldaeorumipsorum
452 2740 647 2817 eversionem,
689 2759 756 2802 nam
774 2741 810 2802 ad
824 2759 970 2802 summam
991 2757 1109 2820 quoqne
1127 2738 1283 2801 certitudi-

52 2820 90 2880 uti
104 2821 199 2884 etiam
220 2821 396 2884 Iudaeorum
420 2841 473 2904 per
487 2823 604 2903 Cyrum,
621 2833 650 2886 et
689 2843 756 2886 nem
780 2823 949 2886 historicam
970 2823 1044 2884 nibil
1063 2821 1185 2883 ulterius
1208 2821 1284 2900 exigi

54 2903 139 2966 totius
154 2906 279 2984 generis
296 2906 418 2968 humani
433 2925 485 2988 per
502 2907 648 2970 Christum
690 2917 808 2990 potest,
838 2927 935 2987 neque
964 2907 1021 2968 alio
1052 2905 1138 2986 ruodo
1165 2904 1283 2985 probari

52 2987 273 3052 liberationem:
294 2991 455 3070 Sophocles
472 2991 573 3053 eadem
588 2993 649 3056 lere
690 3003 802 3074 queunt
814 2991 890 3053 lacta
903 2991 1043 3052 historica
1057 2987 1285 3050 etiamcelebra·

53 3073 212 3150 praedicit,
231 3092 266 3134 ac
280 3073 428 3135 Habacuc:
448 3074 585 3157 Augaeus
599 3095 650 3138 so·
690 3077 815 3138 tissima.
834 3075 887 3137 hst
902 3074 1021 3156 Moysen
1036 3073 1177 3148 extitisse,
1197 3090 1284 3134 eum-

51 3154 110 3216 luta
128 3157 191 3217 iam
207 3157 377 3238 captivitate
390 3156 513 3220 ludaeos
528 3160 563 3221 ad
577 3168 651 3221 tem·
690 3179 748 3240 qvae
766 3159 866 3241 populi
883 3158 1003 3221 hebraei
1022 3157 1126 3218 ducem
1148 3165 1177 3218 et
1194 3157 1284 3235 legis-

52 3239 89 3317 pli
103 3241 358 3302 constructionem
372 3242 558 3319 adhortatur,
572 3244 650 3324 quod
691 3245 813 3306 latorem
830 3243 934 3318 luisse,
954 3240 1073 3323 publica
1088 3241 1166 3302 lama
1181 3241 1218 3302 ad
1230 3261 1285 3304 uos

52 3322 216 3402 aliquando
235 3322 359 3386 ldessiae
378 3326 528 3402 adventa,
551 3335 580 3388 et
601 3329 649 3388 in·
691 3346 785 3409 nsque
803 3327 977 3407 perductum
999 3332 1055 3400 est,
1074 3325 1102 3386 id
1122 3324 1202 3387 enim
1216 3345 1284 3388 cer·

52 3423 153 3480 messa
182 3407 443 3470 condecorandam
476 3411 648 3473 annuntiat:
693 3420 753 3472 tum
769 3409 960 3490 semperluit,
974 3408 1211 3472 etindubitatum
1225 3430 1284 3472 non

52 3489 218 3554 Zacharias
235 3491 347 3571 pariter
363 3492 465 3573 templi
479 3503 508 3554 et
526 3494 651 3560 civitatis
691 3496 786 3556 solum
801 3493 943 3556 Hebraeis
965 3503 1026 3555 tum
1046 3493 1207 3569 veteribus,
1223 3502 1285 3556 tum

52 3590 152 3635 sacrae
171 3583 261 3652 urget
278 3575 525 3655 aedificationem,
546 3580 652 3641 multa*
691 3577 919 3655 recentioribus,
940 3569 992 3640 s'ert
1011 3576 1101 3639 etiam
1123 3575 1286 3640 Samarita-

29 3715 33 3724 ,
53 3674 106 3735 que
124 3659 288 3738 prophetat
306 3660 342 3721 de
361 3659 477 3722 ludaeis
495 3669 525 3723 et
548 3661 651 3724 Genti·
692 3663 749 3738 nis,
771 3661 821 3742 qni
839 3662 907 3723 licet
922 3662 952 3723 in
975 3661 1076 3723 multis
1092 3661 1286 3724 adversaren-

54 3738 121 3801 bns:
143 3742 330 3817 Malachias,
352 3743 474 3806 ultimus
488 3744 650 3826 Propheta·
692 3755 739 3807 tur
753 3745 880 3821 ludaeis,
895 3744 1011 3827 Moysen
1029 3752 1127 3807 tamen
1147 3753 1178 3807 ut
1197 3745 1285 3821 legis-

55 3839 128 3899 rum,
141 3835 211 3905 post
224 3834 386 3888 extructum
404 3829 545 3909 templum
557 3830 652 3908 arguit
692 3831 813 3890 latorem
830 3849 917 3891 suum
930 3849 1049 3910 semper
1063 3827 1192 3890 venerati
1203 3834 1283 3888 sunt.

56 3909 192 3986 coniugia
214 3927 282 3970 cnm
302 3911 474 3989 alienigenis
491 3912 577 3988 inita,
597 3915 651 3975 de·
690 3913 845 3993 Nunquam
864 3933 934 3976 vero
957 3914 1086 3993 antiquis
1105 3909 1286 3991 temporibus

57 3989 197 4052 dmamm
217 3992 430 4072 detentionem,
449 4004 537 4076 atque
555 3998 651 4059 cultus
692 3997 728 4058 de
747 3997 901 4058 existentia
915 3996 1019 4078 Moysis
1034 3995 1156 4057 dvrbinm
1172 4000 1283 4052 motum

57 4071 145 4134 divini
160 4076 423 4157 depravationcm3
443 4083 648 4159 praenuntiat,
691 4081 835 4156 luit,cum
848 4089 944 4144 tamen
962 4077 1122 4158 Religionis
1141 4075 1285 4137 revelatae

57 4157 169 4218 nullam
187 4160 328 4242 deinceps
350 4162 482 4223 loturum
500 4181 565 4226 esse
581 4164 652 4226 Pro·
692 4165 865 4226 adversariis
895 4165 1019 4225 inultum
1050 4162 1192 4220 interesse
1218 4165 1285 4235 pot·

55 4239 175 4318 phetam
200 4263 296 4324 nsque
320 4245 357 4306 ad
375 4244 541 4322 Christum,
566 4247 652 4310 cuins
691 4256 775 4323 erat,
796 4257 854 4308 tam
881 4244 1029 4308 celebrem
1050 4241 1141 4330 virum
1163 4238 1285 4299 dubium

55 4341 281 4402 praecursorem
307 4330 463 4393 anuarrtiat
476 4379 486 4404 ,
499 4331 652 4415 simulque
691 4332 827 4404 reddere:
842 4325 1008 4391 testimonia
1017 4331 1116 4395 potrus
1129 4339 1287 4384 innumera

802 945 835 990 lle
849 946 988 990 auctoritate
1004 941 1160 990 Pentateuchi.
