2910 4732
419 194 504 266 'anns
525 221 547 266 1.
571 221 674 268 secrro
695 224 717 269 1,
741 223 835 268 curor
856 223 878 268 1.
1192 204 1229 266 tt

38 293 120 370 sistit,
139 293 301 376 quoniam*
317 304 419 376 ‘officia
436 300 636 365 determinare
675 300 825 382 Scbelling
838 302 918 366 enim
933 311 1071 364 naturam
1082 301 1274 384 ceuprimum

38 397 89 438 non
101 378 336 459 possumusnisi
347 383 430 446 auxta
440 385 573 464 cognitas
584 403 636 448 re·
676 387 737 466 (sat
753 386 924 466 obscurum)
939 387 1117 468 principium
1135 387 1231 468 ponit,
1241 405 1276 448 ex

36 463 165 525 lotiones.
185 465 220 544 3)
238 465 310 546 Ipsa
326 467 417 529 etiam
439 487 508 550 pars
522 471 636 550 practi-
676 490 736 552 quo
758 470 848 532 sicuti
865 471 968 547 bomo,
987 471 1077 532 itaet
1094 469 1276 534 Deuseaol-

36 565 65 606 ca
89 547 170 609 band
199 549 304 611 debito
330 551 418 613 modo
439 553 634 634 proponitur,
676 556 757 616 uitur
776 555 819 615 ita
834 562 868 616 ut
886 553 1006 616 lleusA
1023 554 1155 614 nondum
1171 555 1276 616 erolu·
1372 542 1375 562 ¹

35 630 299 709 quiasolummodo
313 633 460 712 innuitur,
475 638 571 699 officia
584 657 638 700 no·
676 647 725 700 tus
743 639 866 700 omnino
885 640 962 700 alins
980 637 1019 698 sit
1036 637 1129 698 allec
1147 635 1171 700 Ο
1186 639 1276 700 satis·

35 725 89 775 stra
106 717 332 779 consideranda
346 738 412 781 esse
423 739 479 782 ceu
496 721 637 784 mandata
676 724 807 799 eroluto;
826 723 905 784 Deus
916 740 986 800 ergo
1004 721 1085 782 iuxta
1101 721 1176 781 bano
1189 722 1276 784 tbeo·

37 799 148 875 diuina,
174 819 238 862 non
259 812 359 865 antem
378 805 561 881 affirmatur,
584 807 636 868 illa
676 807 750 868 riam
762 825 818 868 nee
827 815 979 882 aeternus,
989 823 1044 867 nec
1058 804 1275 884 independens,

37 885 188 945 actualiter
206 903 275 948 esse
291 888 432 950 mandata
445 889 558 965 divina,
575 899 636 951 eta
676 910 731 952 nec
749 890 967 963 immutabilis,
986 907 1042 950 nec
1065 889 1274 969 omnipotens,

37 964 104 1042 lleo,
123 985 246 1031 summo
260 972 427 1048 legislatore
442 973 635 1050 descendere,
676 993 731 1037 nec
749 973 890 1049 Creator,
909 973 1093 1052 begislator,
1112 981 1143 1034 et
1159 971 1277 1034 Guber-

39 1051 84 1128 qui
101 1067 192 1132 prout
209 1055 242 1115 in
262 1056 403 1136 physicis,
419 1057 461 1118 ita
478 1068 508 1119 et
521 1058 553 1119 in
568 1077 635 1119 mo·
676 1068 763 1120 nator
788 1058 919 1119 bominis
943 1066 1000 1134 est;
1020 1057 1135 1138 etquis
1153 1075 1214 1117 non
1229 1057 1276 1118 ri-

39 1135 145 1196 ralibns
162 1155 287 1218 semper
304 1150 337 1200 ut
353 1159 444 1202 causa
467 1143 562 1222 prima
572 1151 636 1203 sta·
676 1143 745 1220 det,
764 1161 817 1223 per
840 1143 928 1203 talem
955 1141 1052 1203 ideam
1070 1141 1124 1202 llei
1144 1139 1277 1218 Religio-

39 1219 77 1278 tui
92 1221 182 1282 debet
197 1223 261 1302 (l).
280 1259 323 1270 -
338 1224 371 1303 b)
390 1227 491 1288 Ficbte
503 1225 636 1305 lleligio·
676 1245 743 1288 nem
763 1245 823 1287 non
840 1225 982 1300 fundari,
1005 1226 1057 1286 sed
1084 1223 1219 1285 destrui?
1235 1259 1278 1271 -
1301 1274 1307 1283 .

39 1321 99 1363 nem
115 1307 241 1386 reponit
258 1306 289 1368 in
308 1308 421 1383 libera,
442 1320 472 1370 et
488 1311 584 1371 activa
601 1330 636 1372 a·
677 1313 710 1390 3)
722 1311 846 1372 llemum
868 1311 899 1371 in
913 1318 1071 1390 systemate
1090 1306 1276 1386 Sobellingii,

38 1387 163 1462 guillone
179 1391 297 1453 ordinis
319 1393 441 1454 moralis
460 1394 574 1455 mundi.
595 1431 638 1442 -
677 1395 757 1456 iuxta
783 1394 861 1475 qnod
893 1395 994 1455 omnia
1012 1412 1048 1454 ex
1064 1401 1186 1454 aeterno
1206 1393 1277 1473 (ob-

38 1469 88 1531 Sed
106 1473 139 1552 l)
156 1493 238 1554 quae
251 1485 357 1537 eontra
371 1476 448 1538 Kant
463 1478 635 1555 dictasunt,
677 1479 777 1558 scaro)
787 1477 932 1559 principio
944 1497 998 1558 per
1008 1477 1085 1538 vires
1098 1485 1232 1556 agentes,
1248 1487 1279 1539 et

38 1565 134 1618 contra
153 1557 233 1619 banc
262 1579 382 1641 quoque
406 1563 558 1623 notionem
584 1582 637 1624 aa·
676 1573 845 1643 retegentes,
866 1561 976 1642 quibus
1001 1561 1101 1622 resisti
1129 1581 1189 1622 uon
1208 1573 1278 1642 pot-

37 1640 106 1701 lent.
121 1641 155 1721 2)
172 1641 280 1705 Ficbte
300 1645 407 1705 merito
422 1646 458 1707 de
469 1646 636 1728 Atbeismo,
677 1658 735 1722 est,
755 1648 944 1721 evolvuntur,
963 1645 1086 1706 libertas
1107 1646 1200 1725 perit,
1218 1665 1278 1727 qua

38 1725 635 1810 aelpotinsdutotbeismosuspectusluit3
677 1732 794 1793 sublata
802 1731 838 1792 de
846 1729 1106 1807 Religioneaclum
1118 1739 1163 1790 est
1170 1731 1230 1809 (3).
1245 1731 1277 1808 d)

38 1808 101 1868 licet
119 1811 201 1870 enim
222 1812 359 1874 ordinem
373 1815 476 1874 mundi
493 1816 636 1876 moralem
677 1815 924 1880 Scltlelermoclter
934 1812 1117 1891 Religionem
1130 1814 1277 1875 consiste·

39 1890 139 1970 ileum,
152 1913 210 1956 seu
224 1895 410 1958 divinitatem
425 1898 542 1974 dixerit,
554 1899 636 1960 illum
678 1900 800 1964 redirit
822 1899 852 1959 in
870 1915 959 1958 sensu
982 1897 1136 1958 absolutae
1163 1897 1277 1977 depen-

41 1986 134 2039 tamen
155 1981 280 2041 nonnisi
307 1999 360 2060 pro
383 1982 490 2043 edecta
514 1984 639 2045 rationis
676 1985 806 2046 dentiae.
827 2017 865 2029 -
884 1980 941 2042 Sed
958 1981 989 2059 l)
1008 1981 1089 2041 solus
1107 1981 1277 2042 sensusde·

41 2059 186 2123 humanae
205 2065 370 2145 practicae,
388 2085 440 2126 seu
459 2086 512 2147 pro
530 2077 560 2128 to
577 2068 637 2146 Ego
678 2067 856 2149 pendentiae
875 2067 911 2126 ad
928 2064 1113 2143 Religionem
1132 2065 1277 2126 subiecti-

42 2145 161 2207 erallato
175 2147 292 2209 babuit.
304 2148 638 2230 Reipsatranscenden·
677 2173 743 2214 vam
762 2170 822 2212 non
840 2149 960 2225 sufficit,
980 2167 1057 2229 quae
1079 2148 1156 2208 sicut
1173 2150 1278 2226 cogni·

41 2230 637 2316 talemidealismumdocens‚iuxtaquem
679 2237 789 2298 tionem
813 2235 1004 2308 intellectus,
1023 2233 1065 2294 sic
1087 2233 1177 2294 eliam
1195 2251 1279 2295 exer-

43 2315 134 2377 omnia
152 2315 186 2376 in
207 2316 362 2378 bominum
389 2318 465 2380 ideis
487 2319 637 2392 existunt,
678 2321 780 2382 citium
800 2319 947 2380 libertatis
958 2316 1093 2397 requirit3
1107 2335 1197 2377 secus
1210 2318 1277 2378 ani-

44 2405 69 2456 et
77 2399 112 2459 ab
124 2399 185 2460 illis
200 2401 389 2478 ordinantur,
408 2401 500 2466 Deum
518 2422 573 2465 ceu
585 2423 638 2466 ens
679 2406 768 2466 malin
790 2421 920 2484 quoque,
941 2420 1018 2482 quae
1036 2419 1119 2461 suem
1138 2420 1156 2461 a
1172 2401 1278 2462 Domi·

44 2497 211 2561 supremum
239 2494 321 2546 extra
344 2486 495 2548 bominem
519 2489 640 2550 realiter
678 2487 965 2568 nisdependentiam
988 2485 1132 2559 sentiunt,
1151 2487 1278 2548 maxime

45 2574 70 2624 et
85 2569 285 2646 personaliter
302 2571 430 2631 existens
460 2574 587 2650 negauit,
611 2583 640 2634 et
678 2573 816 2652 religiosa
842 2571 970 2632 dicenda
988 2576 1098 2630 essent.
1123 2569 1156 2649 2)
1178 2567 1280 2632 Schle-

45 2648 105 2711 iden
130 2671 253 2714 omnem
283 2655 320 2714 ad
348 2655 445 2734 ipsum
464 2657 638 2718 relationem
678 2656 845 2718 iermacber
862 2674 916 2736 pro
934 2653 1087 2731 Religione
1103 2653 1278 2734 dependen-

45 2736 196 2811 moralem,
217 2756 271 2798 seu
290 2739 464 2816 religionem
485 2739 521 2801 de
540 2741 639 2802 medio
679 2743 750 2802 tiam
770 2759 829 2801 non
848 2757 918 2818 erga
931 2739 1025 2800 Deurn
1041 2737 1172 2798 universi
1186 2737 1278 2800 Crea-

45 2821 225 2900 sustulit(2).
241 2822 271 2901 c)
284 2823 431 2902 Sclellt'ng
448 2825 565 2900 asserit,
579 2823 639 2886 Re·
679 2835 787 2900 torem,
802 2835 832 2886 et
843 2823 1092 2897 Gubernatorem,
1109 2821 1161 2882 sed
1179 2822 1278 2902 potius

45 2900 176 2978 ligionem
206 2923 272 2966 esse
290 2907 519 2968 intellectualem
544 2909 638 2969 intui·
678 2929 748 2988 erga
764 2909 862 2989 ipsum
881 2909 1051 2969 uuiversum
1070 2905 1180 2982 erigit,
1196 2905 1278 2985 quod

45 2985 147 3049 tionem
163 2988 296 3050 absoluti
314 2991 349 3069 (i.
365 3009 394 3052 e.
407 2991 488 3070 Dei),
501 3001 530 3054 et
542 3001 637 3054 ortum
679 3013 733 3055 ceu
761 2991 859 3054 Unum
879 3000 909 3052 et
929 2989 1035 3053 Omnia
1063 2989 1231 3068 praedicat,
1249 2998 1280 3050 et

46 3071 142 3134 exinde
167 3073 268 3134 nisum
298 3075 335 3135 ad
361 3075 504 3138 naaiorem
522 3095 641 3157 semper
678 3079 745 3140 ideo
765 3097 783 3138 a
801 3075 974 3138 notionibus
1002 3072 1208 3154 pantheistiois
1225 3092 1278 3135 ex·

46 3170 104 3215 cnm
117 3157 224 3218 eodem
232 3159 457 3221 similitudinem
467 3161 641 3242 pervenien·
679 3163 776 3228 cusani
792 3161 897 3242 nequit
912 3159 971 3238 (d).
991 3161 1021 3237 e)
1039 3157 1129 3236 Hepel
1145 3155 1279 3237 Religio·

46 3236 82 3298 di.
100 3273 141 3285 -
159 3239 242 3302 Haec
260 3241 393 3304 delinitio
407 3245 503 3324 primo
518 3255 639 3325 aspectu
679 3266 746 3308 nem
761 3247 890 3308 declarat
901 3262 952 3323 pro
965 3252 1045 3316 actu,
1059 3260 1117 3321 quo
1129 3240 1208 3303 Deus
1219 3244 1280 3304 sui·

44 3337 97 3383 non
111 3326 300 3406 repudianda
319 3346 405 3402 esse,
426 3328 477 3390 sed
496 3347 563 3389 cum
587 3329 639 3390 illa
680 3332 773 3412 ipsius
790 3328 928 3391 conscius
944 3335 989 3387 est
999 3326 1058 3406 (5).
1079 3359 1121 3372 —
1135 3326 1187 3387 Ast
1206 3327 1280 3389 baec

44 3411 196 3471 convenire
214 3411 343 3487 ridetur,
364 3431 441 3494 quae
456 3411 638 3490 Religionem
680 3416 806 3477 obseura
832 3411 914 3474 notio
947 3410 1013 3471 lluit
1038 3428 1073 3470 ex
1100 3429 1159 3470 non
1179 3412 1280 3474 minus

44 3488 70 3548 in
88 3493 287 3570 agnitionem,
307 3505 336 3557 et
351 3498 461 3558 cultum
478 3497 530 3559 Dei
550 3515 640 3577 repo·
680 3501 766 3574 salso,
791 3497 890 3578 quam'
910 3495 1003 3574 impio
1033 3493 1202 3574 principio,
1219 3515 1278 3576 quo

45 3573 92 3635 nit.
107 3576 144 3638 At
162 3577 189 3638 si
205 3577 320 3640 theoria
338 3577 513 3659 Schelliugii
533 3581 640 3642 melius
679 3584 755 3644 ratio
767 3580 988 3662 impersonalis,
1001 3597 1052 3640 seu
1066 3578 1165 3658 potins
1177 3588 1206 3640 to
1220 3600 1279 3660 pu-

45 3656 227 3739 inspiciatur‚
245 3664 405 3724 maximum
421 3667 519 3726 statim
532 3665 639 3726 discri·
679 3685 758 3742 rum,
778 3663 986 3738 substantiale,
1010 3665 1062 3724 sed
1080 3664 1279 3743 impersonale
1339 3736 1349 3756 N

47 3758 106 3804 men
120 3754 257 3825 apparet.
271 3746 343 3808 llam
365 3749 396 3827 l)
410 3768 477 3810 curn
491 3747 641 3827 Sclrelling
680 3753 822 3830 cogitare,
835 3769 890 3812 ceu
907 3746 1088 3809 Universitas
1104 3765 1205 3808 rerum
1220 3757 1280 3808 sta-

46 3823 204 3890 absolutam
214 3829 398 3892 identitatem
413 3833 568 3908 doceat,in
581 3852 640 3913 qua
680 3837 793 3912 ruitur,
807 3843 837 3896 et
854 3833 972 3906 Unum,
991 3831 1182 3906 Absolutum,
1201 3831 1280 3892 Deus

48 3904 144 3972 Omnia
159 3921 231 3974 sunt
242 3911 353 3993 Unum,
365 3925 395 3983 et
405 3915 502 3978 Unum
518 3915 638 3994 Omnia,
679 3928 812 3982 vocatur.
832 3918 912 3980 Talis
931 3916 1071 3977 nimirum
1086 3914 1166 3978 Deus
1185 3913 1279 3975 retio-

47 3991 228 4075 ririntelligi
247 4007 366 4078 potest,
397 4001 546 4081 quomodo
578 4019 638 4062 non
679 4024 718 4066 ne
733 4001 952 4085 personalitatis
965 4009 1056 4077 caret,
1070 4009 1100 4062 et
1113 4001 1279 4061 solummo-

49 4074 156 4142 intuitio
169 4081 306 4143 Absoluti
321 4083 357 4144 ad
370 4085 567 4162 cognitionem
582 4104 637 4146 na·
709 4127 742 4186 45)
766 4127 791 4175 v·
810 4127 929 4174 attonat.
948 4127 1007 4173 gg„
1024 4127 1061 4171 p„
1077 4137 1159 4169 neaera
1177 4120 1281 4166 paeane

50 4165 134 4241 turae,
154 4166 200 4226 ael
230 4167 372 4250 suiipsius
397 4169 566 4232 reducatur.
605 4169 638 4251 2)
675 4184 1282 4285 paremaenaeportet-pqraereamfiatpaedrpupgp

72 4295 249 4352 annunti.
264 4301 280 4346 r.
295 4301 316 4364 p.
331 4305 367 4350 oo.
383 4307 406 4352 et
421 4318 469 4363 aeq.
526 4351 541 4370 ‚⁸
565 4267 567 4270 ⁵
678 4246 1057 4361 Pbit‘f'd'sdnu‘dfffiedbffnb'l
1069 4256 1092 4343 ’ἷῖ
1099 4272 1181 4369 l't’3't.
1197 4295 1218 4355 g.
1230 4269 1282 4340 eorl

73 4355 139 4414 ttltt.
154 4359 221 4418 fejer
235 4364 290 4408 inst.
305 4365 381 4422 dogm.
397 4369 412 4411 t.
428 4366 442 4413 l
460 4366 482 4427 ἓ.
497 4369 533 4414 ⁴5.
707 4370 739 4426 (ll)
754 4367 858 4422 Religion
867 4366 944 4410 -dos
958 4357 1179 4406 Setostoewelataem
1196 4357 1280 4400 ⁶⁰⁸⁹&
