2928 4734
190 177 253 242 252
594 191 779 238 rnnoxoerne
795 187 957 239 cenenxets

150 277 269 353 madae3
282 274 392 356 quihus
410 272 567 338 transactis
582 272 687 354 incipit
700 291 747 334 se·
791 271 998 354 praestiturus,
1017 276 1047 330 et
1064 287 1119 352 per
1135 266 1318 345 doctrinam,
1338 289 1393 350 per

148 362 345 441 ptnagesima,
356 379 409 420 sen
427 359 530 422 ultima
548 357 746 422 hebdomada.
789 357 925 435 exempla
938 363 968 416 et
979 373 1031 434 per
1045 357 1102 416 alin
1113 355 1209 415 media
1219 353 1323 414 salutis
1337 355 1394 418 lio·

149 445 281 508 Christus
296 462 365 505 vero
385 443 536 520 trigesimo
554 441 660 504 aetatis
677 459 749 505 suae
791 440 886 500 nrines
903 446 988 519 aptos
1003 438 1171 502 redditurus
1183 447 1245 499 erat
1260 437 1296 498 ad
1317 457 1391 518 pec·

147 548 239 604 enno,
261 527 466 590 hebdomadae
496 527 585 588 liuius
610 526 748 606 prinroa
789 531 853 586 cata
876 522 998 586 vitanda
1025 531 1054 584 et
1074 521 1217 584 iustitiam
1245 540 1391 584 exercen-

146 612 259 674 loanne
275 612 443 692 baptizatus
458 618 513 687 est,
535 610 587 672 uhi
604 618 747 692 tartunam
787 607 867 670 dam.
892 606 972 669 llaec
998 616 1097 669 autem
1127 606 1228 668 omnia
1257 603 1391 668 Christus

145 696 263 758 divinus
283 697 385 758 mundi
413 694 614 773 Redemptor,
634 711 687 756 seu
715 702 748 755 ut
788 691 1002 771 perfectissime
1019 689 1176 771 praestitit,
1191 690 1234 751 uti
1251 708 1286 751 ex
1299 690 1345 752 liis
1360 708 1391 752 e·

147 781 283 845 Christos
293 781 358 844 dne
370 779 488 860 puhlica
499 777 651 858 apparuit:
666 795 746 842 anno
786 777 866 838 lucet
877 820 886 851 ,
906 794 982 856 quae
1000 773 1189 836 deductriua
1214 772 1323 837 Christi
1341 773 1388 855 (3.

142 874 243 927 antem
261 863 367 927 aetatis
381 881 453 924 snae
474 860 624 940 trigesimo
646 861 744 938 tertio,
782 860 934 940 dileto.)
950 860 1028 922 dicta
1047 867 1127 933 sunt,
1143 868 1172 920 et
1190 878 1267 940 quae
1286 859 1325 920 de
1339 878 1389 920 sa-

144 947 348 1013 hehdomadae
362 946 598 1027 septuagesimae
610 953 746 1026 quartae
786 944 955 1006 tislactione
970 942 1091 1020 Christi,
1111 949 1200 1023 atque
1217 943 1254 1004 de
1280 942 1391 1004 mediis

143 1033 254 1114 populo
272 1051 326 1093 suo
352 1050 410 1093 non
429 1032 524 1091 solum
551 1037 675 1105 negatus
693 1029 744 1092 sed
763 1031 768 1098 Ι
786 1029 891 1090 salutis
904 1027 1312 1108 intncotogiadogmspec.
1323 1045 1391 1110 pro·

145 1126 175 1179 et
194 1116 310 1179 occisus
327 1123 382 1178 est.
407 1112 455 1176 Sic
474 1131 544 1192 ergo
562 1131 630 1174 nere
646 1114 677 1174 in
696 1113 745 1176 di·
784 1113 907 1176 bantur.

143 1200 236 1262 midio
255 1199 460 1262 hebdomadae
476 1197 585 1259 defecit
604 1198 701 1260 hostia
715 1206 745 1259 et
827 1197 858 1260 3.
878 1195 1011 1260 Christus
1029 1195 1060 1256 in
1079 1195 1137 1260 hoc
1166 1194 1279 1257 mundo
1304 1194 1389 1272 vixit,

84 1277 87 1289 '
142 1285 322 1346 sacrificium
343 1281 524 1365 perohitum
543 1280 651 1344 Christi
665 1280 744 1344 lles·
783 1299 852 1344 cum
874 1281 971 1342 adhuc
989 1288 1081 1341 staret
1105 1281 1250 1362 templum
1276 1299 1389 1341 secun·

38 4414 87 4434 β

143 1368 206 1430 siae
220 1370 279 1448 (l).
784 1365 867 1440 dum,
882 1363 1386 1446 suhZorohaheleaedilrcatuni(§.

183 1454 272 1517 Natu.
293 1448 376 1522 Quae
394 1457 460 1530 post
478 1457 602 1512 mortem
621 1447 744 1512 Messias
784 1451 871 1528 109),
888 1467 956 1510 curu
979 1450 1068 1512 etiam
1091 1446 1192 1522 ludaei
1212 1449 1241 1508 in
1258 1467 1314 1510 sua
1332 1468 1389 1530 pa·

142 1537 242 1598 lutura
261 1534 411 1616 praedicta
427 1542 508 1608 sunt,
532 1543 598 1614 post
617 1541 742 1596 mortem
783 1535 840 1596 trie
858 1532 975 1594 collecti
997 1540 1098 1594 essent
1113 1533 1152 1612 (ᾗ.
1172 1533 1245 1612 llO)
1269 1542 1300 1595 et
1319 1551 1388 1593 cnm

141 1619 250 1682 Christi
266 1626 333 1682 actu
352 1625 526 1684 evenerunt.
549 1617 621 1680 Nam
638 1619 743 1680 civito·
782 1617 1044 1694 idololatrialonge
1057 1617 1295 1697 lateqnevigeret
1305 1635 1391 1697 prae·

142 1712 200 1765 tem
217 1712 244 1767 et
260 1704 468 1766 sanctuarinm
485 1703 636 1782 discipavit
656 1721 742 1766 exer·
782 1703 870 1783 cipue
887 1702 918 1762 in
934 1701 1106 1779 regionibns
1116 1699 1271 1782 speciatim
1284 1701 1389 1765 nomi-

141 1787 219 1849 citns
242 1805 383 1850 romanus
397 1787 452 1848 suh
471 1787 546 1848 duce
564 1785 650 1863 Tito;
671 1788 743 1852 eho·
781 1788 873 1859 natis,
894 1786 925 1846 in
943 1785 1045 1866 Lydia,
1065 1783 1162 1860 ltalia,
1179 1783 1304 1848 Graecia
1327 1796 1386 1847 etc.

142 1872 267 1934 minatio
278 1871 462 1934 desolationis
475 1871 740 1950 intempleadlnit,
783 1871 823 1950 (5.
845 1870 931 1950 lll).
953 1867 1012 1932 Sed
1030 1877 1160 1951 quatuor
1174 1869 1295 1932 circiter
1320 1876 1389 1950 post

141 1965 171 2020 et
189 1957 390 2020 desotottoseu
408 1955 551 2035 dispersio
571 1955 742 2034 popnlidu·
782 1955 890 2018 Christi
910 1964 1033 2016 mortem
1067 1953 1221 2015 decenniis
1240 1955 1388 2034 templum

141 2049 294 2121 ratusque
306 2040 426 2102 adhanc
438 2040 516 2102 diem
529 2039 567 2118 (ξ.
581 2040 667 2119 lan).
684 2037 741 2102 Ve·
781 2040 926 2115 dirutum,
942 2046 972 2101 et
989 2055 1063 2118 gens
1081 2037 1188 2100 iudaea
1200 2057 1217 2099 a
1228 2037 1326 2118 patrie
1338 2057 1391 2100 ox·

141 2143 207 2186 rum
223 2124 360 2205 equidem
372 2132 428 2196 est,
440 2131 506 2204 post
520 2131 643 2185 mortem
659 2122 743 2186 Chri·
781 2124 867 2204 pulsa
885 2123 996 2204 ubique
1015 2123 1148 2186 locorum
1164 2121 1299 2203 dispersa
1316 2121 1388 2198 luit,

141 2209 179 2270 sti
194 2227 252 2289 ,per
267 2209 365 2289 plures
377 2227 471 2270 annos
483 2207 628 2268 sacrilicia
645 2208 742 2270 aa'lruc
782 2217 811 2270 et
836 2208 935 2269 statim
964 2207 1133 2270 idololatria
1155 2224 1208 2286 per
1232 2205 1389 2286 Evangelii

141 2292 173 2354 in
193 2295 302 2373 templo
322 2293 420 2354 oblata
440 2291 550 2367 luisse,
569 2291 621 2352 sed
644 2299 740 2354 tamen
783 2291 1033 2374 praedicationem
1054 2291 1180 2374 propelli
1199 2289 1310 2371 coepit,
1331 2291 1387 2368 ita,

140 2376 207 2441 iure
225 2377 354 2453 dicitnr,
377 2377 408 2438 in
426 2375 550 2438 dimidio
580 2373 743 2438 hebdoma·
782 2387 815 2440 ut
829 2376 880 2440 illa
893 2377 1079 2458 -praecipue
1094 2396 1129 2438 ex
1146 2375 1320 2454 regionibns
1334 2395 1390 2437 no·

141 2461 198 2523 dac
210 2461 354 2523 delenisse
366 2459 492 2522 hostiam
505 2467 534 2520 et
549 2459 739 2522 secrillcinm.
782 2461 903 2524 minatis
916 2495 931 2508 ·
944 2461 1002 2522 iam
1023 2470 1092 2522 ante
1106 2461 1190 2540 plura
1201 2461 1323 2522 saecula
1335 2479 1390 2542 pe-

140 2545 213 2608 Nam
226 2541 417 2611 sacrificial.
429 2543 465 2604 T.
481 2561 540 2606 non
557 2544 742 2607 sueruntnisi
782 2546 863 2607 nitus
881 2545 1046 2627 evanuerit.
1068 2543 1203 2610 Dubitari
1229 2563 1300 2623 ergo
1328 2563 1388 2605 ne·

141 2631 252 2710 figurae
270 2627 407 2693 sacrificii
426 2648 443 2690 e
461 2626 566 2690 llessia
585 2628 740 2692 offerendi:
782 2631 858 2712 quil,
882 2628 1024 2706 Messinm,
1036 2637 1106 2691 ante
1125 2627 1290 2690 octodecim
1315 2647 1389 2689 sae·

140 2715 185 2778 nti
204 2733 273 2794 ergo
288 2712 490 2792 liguradelrcit
507 2711 683 2774 adveniente
696 2732 744 2774 ve·
782 2716 849 2778 cula
866 2726 947 2777 certo
967 2713 1025 2776 iam
1039 2713 1207 2787 erlvenisse,
1223 2713 1293 2792 qnia
1313 2712 1388 2774 alias

141 2800 245 2872 ritate,
265 2806 295 2860 et
319 2797 362 2858 uli
385 2797 492 2858 umbre
517 2796 593 2874 sugit
614 2796 743 2859 micante
782 2795 1388 2878 vaticinia,tempusipsiusadxentusde·

142 2884 218 2961 sole,
234 2884 275 2945 ita
294 2879 440 2944 sacrificia
457 2878 493 2943 V.
514 2879 548 2942 t.
570 2880 743 2944 deiecerunt
783 2884 986 2960 terminantia,
1010 2882 1041 2944 in
1062 2882 1126 2962 ipso
1149 2879 1296 2944 verificari
1314 2881 1387 2944 nul-

142 2967 174 3028 in
193 2976 288 3030 morte
304 2964 424 3038 Christi,
441 2983 519 3046 quae
537 2965 593 3026 luit
608 2966 740 3029 orciniam
782 2967 899 3030 latenas
917 2974 1048 3050 possent.

142 3047 740 3134 sacrificiorumcomplementumldeoS.
823 3053 911 3116 h'oto.
938 3051 1046 3119 Dicunt
1073 3048 1230 3126 nonnulli,
1251 3055 1389 3129 tempore

142 3134 394 3216 Hieronymusffi)
409 3133 498 3196 dicit:
518 3153 533 3194 e
550 3131 740 3213 Quidquidin
782 3134 890 3199 Christi
906 3154 965 3197 non
980 3135 1111 3215 amplius
1126 3133 1292 3196 secundum
1313 3143 1391 3194 tem·

144 3221 255 3302 templo
275 3228 341 3300 post
360 3227 483 3280 mortem
500 3217 608 3282 Christi
631 3218 741 3280 lactum
784 3221 878 3300 plum,
898 3220 948 3280 sed
966 3221 1084 3280 tertium
1103 3218 1246 3294 extitisse,
1271 3217 1309 3278 ab
1325 3215 1389 3278 lle·

144 3310 262 3366 estnon
282 3303 338 3364 luit
351 3301 604 3375 sacriltciumllei,
620 3301 744 3370 sedcnl-
782 3304 871 3380 rode,
893 3311 926 3364 ul
944 3312 1068 3364 testatur
1088 3301 1234 3384 Iosephus
1254 3301 1385 3378 Flavius,

144 3396 192 3448 tus
214 3385 464 3447 diaboli.›-·--
477 3382 506 3448 Si
526 3393 625 3447 autem
644 3385 743 3462 inna-
784 3387 867 3450 novis
882 3386 999 3449 ellossis
1021 3387 1224 3464 fundamentis
1242 3386 1387 3448 aedifica·

144 3470 247 3531 ticinio
267 3469 397 3532 Danielis
411 3467 596 3551 praedictum
610 3477 655 3530 est
668 3489 743 3532 con·
785 3470 970 3535 tum-Sed
988 3471 1016 3532 id
1030 3489 1139 3546 ²nerum
1158 3469 1238 3531 leand
1259 3478 1315 3532 est:
1332 3465 1391 3531 lle·

142 3553 350 3616 eurnmandam
365 3572 429 3615 esse
448 3553 741 3636 praeuaricationem,
783 3555 871 3618 rodes
885 3557 965 3618 enim
981 3554 1119 3638 equidem
1143 3553 1290 3616 nonnulla
1308 3553 1392 3616 aedi·

142 3638 232 3700 hnem
257 3648 448 3718 accepturum
476 3653 542 3700 esse
556 3645 742 3719 peceatum,
784 3640 852 3706 ficia
869 3641 972 3721 templi
991 3638 1180 3713 restauravit,
1204 3638 1263 3698 alia
1279 3657 1390 3699 mnne·

144 3721 300 3784 delendam
323 3721 513 3802 iniquitatem
534 3729 564 3783 et
590 3722 744 3786 adducen-
784 3725 868 3786 ribus
896 3726 959 3786 suis
981 3723 1115 3799 ornavit,
1135 3731 1167 3784 et
1184 3722 1261 3783 sorte
1288 3722 1391 3801 aliqua

143 3805 211 3868 darn
231 3805 373 3868 iustitiam
395 3805 619 3887 sempiternam,
637 3823 696 3872 non
714 3805 744 3866 id
784 3808 1051 3884 noraadiecit,·sed
1063 3807 1188 3870 uoniam
1207 3813 1301 3868 lotum
1316 3815 1392 3868 tem·

142 3888 184 3951 ita
202 3889 427 3968 intelligendum
446 3898 508 3965 est,
537 3909 571 3954 ae
594 3890 619 3955 sl
644 3890 745 3954 homi·
786 3893 866 3972 plum
889 3893 935 3954 de¹
951 3911 1026 3954 nono
1048 3891 1203 3966 exstruxit,
1217 3891 1297 3971 qnod
1317 3889 1389 3950 dnm

142 3974 233 4036 nihns
245 3973 589 4048 libertasadixnendasit,
605 3992 665 4054 qua
679 3992 746 4052 pec·
784 3974 929 4057 Iosephus
951 3975 1070 4038 Flavius
1087 3977 1205 4052 asserit,
1225 3993 1281 4036 ceu
1298 3971 1391 4036 llero·

144 4076 212 4120 care
229 4067 258 4120 et
281 4058 469 4139 iniquitatem
498 4058 596 4120 lacere
618 4057 744 4136 possint,
786 4059 832 4122 dis
861 4069 1028 4122 assentator
1056 4079 1109 4143 per
1130 4057 1389 4137 exaggerationem

144 4141 196 4203 sed
210 4142 238 4206 id
259 4141 369 4204 dictum
383 4152 426 4204 est
437 4142 473 4204 de
484 4139 600 4212 llessia,
617 4142 666 4218 qni
685 4142 746 4221 ple·
786 4143 930 4224 loqnitur3
951 4144 1073 4206 domam
1099 4144 1177 4205 enim
1202 4150 1389 4216 restaurare,

145 4242 213 4286 narn
228 4225 287 4286 lleo
300 4245 354 4307 pro
370 4225 501 4304 peccatis
513 4223 745 4284 satisfactionem
786 4245 906 4304 ornare,
926 4229 970 4288 rel
990 4229 1080 4290 etiarn
1095 4228 1279 4309 amplillcnre
1293 4245 1355 4289 uon
1366 4225 1391 4288 i·

175 4327 205 4387 (Ι)
222 4331 330 4378 lihoours
343 4343 386 4376 aur
399 4329 473 4374 l’hlsl.
485 4329 548 4374 univ.
563 4340 587 4387 p·
604 4329 610 4374 l
615 4361 624 4387 ,
634 4329 736 4389 Epami
815 4333 849 4391 (2)
866 4335 890 4379 ln
906 4334 965 4380 Dan.
980 4333 1003 4381 9.
1026 4395 1028 4403 Ι
