<?xml version="1.0" encoding="UTF-8"?>
<!DOCTYPE html PUBLIC "-//W3C//DTD XHTML 1.0 Transitional//EN"
    "http://www.w3.org/TR/xhtml1/DTD/xhtml1-transitional.dtd">
<html xmlns="http://www.w3.org/1999/xhtml" xml:lang="en" lang="en">
 <head>
  <title>
</title>
<meta http-equiv="Content-Type" content="text/html;charset=utf-8" />
  <meta name='ocr-system' content='tesseract 3.04.00' />
  <meta name='ocr-capabilities' content='ocr_page ocr_carea ocr_par ocr_line ocrx_word'/>
</head>
<body>
  <div class='ocr_page' id='page_1' title='image "./institutionesth00knolgoog_0335.png"; bbox 0 0 2934 4736; ppageno 0'>
   <div class='ocr_carea' id='block_1_1' title="bbox 435 149 1256 221">
    <p class='ocr_par' dir='ltr' id='par_1_1' title="bbox 435 149 1256 221">
     <span class='ocr_line' id='line_1_1' title="bbox 435 149 1256 221; baseline -0.007 -1"><span class='ocrx_word' id='word_1_1' title='bbox 435 174 510 220; x_wconf 80' lang='lat' dir='ltr'><strong>raus</strong></span> <span class='ocrx_word' id='word_1_2' title='bbox 530 176 574 221; x_wconf 88' lang='lat' dir='ltr'><strong>ur.</strong></span> <span class='ocrx_word' id='word_1_3' title='bbox 599 175 701 221; x_wconf 82' lang='lat' dir='ltr'><strong>suerro</strong></span> <span class='ocrx_word' id='word_1_4' title='bbox 721 175 744 220; x_wconf 91' lang='lat' dir='ltr'><strong>r.</strong></span> <span class='ocrx_word' id='word_1_5' title='bbox 769 173 862 220; x_wconf 79' lang='lat' dir='ltr'><strong>oarur</strong></span> <span class='ocrx_word' id='word_1_6' title='bbox 886 173 920 220; x_wconf 89' lang='lat' dir='ltr'><strong>u.</strong></span> <span class='ocrx_word' id='word_1_7' title='bbox 1087 161 1091 169; x_wconf 83' lang='lat'><strong><em>‘</em></strong></span> <span class='ocrx_word' id='word_1_8' title='bbox 1195 149 1256 218; x_wconf 73' lang='lat' dir='ltr'><strong>32l</strong></span> 
     </span>
    </p>
   </div>
   <div class='ocr_carea' id='block_1_2' title="bbox 22 239 1298 4275">
    <p class='ocr_par' dir='ltr' id='par_1_2' title="bbox 22 239 1298 1903">
     <span class='ocr_line' id='line_1_2' title="bbox 55 239 1297 334; baseline 0.004 -30"><span class='ocrx_word' id='word_1_9' title='bbox 55 239 108 305; x_wconf 81' lang='lat' dir='ltr'><strong>dst</strong></span> <span class='ocrx_word' id='word_1_10' title='bbox 128 245 236 308; x_wconf 77' lang='lat' dir='ltr'><strong>nullibi</strong></span> <span class='ocrx_word' id='word_1_11' title='bbox 255 249 379 329; x_wconf 89' lang='lat' dir='ltr'><strong>legitur,</strong></span> <span class='ocrx_word' id='word_1_12' title='bbox 397 251 553 334; x_wconf 78' lang='lat' dir='ltr'><strong>Apostolos</strong></span> <span class='ocrx_word' id='word_1_13' title='bbox 582 252 659 314; x_wconf 89' lang='lat' dir='ltr'><strong>inter</strong></span> <span class='ocrx_word' id='word_1_14' title='bbox 699 252 829 315; x_wconf 77' lang='lat' dir='ltr'><strong>codicem</strong></span> <span class='ocrx_word' id='word_1_15' title='bbox 849 250 1029 331; x_wconf 86' lang='lat' dir='ltr'><strong>promulgat,</strong></span> <span class='ocrx_word' id='word_1_16' title='bbox 1045 265 1103 310; x_wconf 90' lang='lat' dir='ltr'><strong>non</strong></span> <span class='ocrx_word' id='word_1_17' title='bbox 1118 245 1158 310; x_wconf 87' lang='lat' dir='ltr'><strong>ita</strong></span> <span class='ocrx_word' id='word_1_18' title='bbox 1170 265 1237 310; x_wconf 88' lang='lat' dir='ltr'><strong>eum</strong></span> <span class='ocrx_word' id='word_1_19' title='bbox 1250 243 1297 309; x_wconf 90' lang='lat' dir='ltr'><strong>el-</strong></span> 
     </span>
     <span class='ocr_line' id='line_1_3' title="bbox 55 333 1297 420; baseline 0.005 -32"><span class='ocrx_word' id='word_1_20' title='bbox 55 343 87 388; x_wconf 92' lang='lat' dir='ltr'><strong>se</strong></span> <span class='ocrx_word' id='word_1_21' title='bbox 112 333 290 395; x_wconf 88' lang='lat' dir='ltr'><strong>convenisse</strong></span> <span class='ocrx_word' id='word_1_22' title='bbox 320 335 390 397; x_wconf 91' lang='lat' dir='ltr'><strong>dum</strong></span> <span class='ocrx_word' id='word_1_23' title='bbox 421 336 606 413; x_wconf 88' lang='lat' dir='ltr'><strong>scriberent,</strong></span> <span class='ocrx_word' id='word_1_24' title='bbox 630 345 659 398; x_wconf 90' lang='lat' dir='ltr'><strong>et</strong></span> <span class='ocrx_word' id='word_1_25' title='bbox 698 337 817 411; x_wconf 75' lang='lat' dir='ltr'><strong>format,</strong></span> <span class='ocrx_word' id='word_1_26' title='bbox 837 345 970 420; x_wconf 83' lang='lat' dir='ltr'><strong>utuuam</strong></span> <span class='ocrx_word' id='word_1_27' title='bbox 990 342 1101 396; x_wconf 90' lang='lat' dir='ltr'><strong>tanturn</strong></span> <span class='ocrx_word' id='word_1_28' title='bbox 1117 333 1212 410; x_wconf 89' lang='lat' dir='ltr'><strong>logum</strong></span> <span class='ocrx_word' id='word_1_29' title='bbox 1226 351 1297 412; x_wconf 93' lang='lat' dir='ltr'><strong>par·</strong></span> 
     </span>
     <span class='ocr_line' id='line_1_4' title="bbox 56 413 1296 495; baseline 0.006 -24"><span class='ocrx_word' id='word_1_30' title='bbox 56 413 211 489; x_wconf 70' lang='lat' dir='ltr'><strong>statuisse,</strong></span> <span class='ocrx_word' id='word_1_31' title='bbox 242 419 274 478; x_wconf 91' lang='lat' dir='ltr'><strong>ut</strong></span> <span class='ocrx_word' id='word_1_32' title='bbox 298 439 377 482; x_wconf 92' lang='lat' dir='ltr'><strong>unus</strong></span> <span class='ocrx_word' id='word_1_33' title='bbox 398 419 490 495; x_wconf 90' lang='lat' dir='ltr'><strong>haec,</strong></span> <span class='ocrx_word' id='word_1_34' title='bbox 509 421 583 482; x_wconf 88' lang='lat' dir='ltr'><strong>alter</strong></span> <span class='ocrx_word' id='word_1_35' title='bbox 602 420 660 482; x_wconf 91' lang='lat' dir='ltr'><strong>alia</strong></span> <span class='ocrx_word' id='word_1_36' title='bbox 699 429 757 482; x_wconf 90' lang='lat' dir='ltr'><strong>tem</strong></span> <span class='ocrx_word' id='word_1_37' title='bbox 781 419 948 494; x_wconf 84' lang='lat' dir='ltr'><strong>contiueat,</strong></span> <span class='ocrx_word' id='word_1_38' title='bbox 967 425 997 480; x_wconf 89' lang='lat' dir='ltr'><strong>et</strong></span> <span class='ocrx_word' id='word_1_39' title='bbox 1014 416 1102 480; x_wconf 90' lang='lat' dir='ltr'><strong>aliam</strong></span> <span class='ocrx_word' id='word_1_40' title='bbox 1119 415 1184 477; x_wconf 85' lang='lat' dir='ltr'><strong>viva</strong></span> <span class='ocrx_word' id='word_1_41' title='bbox 1201 419 1296 481; x_wconf 91' lang='lat' dir='ltr'><strong>solum</strong></span> 
     </span>
     <span class='ocr_line' id='line_1_5' title="bbox 56 495 1297 586; baseline 0.009 -32"><span class='ocrx_word' id='word_1_42' title='bbox 56 495 212 560; x_wconf 88' lang='lat' dir='ltr'><strong>doctrinae</strong></span> <span class='ocrx_word' id='word_1_43' title='bbox 230 499 337 564; x_wconf 80' lang='lat' dir='ltr'><strong>Christi</strong></span> <span class='ocrx_word' id='word_1_44' title='bbox 357 505 454 585; x_wconf 87' lang='lat' dir='ltr'><strong>capita</strong></span> <span class='ocrx_word' id='word_1_45' title='bbox 473 504 578 568; x_wconf 89' lang='lat' dir='ltr'><strong>litteris</strong></span> <span class='ocrx_word' id='word_1_46' title='bbox 590 523 660 565; x_wconf 89' lang='lat' dir='ltr'><strong>oon·</strong></span> <span class='ocrx_word' id='word_1_47' title='bbox 699 523 769 566; x_wconf 85' lang='lat' dir='ltr'><strong>roco</strong></span> <span class='ocrx_word' id='word_1_48' title='bbox 780 503 959 586; x_wconf 90' lang='lat' dir='ltr'><strong>propositam</strong></span> <span class='ocrx_word' id='word_1_49' title='bbox 969 500 1122 562; x_wconf 87' lang='lat' dir='ltr'><strong>hominum</strong></span> <span class='ocrx_word' id='word_1_50' title='bbox 1136 502 1297 564; x_wconf 79' lang='lat' dir='ltr'><strong>uteruoriae</strong></span> 
     </span>
     <span class='ocr_line' id='line_1_6' title="bbox 57 578 1298 669; baseline -0.01 -11"><span class='ocrx_word' id='word_1_51' title='bbox 57 578 201 657; x_wconf 72' lang='lat' dir='ltr'><strong>Sitirraret.</strong></span> <span class='ocrx_word' id='word_1_52' title='bbox 222 582 407 648; x_wconf 82' lang='lat' dir='ltr'><strong>Contrarium</strong></span> <span class='ocrx_word' id='word_1_53' title='bbox 426 588 524 668; x_wconf 91' lang='lat' dir='ltr'><strong>potius</strong></span> <span class='ocrx_word' id='word_1_54' title='bbox 543 605 579 649; x_wconf 86' lang='lat' dir='ltr'><strong>ex</strong></span> <span class='ocrx_word' id='word_1_55' title='bbox 595 587 659 669; x_wconf 89' lang='lat' dir='ltr'><strong>ipsa</strong></span> <span class='ocrx_word' id='word_1_56' title='bbox 699 589 858 668; x_wconf 77' lang='lat' dir='ltr'><strong>relinquat.</strong></span> <span class='ocrx_word' id='word_1_57' title='bbox 873 587 1030 648; x_wconf 89' lang='lat' dir='ltr'><strong>Praeterea</strong></span> <span class='ocrx_word' id='word_1_58' title='bbox 1039 584 1153 646; x_wconf 87' lang='lat' dir='ltr'><strong>admitti</strong></span> <span class='ocrx_word' id='word_1_59' title='bbox 1163 602 1221 644; x_wconf 90' lang='lat' dir='ltr'><strong>uon</strong></span> <span class='ocrx_word' id='word_1_60' title='bbox 1234 594 1298 665; x_wconf 90' lang='lat' dir='ltr'><strong>pot-</strong></span> 
     </span>
     <span class='ocr_line' id='line_1_7' title="bbox 55 665 1298 753; baseline 0.006 -29"><span class='ocrx_word' id='word_1_61' title='bbox 55 665 253 730; x_wconf 84' lang='lat' dir='ltr'><strong>s.‚lihrorum</strong></span> <span class='ocrx_word' id='word_1_62' title='bbox 268 670 382 752; x_wconf 84' lang='lat' dir='ltr'><strong>origine</strong></span> <span class='ocrx_word' id='word_1_63' title='bbox 394 680 528 753; x_wconf 87' lang='lat' dir='ltr'><strong>apparet.</strong></span> <span class='ocrx_word' id='word_1_64' title='bbox 540 670 599 734; x_wconf 89' lang='lat' dir='ltr'><strong>Pro</strong></span> <span class='ocrx_word' id='word_1_65' title='bbox 612 672 660 733; x_wconf 87' lang='lat' dir='ltr'><strong>da-</strong></span> <span class='ocrx_word' id='word_1_66' title='bbox 699 682 755 748; x_wconf 90' lang='lat' dir='ltr'><strong>est,</strong></span> <span class='ocrx_word' id='word_1_67' title='bbox 776 671 881 747; x_wconf 80' lang='lat' dir='ltr'><strong>licum,</strong></span> <span class='ocrx_word' id='word_1_68' title='bbox 901 669 952 750; x_wconf 88' lang='lat' dir='ltr'><strong>qui</strong></span> <span class='ocrx_word' id='word_1_69' title='bbox 974 688 1032 731; x_wconf 93' lang='lat' dir='ltr'><strong>non</strong></span> <span class='ocrx_word' id='word_1_70' title='bbox 1049 668 1131 730; x_wconf 86' lang='lat' dir='ltr'><strong>deest</strong></span> <span class='ocrx_word' id='word_1_71' title='bbox 1149 668 1179 729; x_wconf 91' lang='lat' dir='ltr'><strong>in</strong></span> <span class='ocrx_word' id='word_1_72' title='bbox 1196 686 1298 731; x_wconf 85' lang='lat' dir='ltr'><strong>neces-</strong></span> 
     </span>
     <span class='ocr_line' id='line_1_8' title="bbox 56 749 1295 832; baseline 0.006 -25"><span class='ocrx_word' id='word_1_73' title='bbox 56 756 86 808; x_wconf 91' lang='lat' dir='ltr'><strong>ta</strong></span> <span class='ocrx_word' id='word_1_74' title='bbox 103 749 188 812; x_wconf 89' lang='lat' dir='ltr'><strong>enirn</strong></span> <span class='ocrx_word' id='word_1_75' title='bbox 202 753 392 818; x_wconf 86' lang='lat' dir='ltr'><strong>occasiones.</strong></span> <span class='ocrx_word' id='word_1_76' title='bbox 406 755 441 817; x_wconf 87' lang='lat' dir='ltr'><strong>N.</strong></span> <span class='ocrx_word' id='word_1_77' title='bbox 456 755 492 818; x_wconf 89' lang='lat' dir='ltr'><strong>T.</strong></span> <span class='ocrx_word' id='word_1_78' title='bbox 504 755 572 818; x_wconf 87' lang='lat' dir='ltr'><strong>libri</strong></span> <span class='ocrx_word' id='word_1_79' title='bbox 584 775 658 817; x_wconf 84' lang='lat' dir='ltr'><strong>corr·</strong></span> <span class='ocrx_word' id='word_1_80' title='bbox 699 755 797 828; x_wconf 75' lang='lat' dir='ltr'><strong>uariis,</strong></span> <span class='ocrx_word' id='word_1_81' title='bbox 807 755 859 816; x_wconf 91' lang='lat' dir='ltr'><strong>sed</strong></span> <span class='ocrx_word' id='word_1_82' title='bbox 869 773 928 816; x_wconf 89' lang='lat' dir='ltr'><strong>uon</strong></span> <span class='ocrx_word' id='word_1_83' title='bbox 940 753 1071 820; x_wconf 88' lang='lat' dir='ltr'><strong>ahundat</strong></span> <span class='ocrx_word' id='word_1_84' title='bbox 1082 752 1112 813; x_wconf 94' lang='lat' dir='ltr'><strong>in</strong></span> <span class='ocrx_word' id='word_1_85' title='bbox 1125 753 1295 832; x_wconf 84' lang='lat' dir='ltr'><strong>superfluis,</strong></span> 
     </span>
     <span class='ocr_line' id='line_1_9' title="bbox 55 833 1297 920; baseline 0.005 -28"><span class='ocrx_word' id='word_1_86' title='bbox 55 833 162 914; x_wconf 90' lang='lat' dir='ltr'><strong>scripti</strong></span> <span class='ocrx_word' id='word_1_87' title='bbox 181 846 262 898; x_wconf 90' lang='lat' dir='ltr'><strong>sunt:</strong></span> <span class='ocrx_word' id='word_1_88' title='bbox 283 838 326 900; x_wconf 95' lang='lat' dir='ltr'><strong>sic</strong></span> <span class='ocrx_word' id='word_1_89' title='bbox 347 859 374 901; x_wconf 88' lang='lat' dir='ltr'><strong>e.</strong></span> <span class='ocrx_word' id='word_1_90' title='bbox 393 859 436 918; x_wconf 88' lang='lat' dir='ltr'><strong>gr.</strong></span> <span class='ocrx_word' id='word_1_91' title='bbox 456 837 620 902; x_wconf 78' lang='lat' dir='ltr'><strong>&#39;niattha&#39;eus</strong></span> <span class='ocrx_word' id='word_1_92' title='bbox 641 859 659 900; x_wconf 91' lang='lat' dir='ltr'><strong>a</strong></span> <span class='ocrx_word' id='word_1_93' title='bbox 699 839 848 920; x_wconf 79' lang='lat' dir='ltr'><strong>duplicem</strong></span> <span class='ocrx_word' id='word_1_94' title='bbox 875 837 1064 901; x_wconf 86' lang='lat' dir='ltr'><strong>revelationis</strong></span> <span class='ocrx_word' id='word_1_95' title='bbox 1086 835 1197 897; x_wconf 80' lang='lat' dir='ltr'><strong>iontem</strong></span> <span class='ocrx_word' id='word_1_96' title='bbox 1221 855 1297 898; x_wconf 73' lang='lat' dir='ltr'><strong>con«</strong></span> 
     </span>
     <span class='ocr_line' id='line_1_10' title="bbox 56 917 1297 1002; baseline 0.005 -24"><span class='ocrx_word' id='word_1_97' title='bbox 56 917 188 980; x_wconf 84' lang='lat' dir='ltr'><strong>Iudaeae</strong></span> <span class='ocrx_word' id='word_1_98' title='bbox 210 921 316 983; x_wconf 89' lang='lat' dir='ltr'><strong>incolis</strong></span> <span class='ocrx_word' id='word_1_99' title='bbox 333 933 451 1002; x_wconf 86' lang='lat' dir='ltr'><strong>rogatus</strong></span> <span class='ocrx_word' id='word_1_100' title='bbox 468 921 658 1002; x_wconf 81' lang='lat' dir='ltr'><strong>Evangelium</strong></span> <span class='ocrx_word' id='word_1_101' title='bbox 699 923 840 985; x_wconf 90' lang='lat' dir='ltr'><strong>stituisse.</strong></span> <span class='ocrx_word' id='word_1_102' title='bbox 860 921 947 984; x_wconf 91' lang='lat' dir='ltr'><strong>Nulla</strong></span> <span class='ocrx_word' id='word_1_103' title='bbox 964 939 1035 982; x_wconf 90' lang='lat' dir='ltr'><strong>sane</strong></span> <span class='ocrx_word' id='word_1_104' title='bbox 1059 921 1134 982; x_wconf 91' lang='lat' dir='ltr'><strong>ratio</strong></span> <span class='ocrx_word' id='word_1_105' title='bbox 1151 920 1297 1000; x_wconf 85' lang='lat' dir='ltr'><strong>assignari</strong></span> 
     </span>
     <span class='ocr_line' id='line_1_11' title="bbox 57 1005 1297 1086; baseline 0.005 -23"><span class='ocrx_word' id='word_1_106' title='bbox 57 1021 146 1063; x_wconf 85' lang='lat' dir='ltr'><strong>suurn</strong></span> <span class='ocrx_word' id='word_1_107' title='bbox 166 1006 308 1082; x_wconf 79' lang='lat' dir='ltr'><strong>exaravit3</strong></span> <span class='ocrx_word' id='word_1_108' title='bbox 328 1005 453 1073; x_wconf 89' lang='lat' dir='ltr'><strong>loannes</strong></span> <span class='ocrx_word' id='word_1_109' title='bbox 470 1026 558 1069; x_wconf 89' lang='lat' dir='ltr'><strong>suum</strong></span> <span class='ocrx_word' id='word_1_110' title='bbox 574 1025 658 1068; x_wconf 84' lang='lat' dir='ltr'><strong>erro-</strong></span> <span class='ocrx_word' id='word_1_111' title='bbox 699 1016 795 1086; x_wconf 87' lang='lat' dir='ltr'><strong>potest</strong></span> <span class='ocrx_word' id='word_1_112' title='bbox 809 1026 862 1067; x_wconf 90' lang='lat' dir='ltr'><strong>cur</strong></span> <span class='ocrx_word' id='word_1_113' title='bbox 879 1005 957 1068; x_wconf 88' lang='lat' dir='ltr'><strong>Deus</strong></span> <span class='ocrx_word' id='word_1_114' title='bbox 971 1005 1108 1078; x_wconf 82' lang='lat' dir='ltr'><strong>voluerit,</strong></span> <span class='ocrx_word' id='word_1_115' title='bbox 1124 1023 1178 1068; x_wconf 93' lang='lat' dir='ltr'><strong>nos</strong></span> <span class='ocrx_word' id='word_1_116' title='bbox 1197 1006 1297 1085; x_wconf 88' lang='lat' dir='ltr'><strong>aliqua</strong></span> 
     </span>
     <span class='ocr_line' id='line_1_12' title="bbox 56 1085 1297 1169; baseline 0.002 -21"><span class='ocrx_word' id='word_1_117' title='bbox 56 1085 144 1148; x_wconf 91' lang='lat' dir='ltr'><strong>ribus</strong></span> <span class='ocrx_word' id='word_1_118' title='bbox 164 1086 300 1150; x_wconf 85' lang='lat' dir='ltr'><strong>Corinthi</strong></span> <span class='ocrx_word' id='word_1_119' title='bbox 325 1099 354 1152; x_wconf 89' lang='lat' dir='ltr'><strong>et</strong></span> <span class='ocrx_word' id='word_1_120' title='bbox 375 1091 501 1152; x_wconf 88' lang='lat' dir='ltr'><strong>aliorum</strong></span> <span class='ocrx_word' id='word_1_121' title='bbox 526 1091 659 1152; x_wconf 84' lang='lat' dir='ltr'><strong>haereti·</strong></span> <span class='ocrx_word' id='word_1_122' title='bbox 699 1091 869 1160; x_wconf 87' lang='lat' dir='ltr'><strong>essentialia</strong></span> <span class='ocrx_word' id='word_1_123' title='bbox 881 1087 1147 1169; x_wconf 84' lang='lat' dir='ltr'><strong>Religioniscapita</strong></span> <span class='ocrx_word' id='word_1_124' title='bbox 1158 1107 1210 1168; x_wconf 89' lang='lat' dir='ltr'><strong>per</strong></span> <span class='ocrx_word' id='word_1_125' title='bbox 1220 1085 1297 1150; x_wconf 71' lang='lat' dir='ltr'><strong>Scri-</strong></span> 
     </span>
     <span class='ocr_line' id='line_1_13' title="bbox 22 1172 1295 1254; baseline 0.003 -22"><span class='ocrx_word' id='word_1_126' title='bbox 22 1207 25 1220; x_wconf 91' lang='lat'><em>·</em></span> <span class='ocrx_word' id='word_1_127' title='bbox 56 1189 181 1247; x_wconf 87' lang='lat' dir='ltr'><strong>corum,</strong></span> <span class='ocrx_word' id='word_1_128' title='bbox 201 1172 238 1234; x_wconf 92' lang='lat' dir='ltr'><strong>de</strong></span> <span class='ocrx_word' id='word_1_129' title='bbox 268 1173 420 1237; x_wconf 84' lang='lat' dir='ltr'><strong>divinitate</strong></span> <span class='ocrx_word' id='word_1_130' title='bbox 443 1174 550 1237; x_wconf 87' lang='lat' dir='ltr'><strong>Christi</strong></span> <span class='ocrx_word' id='word_1_131' title='bbox 582 1175 659 1237; x_wconf 90' lang='lat' dir='ltr'><strong>male</strong></span> <span class='ocrx_word' id='word_1_132' title='bbox 699 1175 909 1254; x_wconf 88' lang='lat' dir='ltr'><strong>pturam,alia</strong></span> <span class='ocrx_word' id='word_1_133' title='bbox 932 1192 1000 1236; x_wconf 85' lang='lat' dir='ltr'><strong>uero</strong></span> <span class='ocrx_word' id='word_1_134' title='bbox 1020 1173 1181 1254; x_wconf 88' lang='lat' dir='ltr'><strong>persolam</strong></span> <span class='ocrx_word' id='word_1_135' title='bbox 1202 1172 1295 1236; x_wconf 88' lang='lat' dir='ltr'><strong>tradi·</strong></span> 
     </span>
     <span class='ocr_line' id='line_1_14' title="bbox 57 1255 1297 1339; baseline 0.002 -24"><span class='ocrx_word' id='word_1_136' title='bbox 57 1255 267 1334; x_wconf 86' lang='lat' dir='ltr'><strong>sentientium,</strong></span> <span class='ocrx_word' id='word_1_137' title='bbox 276 1259 424 1339; x_wconf 82' lang='lat' dir='ltr'><strong>opposuit3</strong></span> <span class='ocrx_word' id='word_1_138' title='bbox 434 1258 574 1339; x_wconf 84' lang='lat' dir='ltr'><strong>Epistolis</strong></span> <span class='ocrx_word' id='word_1_139' title='bbox 584 1258 660 1321; x_wconf 87' lang='lat' dir='ltr'><strong>Pau·</strong></span> <span class='ocrx_word' id='word_1_140' title='bbox 701 1259 809 1320; x_wconf 88' lang='lat' dir='ltr'><strong>tionem</strong></span> <span class='ocrx_word' id='word_1_141' title='bbox 822 1276 1010 1334; x_wconf 79' lang='lat' dir='ltr'><strong>cognoscere.</strong></span> <span class='ocrx_word' id='word_1_142' title='bbox 1024 1256 1147 1321; x_wconf 87' lang='lat' dir='ltr'><strong>Demum</strong></span> <span class='ocrx_word' id='word_1_143' title='bbox 1160 1275 1219 1318; x_wconf 90' lang='lat' dir='ltr'><strong>uon</strong></span> <span class='ocrx_word' id='word_1_144' title='bbox 1231 1257 1297 1319; x_wconf 90' lang='lat' dir='ltr'><strong>sine</strong></span> 
     </span>
     <span class='ocr_line' id='line_1_15' title="bbox 56 1337 1297 1422; baseline 0.003 -24"><span class='ocrx_word' id='word_1_145' title='bbox 56 1338 129 1399; x_wconf 91' lang='lat' dir='ltr'><strong>linis</strong></span> <span class='ocrx_word' id='word_1_146' title='bbox 148 1348 252 1402; x_wconf 85' lang='lat' dir='ltr'><strong>exorta</strong></span> <span class='ocrx_word' id='word_1_147' title='bbox 269 1343 359 1404; x_wconf 83' lang='lat' dir='ltr'><strong>uariis</strong></span> <span class='ocrx_word' id='word_1_148' title='bbox 383 1343 413 1404; x_wconf 91' lang='lat' dir='ltr'><strong>iu</strong></span> <span class='ocrx_word' id='word_1_149' title='bbox 436 1341 577 1406; x_wconf 83' lang='lat' dir='ltr'><strong>Ecclesiis</strong></span> <span class='ocrx_word' id='word_1_150' title='bbox 595 1343 658 1404; x_wconf 87' lang='lat' dir='ltr'><strong>dis·</strong></span> <span class='ocrx_word' id='word_1_151' title='bbox 700 1343 827 1403; x_wconf 86' lang='lat' dir='ltr'><strong>marimo</strong></span> <span class='ocrx_word' id='word_1_152' title='bbox 842 1341 969 1404; x_wconf 89' lang='lat' dir='ltr'><strong>absurdo</strong></span> <span class='ocrx_word' id='word_1_153' title='bbox 984 1340 1043 1402; x_wconf 88' lang='lat' dir='ltr'><strong>dici</strong></span> <span class='ocrx_word' id='word_1_154' title='bbox 1054 1348 1162 1422; x_wconf 89' lang='lat' dir='ltr'><strong>potest,</strong></span> <span class='ocrx_word' id='word_1_155' title='bbox 1178 1338 1208 1402; x_wconf 90' lang='lat' dir='ltr'><strong>S.</strong></span> <span class='ocrx_word' id='word_1_156' title='bbox 1220 1337 1297 1402; x_wconf 87' lang='lat' dir='ltr'><strong>Seri-</strong></span> 
     </span>
     <span class='ocr_line' id='line_1_16' title="bbox 56 1421 1296 1506; baseline 0.003 -23"><span class='ocrx_word' id='word_1_157' title='bbox 56 1421 154 1500; x_wconf 87' lang='lat' dir='ltr'><strong>sidia,</strong></span> <span class='ocrx_word' id='word_1_158' title='bbox 183 1433 235 1486; x_wconf 90' lang='lat' dir='ltr'><strong>aut</strong></span> <span class='ocrx_word' id='word_1_159' title='bbox 253 1445 371 1506; x_wconf 89' lang='lat' dir='ltr'><strong>sparsae</strong></span> <span class='ocrx_word' id='word_1_160' title='bbox 399 1426 490 1488; x_wconf 86' lang='lat' dir='ltr'><strong>salsae</strong></span> <span class='ocrx_word' id='word_1_161' title='bbox 507 1427 659 1488; x_wconf 88' lang='lat' dir='ltr'><strong>doctrinae</strong></span> <span class='ocrx_word' id='word_1_162' title='bbox 699 1438 830 1506; x_wconf 89' lang='lat' dir='ltr'><strong>pturam,</strong></span> <span class='ocrx_word' id='word_1_163' title='bbox 850 1444 927 1506; x_wconf 92' lang='lat' dir='ltr'><strong>quae</strong></span> <span class='ocrx_word' id='word_1_164' title='bbox 949 1435 978 1488; x_wconf 88' lang='lat' dir='ltr'><strong>et</strong></span> <span class='ocrx_word' id='word_1_165' title='bbox 993 1425 1187 1486; x_wconf 89' lang='lat' dir='ltr'><strong>accidentalia</strong></span> <span class='ocrx_word' id='word_1_166' title='bbox 1204 1426 1296 1488; x_wconf 89' lang='lat' dir='ltr'><strong>multa</strong></span> 
     </span>
     <span class='ocr_line' id='line_1_17' title="bbox 58 1508 1295 1592; baseline 0.002 -26"><span class='ocrx_word' id='word_1_167' title='bbox 58 1525 162 1568; x_wconf 86' lang='lat' dir='ltr'><strong>ansam</strong></span> <span class='ocrx_word' id='word_1_168' title='bbox 182 1510 357 1589; x_wconf 85' lang='lat' dir='ltr'><strong>praebuere.</strong></span> <span class='ocrx_word' id='word_1_169' title='bbox 377 1511 419 1572; x_wconf 83' lang='lat' dir='ltr'><strong>Er</strong></span> <span class='ocrx_word' id='word_1_170' title='bbox 432 1529 491 1591; x_wconf 87' lang='lat' dir='ltr'><strong>quo</strong></span> <span class='ocrx_word' id='word_1_171' title='bbox 505 1518 598 1592; x_wconf 87' lang='lat' dir='ltr'><strong>patet,</strong></span> <span class='ocrx_word' id='word_1_172' title='bbox 616 1510 658 1572; x_wconf 84' lang='grc' dir='ltr'><strong>Α·</strong></span> <span class='ocrx_word' id='word_1_173' title='bbox 699 1511 801 1585; x_wconf 83' lang='lat' dir='ltr'><strong>refert,</strong></span> <span class='ocrx_word' id='word_1_174' title='bbox 820 1511 852 1572; x_wconf 92' lang='lat' dir='ltr'><strong>iu</strong></span> <span class='ocrx_word' id='word_1_175' title='bbox 876 1509 1051 1572; x_wconf 90' lang='lat' dir='ltr'><strong>necessariis</strong></span> <span class='ocrx_word' id='word_1_176' title='bbox 1075 1518 1104 1570; x_wconf 92' lang='lat' dir='ltr'><strong>et</strong></span> <span class='ocrx_word' id='word_1_177' title='bbox 1128 1508 1295 1570; x_wconf 88' lang='lat' dir='ltr'><strong>essentiali-</strong></span> 
     </span>
     <span class='ocr_line' id='line_1_18' title="bbox 57 1591 1295 1677; baseline 0.003 -27"><span class='ocrx_word' id='word_1_178' title='bbox 57 1591 261 1670; x_wconf 91' lang='lat' dir='ltr'><strong>postolosuon</strong></span> <span class='ocrx_word' id='word_1_179' title='bbox 277 1613 312 1656; x_wconf 83' lang='lat' dir='ltr'><strong>ex</strong></span> <span class='ocrx_word' id='word_1_180' title='bbox 323 1597 517 1656; x_wconf 84' lang='lat' dir='ltr'><strong>conuentione</strong></span> <span class='ocrx_word' id='word_1_181' title='bbox 532 1594 658 1677; x_wconf 90' lang='lat' dir='ltr'><strong>quadam</strong></span> <span class='ocrx_word' id='word_1_182' title='bbox 700 1593 755 1656; x_wconf 92' lang='lat' dir='ltr'><strong>hus</strong></span> <span class='ocrx_word' id='word_1_183' title='bbox 772 1595 898 1656; x_wconf 83' lang='lat' dir='ltr'><strong>deficere</strong></span> <span class='ocrx_word' id='word_1_184' title='bbox 913 1594 971 1674; x_wconf 89' lang='lat' dir='ltr'><strong>(l).</strong></span> <span class='ocrx_word' id='word_1_185' title='bbox 992 1627 1033 1638; x_wconf 86' lang='lat'><em>-</em></span> <span class='ocrx_word' id='word_1_186' title='bbox 1047 1593 1089 1654; x_wconf 83' lang='lat' dir='ltr'><strong>hd</strong></span> <span class='ocrx_word' id='word_1_187' title='bbox 1109 1592 1221 1654; x_wconf 91' lang='lat' dir='ltr'><strong>similes</strong></span> <span class='ocrx_word' id='word_1_188' title='bbox 1240 1593 1295 1654; x_wconf 92' lang='lat' dir='ltr'><strong>ad·</strong></span> 
     </span>
     <span class='ocr_line' id='line_1_19' title="bbox 58 1675 1295 1758; baseline 0.004 -23"><span class='ocrx_word' id='word_1_189' title='bbox 58 1675 93 1735; x_wconf 95' lang='lat' dir='ltr'><strong>ad</strong></span> <span class='ocrx_word' id='word_1_190' title='bbox 106 1675 589 1758; x_wconf 89' lang='lat' dir='ltr'><strong>scribendumaocessisse.Neque</strong></span> <span class='ocrx_word' id='word_1_191' title='bbox 602 1679 658 1740; x_wconf 88' lang='lat' dir='ltr'><strong>dici</strong></span> <span class='ocrx_word' id='word_1_192' title='bbox 698 1679 896 1740; x_wconf 84' lang='lat' dir='ltr'><strong>versariorum</strong></span> <span class='ocrx_word' id='word_1_193' title='bbox 931 1677 1061 1755; x_wconf 81' lang='lat' dir='ltr'><strong>argutias</strong></span> <span class='ocrx_word' id='word_1_194' title='bbox 1091 1677 1295 1758; x_wconf 88' lang='lat' dir='ltr'><strong>reponendum</strong></span> 
     </span>
     <span class='ocr_line' id='line_1_20' title="bbox 56 1759 1296 1903; baseline 0.002 -84"><span class='ocrx_word' id='word_1_195' title='bbox 56 1767 168 1903; x_wconf 74' lang='lat' dir='ltr'><strong>potest,</strong></span> <span class='ocrx_word' id='word_1_196' title='bbox 188 1759 328 1840; x_wconf 90' lang='lat' dir='ltr'><strong>Spiritum</strong></span> <span class='ocrx_word' id='word_1_197' title='bbox 341 1759 373 1824; x_wconf 88' lang='lat' dir='ltr'><strong>S.</strong></span> <span class='ocrx_word' id='word_1_198' title='bbox 390 1763 607 1844; x_wconf 84' lang='lat' dir='ltr'><strong>hagiographos</strong></span> <span class='ocrx_word' id='word_1_199' title='bbox 621 1763 656 1825; x_wconf 91' lang='lat' dir='ltr'><strong>N.</strong></span> <span class='ocrx_word' id='word_1_200' title='bbox 699 1771 755 1839; x_wconf 87' lang='lat' dir='ltr'><strong>est,</strong></span> <span class='ocrx_word' id='word_1_201' title='bbox 768 1760 1100 1837; x_wconf 84' lang='lat' dir='ltr'><strong>humanisratioeihiis‚</strong></span> <span class='ocrx_word' id='word_1_202' title='bbox 1114 1763 1184 1821; x_wconf 89' lang='lat' dir='ltr'><strong>dum</strong></span> <span class='ocrx_word' id='word_1_203' title='bbox 1198 1761 1235 1822; x_wconf 77' lang='lat' dir='ltr'><strong>de</strong></span> <span class='ocrx_word' id='word_1_204' title='bbox 1249 1761 1263 1822; x_wconf 90' lang='lat' dir='ltr'><strong>l</strong></span> <span class='ocrx_word' id='word_1_205' title='bbox 1280 1796 1296 1808; x_wconf 93' lang='lat'>-</span> 
     </span>
    </p>

    <p class='ocr_par' dir='ltr' id='par_1_3' title="bbox 55 1845 1297 3442">
     <span class='ocr_line' id='line_1_21' title="bbox 83 1845 1296 1928; baseline 0.002 -25"><span class='ocrx_word' id='word_1_206' title='bbox 83 1890 90 1904; x_wconf 92' lang='lat'><strong><em>.</em></strong></span> <span class='ocrx_word' id='word_1_207' title='bbox 111 1845 275 1924; x_wconf 86' lang='lat' dir='ltr'><strong>scriptores</strong></span> <span class='ocrx_word' id='word_1_208' title='bbox 291 1847 333 1908; x_wconf 91' lang='lat' dir='ltr'><strong>ita</strong></span> <span class='ocrx_word' id='word_1_209' title='bbox 350 1846 510 1928; x_wconf 82' lang='lat' dir='ltr'><strong>inspirasse</strong></span> <span class='ocrx_word' id='word_1_210' title='bbox 529 1856 559 1908; x_wconf 91' lang='lat' dir='ltr'><strong>et</strong></span> <span class='ocrx_word' id='word_1_211' title='bbox 577 1847 658 1909; x_wconf 83' lang='lat' dir='ltr'><strong>dire·</strong></span> <span class='ocrx_word' id='word_1_212' title='bbox 699 1847 872 1908; x_wconf 88' lang='lat' dir='ltr'><strong>otisdivinis</strong></span> <span class='ocrx_word' id='word_1_213' title='bbox 888 1846 994 1923; x_wconf 83' lang='lat' dir='ltr'><strong>agitur,</strong></span> <span class='ocrx_word' id='word_1_214' title='bbox 1012 1845 1222 1922; x_wconf 83' lang='lat' dir='ltr'><strong>indulgendum</strong></span> <span class='ocrx_word' id='word_1_215' title='bbox 1236 1864 1296 1906; x_wconf 92' lang='lat' dir='ltr'><strong>non</strong></span> 
     </span>
     <span class='ocr_line' id='line_1_22' title="bbox 56 1927 1296 2012; baseline 0.001 -24"><span class='ocrx_word' id='word_1_216' title='bbox 56 1927 149 2005; x_wconf 79' lang='lat' dir='ltr'><strong>risse,</strong></span> <span class='ocrx_word' id='word_1_217' title='bbox 168 1937 203 1991; x_wconf 95' lang='lat' dir='ltr'><strong>ut</strong></span> <span class='ocrx_word' id='word_1_218' title='bbox 228 1929 328 1992; x_wconf 92' lang='lat' dir='ltr'><strong>omnia</strong></span> <span class='ocrx_word' id='word_1_219' title='bbox 350 1931 501 1993; x_wconf 85' lang='lat' dir='ltr'><strong>doctrinae</strong></span> <span class='ocrx_word' id='word_1_220' title='bbox 520 1931 658 2010; x_wconf 60' lang='lat' dir='ltr'><strong>christia</strong></span> <span class='ocrx_word' id='word_1_221' title='bbox 699 1949 776 1992; x_wconf 87' lang='lat' dir='ltr'><strong>esse.</strong></span> <span class='ocrx_word' id='word_1_222' title='bbox 792 1930 953 2012; x_wconf 86' lang='lat' dir='ltr'><strong>lleus,&#39;qui</strong></span> <span class='ocrx_word' id='word_1_223' title='bbox 970 1927 1296 1992; x_wconf 82' lang='lat' dir='ltr'><strong>liberrimelletelatio-</strong></span> 
     </span>
     <span class='ocr_line' id='line_1_23' title="bbox 58 2013 1295 2097; baseline 0.001 -25"><span class='ocrx_word' id='word_1_224' title='bbox 58 2031 115 2073; x_wconf 92' lang='lat' dir='ltr'><strong>nae</strong></span> <span class='ocrx_word' id='word_1_225' title='bbox 134 2013 233 2093; x_wconf 89' lang='lat' dir='ltr'><strong>capita</strong></span> <span class='ocrx_word' id='word_1_226' title='bbox 254 2013 342 2075; x_wconf 91' lang='lat' dir='ltr'><strong>simul</strong></span> <span class='ocrx_word' id='word_1_227' title='bbox 367 2014 458 2076; x_wconf 88' lang='lat' dir='ltr'><strong>sumti</strong></span> <span class='ocrx_word' id='word_1_228' title='bbox 476 2015 657 2097; x_wconf 86' lang='lat' dir='ltr'><strong>complecte-</strong></span> <span class='ocrx_word' id='word_1_229' title='bbox 698 2034 766 2077; x_wconf 93' lang='lat' dir='ltr'><strong>nem</strong></span> <span class='ocrx_word' id='word_1_230' title='bbox 786 2014 874 2076; x_wconf 90' lang='lat' dir='ltr'><strong>nohis</strong></span> <span class='ocrx_word' id='word_1_231' title='bbox 893 2013 1054 2090; x_wconf 90' lang='lat' dir='ltr'><strong>concessit,</strong></span> <span class='ocrx_word' id='word_1_232' title='bbox 1072 2013 1223 2075; x_wconf 89' lang='lat' dir='ltr'><strong>liberrime</strong></span> <span class='ocrx_word' id='word_1_233' title='bbox 1248 2020 1295 2074; x_wconf 92' lang='lat' dir='ltr'><strong>et-</strong></span> 
     </span>
     <span class='ocr_line' id='line_1_24' title="bbox 56 2097 1295 2180; baseline 0.001 -24"><span class='ocrx_word' id='word_1_234' title='bbox 56 2103 174 2173; x_wconf 82' lang='lat' dir='ltr'><strong>rentur3</strong></span> <span class='ocrx_word' id='word_1_235' title='bbox 191 2097 257 2158; x_wconf 91' lang='lat' dir='ltr'><strong>talis</strong></span> <span class='ocrx_word' id='word_1_236' title='bbox 273 2098 351 2160; x_wconf 90' lang='lat' dir='ltr'><strong>enim</strong></span> <span class='ocrx_word' id='word_1_237' title='bbox 371 2099 495 2173; x_wconf 86' lang='lat' dir='ltr'><strong>assertio</strong></span> <span class='ocrx_word' id='word_1_238' title='bbox 513 2117 610 2180; x_wconf 89' lang='lat' dir='ltr'><strong>neque</strong></span> <span class='ocrx_word' id='word_1_239' title='bbox 623 2119 658 2162; x_wconf 81' lang='lat' dir='ltr'><strong>ox</strong></span> <span class='ocrx_word' id='word_1_240' title='bbox 697 2100 756 2163; x_wconf 89' lang='lat' dir='ltr'><strong>iam</strong></span> <span class='ocrx_word' id='word_1_241' title='bbox 775 2099 909 2176; x_wconf 91' lang='lat' dir='ltr'><strong>modurn,</strong></span> <span class='ocrx_word' id='word_1_242' title='bbox 924 2117 982 2179; x_wconf 93' lang='lat' dir='ltr'><strong>quo</strong></span> <span class='ocrx_word' id='word_1_243' title='bbox 1002 2097 1038 2162; x_wconf 91' lang='lat' dir='ltr'><strong>ad</strong></span> <span class='ocrx_word' id='word_1_244' title='bbox 1057 2097 1138 2159; x_wconf 91' lang='lat' dir='ltr'><strong>illius</strong></span> <span class='ocrx_word' id='word_1_245' title='bbox 1149 2097 1295 2174; x_wconf 86' lang='lat' dir='ltr'><strong>cognitio-</strong></span> 
     </span>
     <span class='ocr_line' id='line_1_25' title="bbox 56 2175 1295 2264; baseline 0.003 -24"><span class='ocrx_word' id='word_1_246' title='bbox 56 2175 578 2263; x_wconf 80' lang='lat' dir='ltr'><strong>S‘Scripturaipsa,neque-aliunde</strong></span> <span class='ocrx_word' id='word_1_247' title='bbox 612 2202 658 2244; x_wconf 91' lang='lat' dir='ltr'><strong>ro·</strong></span> <span class='ocrx_word' id='word_1_248' title='bbox 697 2203 765 2246; x_wconf 90' lang='lat' dir='ltr'><strong>nem</strong></span> <span class='ocrx_word' id='word_1_249' title='bbox 779 2184 996 2263; x_wconf 84' lang='lat' dir='ltr'><strong>perveniamus,</strong></span> <span class='ocrx_word' id='word_1_250' title='bbox 1009 2182 1208 2244; x_wconf 90' lang='lat' dir='ltr'><strong>determinare</strong></span> <span class='ocrx_word' id='word_1_251' title='bbox 1226 2190 1295 2264; x_wconf 92' lang='lat' dir='ltr'><strong>pot-</strong></span> 
     </span>
     <span class='ocr_line' id='line_1_26' title="bbox 57 2262 1295 2348; baseline 0.003 -24"><span class='ocrx_word' id='word_1_252' title='bbox 57 2262 122 2325; x_wconf 89' lang='lat' dir='ltr'><strong>hari</strong></span> <span class='ocrx_word' id='word_1_253' title='bbox 140 2264 323 2344; x_wconf 91' lang='lat' dir='ltr'><strong>potest.lmo</strong></span> <span class='ocrx_word' id='word_1_254' title='bbox 339 2285 406 2328; x_wconf 89' lang='lat' dir='ltr'><strong>curn</strong></span> <span class='ocrx_word' id='word_1_255' title='bbox 421 2268 565 2330; x_wconf 89' lang='lat' dir='ltr'><strong>nonnulla</strong></span> <span class='ocrx_word' id='word_1_256' title='bbox 598 2268 659 2330; x_wconf 87' lang='lat' dir='ltr'><strong>lni-</strong></span> <span class='ocrx_word' id='word_1_257' title='bbox 697 2277 752 2330; x_wconf 88' lang='lat' dir='ltr'><strong>est.</strong></span> <span class='ocrx_word' id='word_1_258' title='bbox 776 2265 876 2348; x_wconf 79' lang='lat' dir='ltr'><strong>Neque</strong></span> <span class='ocrx_word' id='word_1_259' title='bbox 895 2266 1028 2332; x_wconf 82' lang='lat' dir='ltr'><strong>inlicitae</strong></span> <span class='ocrx_word' id='word_1_260' title='bbox 1052 2266 1215 2347; x_wconf 87' lang='lat' dir='ltr'><strong>sapientiae</strong></span> <span class='ocrx_word' id='word_1_261' title='bbox 1241 2266 1295 2328; x_wconf 93' lang='lat' dir='ltr'><strong>de-</strong></span> 
     </span>
     <span class='ocr_line' id='line_1_27' title="bbox 56 2343 1295 2432; baseline 0.003 -24"><span class='ocrx_word' id='word_1_262' title='bbox 56 2348 93 2409; x_wconf 86' lang='lat' dir='ltr'><strong>sti</strong></span> <span class='ocrx_word' id='word_1_263' title='bbox 116 2347 196 2411; x_wconf 89' lang='lat' dir='ltr'><strong>dicta</strong></span> <span class='ocrx_word' id='word_1_264' title='bbox 221 2357 251 2411; x_wconf 90' lang='lat' dir='ltr'><strong>et</strong></span> <span class='ocrx_word' id='word_1_265' title='bbox 269 2350 347 2411; x_wconf 88' lang='lat' dir='ltr'><strong>lacta</strong></span> <span class='ocrx_word' id='word_1_266' title='bbox 370 2351 432 2413; x_wconf 86' lang='lat' dir='ltr'><strong>lere</strong></span> <span class='ocrx_word' id='word_1_267' title='bbox 463 2349 499 2411; x_wconf 90' lang='lat' dir='ltr'><strong>ab</strong></span> <span class='ocrx_word' id='word_1_268' title='bbox 519 2352 658 2413; x_wconf 91' lang='lat' dir='ltr'><strong>omnibus</strong></span> <span class='ocrx_word' id='word_1_269' title='bbox 697 2360 777 2414; x_wconf 87' lang='lat' dir='ltr'><strong>creta</strong></span> <span class='ocrx_word' id='word_1_270' title='bbox 796 2370 849 2432; x_wconf 89' lang='lat' dir='ltr'><strong>per</strong></span> <span class='ocrx_word' id='word_1_271' title='bbox 866 2343 1023 2414; x_wconf 83' lang='lat' dir='ltr'><strong>limitatam</strong></span> <span class='ocrx_word' id='word_1_272' title='bbox 1037 2359 1067 2413; x_wconf 92' lang='lat' dir='ltr'><strong>et</strong></span> <span class='ocrx_word' id='word_1_273' title='bbox 1080 2351 1295 2412; x_wconf 86' lang='lat' dir='ltr'><strong>caecutientem</strong></span> 
     </span>
     <span class='ocr_line' id='line_1_28' title="bbox 55 2434 1292 2512; baseline 0.003 -20"><span class='ocrx_word' id='word_1_274' title='bbox 55 2442 249 2509; x_wconf 87' lang='lat' dir='ltr'><strong>enarrentur,</strong></span> <span class='ocrx_word' id='word_1_275' title='bbox 263 2434 373 2510; x_wconf 87' lang='lat' dir='ltr'><strong>atalia,</strong></span> <span class='ocrx_word' id='word_1_276' title='bbox 390 2435 460 2495; x_wconf 88' lang='lat' dir='ltr'><strong>lieet</strong></span> <span class='ocrx_word' id='word_1_277' title='bbox 471 2435 655 2512; x_wconf 86' lang='lat' dir='ltr'><strong>gravissima,</strong></span> <span class='ocrx_word' id='word_1_278' title='bbox 697 2436 843 2498; x_wconf 91' lang='lat' dir='ltr'><strong>rationem</strong></span> <span class='ocrx_word' id='word_1_279' title='bbox 859 2436 1020 2498; x_wconf 89' lang='lat' dir='ltr'><strong>humanam</strong></span> <span class='ocrx_word' id='word_1_280' title='bbox 1035 2435 1198 2496; x_wconf 89' lang='lat' dir='ltr'><strong>diiudicare</strong></span> <span class='ocrx_word' id='word_1_281' title='bbox 1213 2435 1292 2497; x_wconf 89' lang='lat' dir='ltr'><strong>licet.</strong></span> 
     </span>
     <span class='ocr_line' id='line_1_29' title="bbox 56 2515 1297 2601; baseline 0.004 -26"><span class='ocrx_word' id='word_1_282' title='bbox 56 2515 94 2576; x_wconf 88' lang='lat' dir='ltr'><strong>ab</strong></span> <span class='ocrx_word' id='word_1_283' title='bbox 109 2535 171 2578; x_wconf 92' lang='lat' dir='ltr'><strong>uno</strong></span> <span class='ocrx_word' id='word_1_284' title='bbox 182 2525 294 2580; x_wconf 87' lang='lat' dir='ltr'><strong>tanturn</strong></span> <span class='ocrx_word' id='word_1_285' title='bbox 312 2518 483 2581; x_wconf 88' lang='lat' dir='ltr'><strong>brevissime</strong></span> <span class='ocrx_word' id='word_1_286' title='bbox 498 2519 658 2598; x_wconf 88' lang='lat' dir='ltr'><strong>indigiten·</strong></span> <span class='ocrx_word' id='word_1_287' title='bbox 697 2517 814 2601; x_wconf 89' lang='lat' dir='ltr'><strong>Optima</strong></span> <span class='ocrx_word' id='word_1_288' title='bbox 830 2527 860 2582; x_wconf 93' lang='lat' dir='ltr'><strong>et</strong></span> <span class='ocrx_word' id='word_1_289' title='bbox 874 2520 1092 2600; x_wconf 83' lang='lat' dir='ltr'><strong>sapientissima</strong></span> <span class='ocrx_word' id='word_1_290' title='bbox 1108 2527 1177 2580; x_wconf 89' lang='lat' dir='ltr'><strong>sunt</strong></span> <span class='ocrx_word' id='word_1_291' title='bbox 1195 2519 1297 2580; x_wconf 89' lang='lat' dir='ltr'><strong>omnia</strong></span> 
     </span>
     <span class='ocr_line' id='line_1_30' title="bbox 56 2600 1296 2684; baseline 0.004 -25"><span class='ocrx_word' id='word_1_292' title='bbox 56 2607 117 2676; x_wconf 90' lang='lat' dir='ltr'><strong>tur,</strong></span> <span class='ocrx_word' id='word_1_293' title='bbox 130 2619 159 2662; x_wconf 85' lang='lat' dir='ltr'><strong>e.</strong></span> <span class='ocrx_word' id='word_1_294' title='bbox 173 2619 200 2678; x_wconf 91' lang='lat' dir='ltr'><strong>g.</strong></span> <span class='ocrx_word' id='word_1_295' title='bbox 216 2600 253 2663; x_wconf 88' lang='lat' dir='ltr'><strong>de</strong></span> <span class='ocrx_word' id='word_1_296' title='bbox 268 2602 523 2684; x_wconf 84' lang='lat' dir='ltr'><strong>formabaptismi‚</strong></span> <span class='ocrx_word' id='word_1_297' title='bbox 537 2603 573 2665; x_wconf 88' lang='lat' dir='ltr'><strong>de</strong></span> <span class='ocrx_word' id='word_1_298' title='bbox 590 2622 656 2665; x_wconf 89' lang='lat' dir='ltr'><strong>mo·</strong></span> <span class='ocrx_word' id='word_1_299' title='bbox 697 2623 774 2684; x_wconf 87' lang='lat' dir='ltr'><strong>quae</strong></span> <span class='ocrx_word' id='word_1_300' title='bbox 791 2604 869 2672; x_wconf 85' lang='lat' dir='ltr'><strong>Deus</strong></span> <span class='ocrx_word' id='word_1_301' title='bbox 886 2604 948 2664; x_wconf 85' lang='lat' dir='ltr'><strong>vult</strong></span> <span class='ocrx_word' id='word_1_302' title='bbox 965 2612 996 2664; x_wconf 90' lang='lat' dir='ltr'><strong>et</strong></span> <span class='ocrx_word' id='word_1_303' title='bbox 1015 2622 1073 2665; x_wconf 96' lang='lat' dir='ltr'><strong>non</strong></span> <span class='ocrx_word' id='word_1_304' title='bbox 1088 2602 1220 2678; x_wconf 90' lang='lat' dir='ltr'><strong>aliunde,</strong></span> <span class='ocrx_word' id='word_1_305' title='bbox 1237 2603 1296 2664; x_wconf 89' lang='lat' dir='ltr'><strong>nisi</strong></span> 
     </span>
     <span class='ocr_line' id='line_1_31' title="bbox 58 2681 1296 2770; baseline 0.003 -28"><span class='ocrx_word' id='word_1_306' title='bbox 58 2681 658 2767; x_wconf 83' lang='lat' dir='ltr'><strong>doremissionampeocatorumobtineri·</strong></span> <span class='ocrx_word' id='word_1_307' title='bbox 698 2689 767 2770; x_wconf 89' lang='lat' dir='ltr'><strong>quia</strong></span> <span class='ocrx_word' id='word_1_308' title='bbox 781 2689 853 2750; x_wconf 83' lang='lat' dir='ltr'><strong>vult.</strong></span> <span class='ocrx_word' id='word_1_309' title='bbox 868 2685 952 2750; x_wconf 84' lang='lat' dir='ltr'><strong>-S.</strong></span> <span class='ocrx_word' id='word_1_310' title='bbox 972 2685 1135 2768; x_wconf 86' lang='lat' dir='ltr'><strong>Scriptura,</strong></span> <span class='ocrx_word' id='word_1_311' title='bbox 1155 2685 1296 2747; x_wconf 87' lang='lat' dir='ltr'><strong>divinitus</strong></span> 
     </span>
     <span class='ocr_line' id='line_1_32' title="bbox 57 2767 1294 2853; baseline 0.002 -25"><span class='ocrx_word' id='word_1_312' title='bbox 57 2767 87 2828; x_wconf 91' lang='lat' dir='ltr'><strong>di</strong></span> <span class='ocrx_word' id='word_1_313' title='bbox 107 2777 190 2844; x_wconf 90' lang='lat' dir='ltr'><strong>etc.‚</strong></span> <span class='ocrx_word' id='word_1_314' title='bbox 211 2771 369 2832; x_wconf 90' lang='lat' dir='ltr'><strong>manileste</strong></span> <span class='ocrx_word' id='word_1_315' title='bbox 396 2778 540 2851; x_wconf 88' lang='lat' dir='ltr'><strong>apparet,</strong></span> <span class='ocrx_word' id='word_1_316' title='bbox 560 2791 657 2852; x_wconf 86' lang='lat' dir='ltr'><strong>neque</strong></span> <span class='ocrx_word' id='word_1_317' title='bbox 698 2772 864 2853; x_wconf 86' lang='lat' dir='ltr'><strong>inspirata,</strong></span> <span class='ocrx_word' id='word_1_318' title='bbox 880 2790 955 2852; x_wconf 92' lang='lat' dir='ltr'><strong>opus</strong></span> <span class='ocrx_word' id='word_1_319' title='bbox 972 2771 1002 2832; x_wconf 93' lang='lat' dir='ltr'><strong>in</strong></span> <span class='ocrx_word' id='word_1_320' title='bbox 1021 2791 1052 2832; x_wconf 92' lang='lat' dir='ltr'><strong>se</strong></span> <span class='ocrx_word' id='word_1_321' title='bbox 1075 2769 1294 2852; x_wconf 78' lang='lat' dir='ltr'><strong>imperfectum,</strong></span> 
     </span>
     <span class='ocr_line' id='line_1_33' title="bbox 57 2852 1297 2937; baseline 0.005 -27"><span class='ocrx_word' id='word_1_322' title='bbox 57 2852 298 2930; x_wconf 86' lang='lat' dir='ltr'><strong>conventionem,</strong></span> <span class='ocrx_word' id='word_1_323' title='bbox 312 2872 409 2937; x_wconf 86' lang='lat' dir='ltr'><strong>nequa</strong></span> <span class='ocrx_word' id='word_1_324' title='bbox 421 2853 548 2936; x_wconf 89' lang='lat' dir='ltr'><strong>Spiritus</strong></span> <span class='ocrx_word' id='word_1_325' title='bbox 565 2852 658 2918; x_wconf 59' lang='lat' dir='ltr'><strong>Squi-</strong></span> <span class='ocrx_word' id='word_1_326' title='bbox 698 2863 728 2918; x_wconf 92' lang='lat' dir='ltr'><strong>et</strong></span> <span class='ocrx_word' id='word_1_327' title='bbox 747 2856 874 2917; x_wconf 90' lang='lat' dir='ltr'><strong>medium</strong></span> <span class='ocrx_word' id='word_1_328' title='bbox 889 2855 1119 2936; x_wconf 88' lang='lat' dir='ltr'><strong>inadaequatum</strong></span> <span class='ocrx_word' id='word_1_329' title='bbox 1136 2854 1201 2915; x_wconf 88' lang='lat' dir='ltr'><strong>iure</strong></span> <span class='ocrx_word' id='word_1_330' title='bbox 1219 2853 1297 2916; x_wconf 86' lang='lat' dir='ltr'><strong>dice·</strong></span> 
     </span>
     <span class='ocr_line' id='line_1_34' title="bbox 59 2935 1295 3020; baseline 0.003 -26"><span class='ocrx_word' id='word_1_331' title='bbox 59 2935 219 2998; x_wconf 89' lang='lat' dir='ltr'><strong>rectionem</strong></span> <span class='ocrx_word' id='word_1_332' title='bbox 237 2937 352 3002; x_wconf 84' lang='lat' dir='ltr'><strong>admitti</strong></span> <span class='ocrx_word' id='word_1_333' title='bbox 362 2957 462 3020; x_wconf 84' lang='lat' dir='ltr'><strong>posse,</strong></span> <span class='ocrx_word' id='word_1_334' title='bbox 475 2957 535 3019; x_wconf 79' lang='lat' dir='ltr'><strong>gira</strong></span> <span class='ocrx_word' id='word_1_335' title='bbox 546 2939 655 3002; x_wconf 89' lang='lat' dir='ltr'><strong>iactum</strong></span> <span class='ocrx_word' id='word_1_336' title='bbox 698 2949 791 3016; x_wconf 89' lang='lat' dir='ltr'><strong>retur,</strong></span> <span class='ocrx_word' id='word_1_337' title='bbox 805 2941 830 3002; x_wconf 93' lang='lat' dir='ltr'><strong>si</strong></span> <span class='ocrx_word' id='word_1_338' title='bbox 845 2939 923 3006; x_wconf 81' lang='lat' dir='ltr'><strong>neus</strong></span> <span class='ocrx_word' id='word_1_339' title='bbox 934 2939 1032 3020; x_wconf 89' lang='lat' dir='ltr'><strong>reipsa</strong></span> <span class='ocrx_word' id='word_1_340' title='bbox 1047 2939 1105 3000; x_wconf 92' lang='lat' dir='ltr'><strong>sibi</strong></span> <span class='ocrx_word' id='word_1_341' title='bbox 1121 2937 1295 3018; x_wconf 90' lang='lat' dir='ltr'><strong>proposuis-</strong></span> 
     </span>
     <span class='ocr_line' id='line_1_35' title="bbox 59 3019 1296 3094; baseline 0.002 -15"><span class='ocrx_word' id='word_1_342' title='bbox 59 3019 116 3094; x_wconf 89' lang='lat' dir='ltr'><strong>sit,</strong></span> <span class='ocrx_word' id='word_1_343' title='bbox 141 3027 176 3081; x_wconf 92' lang='lat' dir='ltr'><strong>ut</strong></span> <span class='ocrx_word' id='word_1_344' title='bbox 194 3022 294 3084; x_wconf 89' lang='lat' dir='ltr'><strong>omnia</strong></span> <span class='ocrx_word' id='word_1_345' title='bbox 309 3023 460 3084; x_wconf 85' lang='lat' dir='ltr'><strong>doetrinae</strong></span> <span class='ocrx_word' id='word_1_346' title='bbox 479 3023 657 3086; x_wconf 89' lang='lat' dir='ltr'><strong>christianae</strong></span> <span class='ocrx_word' id='word_1_347' title='bbox 698 3029 744 3086; x_wconf 88' lang='lat' dir='ltr'><strong>set</strong></span> <span class='ocrx_word' id='word_1_348' title='bbox 761 3025 860 3087; x_wconf 90' lang='lat' dir='ltr'><strong>omnia</strong></span> <span class='ocrx_word' id='word_1_349' title='bbox 875 3024 1047 3086; x_wconf 87' lang='lat' dir='ltr'><strong>adsalutem</strong></span> <span class='ocrx_word' id='word_1_350' title='bbox 1061 3021 1228 3084; x_wconf 84' lang='lat' dir='ltr'><strong>necessaria</strong></span> <span class='ocrx_word' id='word_1_351' title='bbox 1243 3021 1296 3082; x_wconf 84' lang='lat' dir='ltr'><strong>iin-</strong></span> 
     </span>
     <span class='ocr_line' id='line_1_36' title="bbox 57 3103 1295 3188; baseline 0.002 -24"><span class='ocrx_word' id='word_1_352' title='bbox 57 3103 153 3185; x_wconf 88' lang='lat' dir='ltr'><strong>capita</strong></span> <span class='ocrx_word' id='word_1_353' title='bbox 167 3104 507 3185; x_wconf 86' lang='lat' dir='ltr'><strong>litteriscousignentur.</strong></span> <span class='ocrx_word' id='word_1_354' title='bbox 524 3105 658 3188; x_wconf 64' lang='lat' dir='ltr'><strong>Quapro÷</strong></span> <span class='ocrx_word' id='word_1_355' title='bbox 699 3109 826 3171; x_wconf 87' lang='lat' dir='ltr'><strong>mediato</strong></span> <span class='ocrx_word' id='word_1_356' title='bbox 844 3109 879 3169; x_wconf 92' lang='lat' dir='ltr'><strong>ad</strong></span> <span class='ocrx_word' id='word_1_357' title='bbox 899 3127 955 3184; x_wconf 80' lang='lat' dir='ltr'><strong>nos</strong></span> <span class='ocrx_word' id='word_1_358' title='bbox 972 3107 1120 3188; x_wconf 89' lang='lat' dir='ltr'><strong>perillam</strong></span> <span class='ocrx_word' id='word_1_359' title='bbox 1141 3105 1295 3168; x_wconf 88' lang='lat' dir='ltr'><strong>transmit-</strong></span> 
     </span>
     <span class='ocr_line' id='line_1_37' title="bbox 58 3188 1295 3271; baseline 0.002 -24"><span class='ocrx_word' id='word_1_360' title='bbox 58 3197 122 3266; x_wconf 90' lang='lat' dir='ltr'><strong>pter</strong></span> <span class='ocrx_word' id='word_1_361' title='bbox 141 3188 261 3252; x_wconf 91' lang='lat' dir='ltr'><strong>traditio</strong></span> <span class='ocrx_word' id='word_1_362' title='bbox 280 3208 398 3271; x_wconf 91' lang='lat' dir='ltr'><strong>semper</strong></span> <span class='ocrx_word' id='word_1_363' title='bbox 415 3197 449 3251; x_wconf 90' lang='lat' dir='ltr'><strong>ut</strong></span> <span class='ocrx_word' id='word_1_364' title='bbox 470 3191 657 3253; x_wconf 82' lang='lat' dir='ltr'><strong>ireressarius</strong></span> <span class='ocrx_word' id='word_1_365' title='bbox 698 3199 773 3269; x_wconf 90' lang='lat' dir='ltr'><strong>tere,</strong></span> <span class='ocrx_word' id='word_1_366' title='bbox 801 3203 830 3254; x_wconf 92' lang='lat' dir='ltr'><strong>et</strong></span> <span class='ocrx_word' id='word_1_367' title='bbox 850 3193 1046 3254; x_wconf 90' lang='lat' dir='ltr'><strong>nihilominus</strong></span> <span class='ocrx_word' id='word_1_368' title='bbox 1065 3209 1098 3252; x_wconf 90' lang='lat' dir='ltr'><strong>ea</strong></span> <span class='ocrx_word' id='word_1_369' title='bbox 1118 3188 1238 3250; x_wconf 92' lang='lat' dir='ltr'><strong>nonnisi</strong></span> <span class='ocrx_word' id='word_1_370' title='bbox 1261 3208 1295 3252; x_wconf 84' lang='lat' dir='ltr'><strong>err</strong></span> 
     </span>
     <span class='ocr_line' id='line_1_38' title="bbox 57 3267 1296 3356; baseline 0.004 -25"><span class='ocrx_word' id='word_1_371' title='bbox 57 3267 222 3350; x_wconf 84' lang='lat' dir='ltr'><strong>Religionis</strong></span> <span class='ocrx_word' id='word_1_372' title='bbox 232 3274 412 3346; x_wconf 85' lang='lat' dir='ltr'><strong>clnistianae</strong></span> <span class='ocrx_word' id='word_1_373' title='bbox 430 3275 495 3337; x_wconf 90' lang='lat' dir='ltr'><strong>lons</strong></span> <span class='ocrx_word' id='word_1_374' title='bbox 508 3283 552 3338; x_wconf 88' lang='lat' dir='ltr'><strong>est</strong></span> <span class='ocrx_word' id='word_1_375' title='bbox 563 3294 656 3354; x_wconf 85' lang='lat' dir='ltr'><strong>agno·</strong></span> <span class='ocrx_word' id='word_1_376' title='bbox 698 3287 781 3356; x_wconf 88' lang='lat' dir='ltr'><strong>parte</strong></span> <span class='ocrx_word' id='word_1_377' title='bbox 792 3277 966 3345; x_wconf 88' lang='lat' dir='ltr'><strong>contineret.</strong></span> <span class='ocrx_word' id='word_1_378' title='bbox 979 3274 1035 3338; x_wconf 90' lang='lat' dir='ltr'><strong>Sed</strong></span> <span class='ocrx_word' id='word_1_379' title='bbox 1049 3276 1217 3336; x_wconf 90' lang='lat' dir='ltr'><strong>nullatenus</strong></span> <span class='ocrx_word' id='word_1_380' title='bbox 1231 3293 1296 3355; x_wconf 92' lang='lat' dir='ltr'><strong>pro·</strong></span> 
     </span>
     <span class='ocr_line' id='line_1_39' title="bbox 57 3357 1295 3442; baseline 0.004 -26"><span class='ocrx_word' id='word_1_381' title='bbox 57 3357 177 3419; x_wconf 90' lang='lat' dir='ltr'><strong>scenda.</strong></span> <span class='ocrx_word' id='word_1_382' title='bbox 698 3361 764 3422; x_wconf 89' lang='lat' dir='ltr'><strong>bari</strong></span> <span class='ocrx_word' id='word_1_383' title='bbox 791 3368 887 3442; x_wconf 89' lang='lat' dir='ltr'><strong>potest</strong></span> <span class='ocrx_word' id='word_1_384' title='bbox 904 3360 983 3422; x_wconf 93' lang='lat' dir='ltr'><strong>hunc</strong></span> <span class='ocrx_word' id='word_1_385' title='bbox 1007 3359 1066 3422; x_wconf 90' lang='lat' dir='ltr'><strong>sihi</strong></span> <span class='ocrx_word' id='word_1_386' title='bbox 1090 3361 1178 3421; x_wconf 84' lang='lat' dir='ltr'><strong>linem</strong></span> <span class='ocrx_word' id='word_1_387' title='bbox 1201 3357 1295 3421; x_wconf 89' lang='lat' dir='ltr'><strong>Deum</strong></span> 
     </span>
    </p>

    <p class='ocr_par' dir='ltr' id='par_1_4' title="bbox 23 3439 1296 4275">
     <span class='ocr_line' id='line_1_40' title="bbox 96 3439 1295 3525; baseline 0.003 -22"><span class='ocrx_word' id='word_1_388' title='bbox 96 3441 187 3503; x_wconf 88' lang='lat' dir='ltr'><strong>Noto.</strong></span> <span class='ocrx_word' id='word_1_389' title='bbox 208 3439 396 3518; x_wconf 78' lang='lat' dir='ltr'><strong>Adversarii,</strong></span> <span class='ocrx_word' id='word_1_390' title='bbox 421 3461 489 3504; x_wconf 89' lang='lat' dir='ltr'><strong>cum</strong></span> <span class='ocrx_word' id='word_1_391' title='bbox 507 3461 604 3523; x_wconf 88' lang='lat' dir='ltr'><strong>neque</strong></span> <span class='ocrx_word' id='word_1_392' title='bbox 621 3460 657 3504; x_wconf 80' lang='lat' dir='ltr'><strong>ex</strong></span> <span class='ocrx_word' id='word_1_393' title='bbox 698 3444 922 3525; x_wconf 88' lang='lat' dir='ltr'><strong>praestituisse,</strong></span> <span class='ocrx_word' id='word_1_394' title='bbox 939 3463 1006 3506; x_wconf 86' lang='lat' dir='ltr'><strong>eum</strong></span> <span class='ocrx_word' id='word_1_395' title='bbox 1025 3443 1207 3508; x_wconf 90' lang='lat' dir='ltr'><strong>contrarium</strong></span> <span class='ocrx_word' id='word_1_396' title='bbox 1233 3452 1295 3506; x_wconf 91' lang='lat' dir='ltr'><strong>tum</strong></span> 
     </span>
     <span class='ocr_line' id='line_1_41' title="bbox 57 3518 1296 3610; baseline 0.005 -27"><span class='ocrx_word' id='word_1_397' title='bbox 57 3518 222 3605; x_wconf 85' lang='lat' dir='ltr'><strong>Scriptura,</strong></span> <span class='ocrx_word' id='word_1_398' title='bbox 235 3545 332 3607; x_wconf 88' lang='lat' dir='ltr'><strong>neque</strong></span> <span class='ocrx_word' id='word_1_399' title='bbox 347 3545 381 3588; x_wconf 82' lang='lat' dir='ltr'><strong>eu</strong></span> <span class='ocrx_word' id='word_1_400' title='bbox 395 3526 462 3588; x_wconf 89' lang='lat' dir='ltr'><strong>aliis</strong></span> <span class='ocrx_word' id='word_1_401' title='bbox 477 3544 656 3588; x_wconf 87' lang='lat' dir='ltr'><strong>rnonumen-</strong></span> <span class='ocrx_word' id='word_1_402' title='bbox 698 3548 733 3589; x_wconf 82' lang='lat' dir='ltr'><strong>ex</strong></span> <span class='ocrx_word' id='word_1_403' title='bbox 749 3530 906 3610; x_wconf 88' lang='lat' dir='ltr'><strong>scriptura,</strong></span> <span class='ocrx_word' id='word_1_404' title='bbox 920 3536 981 3590; x_wconf 89' lang='lat' dir='ltr'><strong>turn</strong></span> <span class='ocrx_word' id='word_1_405' title='bbox 995 3547 1029 3590; x_wconf 87' lang='lat' dir='ltr'><strong>ex</strong></span> <span class='ocrx_word' id='word_1_406' title='bbox 1044 3528 1110 3590; x_wconf 87' lang='lat' dir='ltr'><strong>aliis</strong></span> <span class='ocrx_word' id='word_1_407' title='bbox 1121 3547 1296 3590; x_wconf 86' lang='lat' dir='ltr'><strong>monumen·</strong></span> 
     </span>
     <span class='ocr_line' id='line_1_42' title="bbox 56 3605 1296 3694; baseline 0.005 -28"><span class='ocrx_word' id='word_1_408' title='bbox 56 3605 92 3668; x_wconf 89' lang='lat' dir='ltr'><strong>tis</strong></span> <span class='ocrx_word' id='word_1_409' title='bbox 109 3609 239 3688; x_wconf 91' lang='lat' dir='ltr'><strong>probare</strong></span> <span class='ocrx_word' id='word_1_410' title='bbox 256 3610 383 3690; x_wconf 90' lang='lat' dir='ltr'><strong>possint,</strong></span> <span class='ocrx_word' id='word_1_411' title='bbox 395 3610 656 3680; x_wconf 85' lang='lat' dir='ltr'><strong>omniadoctrinae</strong></span> <span class='ocrx_word' id='word_1_412' title='bbox 699 3613 735 3673; x_wconf 91' lang='lat' dir='ltr'><strong>tis</strong></span> <span class='ocrx_word' id='word_1_413' title='bbox 753 3612 1128 3694; x_wconf 77' lang='lat' dir='ltr'><strong>patescat—Exemplum</strong></span> <span class='ocrx_word' id='word_1_414' title='bbox 1147 3612 1296 3691; x_wconf 90' lang='lat' dir='ltr'><strong>legislato-</strong></span> 
     </span>
     <span class='ocr_line' id='line_1_43' title="bbox 55 3689 1294 3775; baseline 0.003 -25"><span class='ocrx_word' id='word_1_415' title='bbox 55 3689 236 3754; x_wconf 88' lang='lat' dir='ltr'><strong>christianae</strong></span> <span class='ocrx_word' id='word_1_416' title='bbox 247 3694 343 3775; x_wconf 87' lang='lat' dir='ltr'><strong>capita</strong></span> <span class='ocrx_word' id='word_1_417' title='bbox 352 3694 382 3755; x_wconf 92' lang='lat' dir='ltr'><strong>iu</strong></span> <span class='ocrx_word' id='word_1_418' title='bbox 392 3691 577 3774; x_wconf 87' lang='lat' dir='ltr'><strong>s.Scriptura</strong></span> <span class='ocrx_word' id='word_1_419' title='bbox 587 3713 658 3756; x_wconf 86' lang='lat' dir='ltr'><strong>con·</strong></span> <span class='ocrx_word' id='word_1_420' title='bbox 697 3696 737 3757; x_wconf 91' lang='lat' dir='ltr'><strong>ris</strong></span> <span class='ocrx_word' id='word_1_421' title='bbox 758 3697 882 3758; x_wconf 88' lang='lat' dir='ltr'><strong>humani·</strong></span> <span class='ocrx_word' id='word_1_422' title='bbox 899 3714 958 3758; x_wconf 90' lang='lat' dir='ltr'><strong>non</strong></span> <span class='ocrx_word' id='word_1_423' title='bbox 977 3697 1075 3759; x_wconf 86' lang='lat' dir='ltr'><strong>estad</strong></span> <span class='ocrx_word' id='word_1_424' title='bbox 1101 3715 1178 3770; x_wconf 89' lang='lat' dir='ltr'><strong>rem,</strong></span> <span class='ocrx_word' id='word_1_425' title='bbox 1197 3695 1294 3775; x_wconf 81' lang='lat' dir='ltr'><strong>siqni-</strong></span> 
     </span>
     <span class='ocr_line' id='line_1_44' title="bbox 23 3774 1294 3862; baseline 0.003 -28"><span class='ocrx_word' id='word_1_426' title='bbox 23 3845 27 3850; x_wconf 41' lang='grc'><em>,</em></span> <span class='ocrx_word' id='word_1_427' title='bbox 57 3774 575 3859; x_wconf 83' lang='lat' dir='ltr'><strong>tineri,adrationesphilosophioas</strong></span> <span class='ocrx_word' id='word_1_428' title='bbox 590 3794 658 3840; x_wconf 90' lang='lat' dir='ltr'><strong>con·</strong></span> <span class='ocrx_word' id='word_1_429' title='bbox 697 3781 763 3842; x_wconf 89' lang='lat' dir='ltr'><strong>dem</strong></span> <span class='ocrx_word' id='word_1_430' title='bbox 781 3780 851 3841; x_wconf 90' lang='lat' dir='ltr'><strong>huic</strong></span> <span class='ocrx_word' id='word_1_431' title='bbox 869 3799 928 3842; x_wconf 88' lang='lat' dir='ltr'><strong>non</strong></span> <span class='ocrx_word' id='word_1_432' title='bbox 947 3781 1077 3862; x_wconf 90' lang='lat' dir='ltr'><strong>suppetit</strong></span> <span class='ocrx_word' id='word_1_433' title='bbox 1100 3777 1294 3860; x_wconf 88' lang='lat' dir='ltr'><strong>legislationis</strong></span> 
     </span>
     <span class='ocr_line' id='line_1_45' title="bbox 55 3857 1293 3945; baseline 0.002 -28"><span class='ocrx_word' id='word_1_434' title='bbox 55 3857 182 3936; x_wconf 85' lang='lat' dir='ltr'><strong>lugiunt,</strong></span> <span class='ocrx_word' id='word_1_435' title='bbox 204 3870 234 3924; x_wconf 88' lang='lat' dir='ltr'><strong>et</strong></span> <span class='ocrx_word' id='word_1_436' title='bbox 250 3862 346 3924; x_wconf 87' lang='lat' dir='ltr'><strong>aiunl:</strong></span> <span class='ocrx_word' id='word_1_437' title='bbox 366 3861 455 3938; x_wconf 87' lang='lat' dir='ltr'><strong>Deus,</strong></span> <span class='ocrx_word' id='word_1_438' title='bbox 474 3862 525 3942; x_wconf 88' lang='lat' dir='ltr'><strong>qui</strong></span> <span class='ocrx_word' id='word_1_439' title='bbox 543 3863 656 3944; x_wconf 91' lang='lat' dir='ltr'><strong>imper·</strong></span> <span class='ocrx_word' id='word_1_440' title='bbox 697 3865 995 3945; x_wconf 79' lang='lat' dir='ltr'><strong>suaedeposilarius,</strong></span> <span class='ocrx_word' id='word_1_441' title='bbox 1015 3873 1044 3927; x_wconf 91' lang='lat' dir='ltr'><strong>et</strong></span> <span class='ocrx_word' id='word_1_442' title='bbox 1062 3873 1161 3926; x_wconf 90' lang='lat' dir='ltr'><strong>custos</strong></span> <span class='ocrx_word' id='word_1_443' title='bbox 1175 3861 1260 3924; x_wconf 85' lang='lat' dir='ltr'><strong>indes</strong></span> <span class='ocrx_word' id='word_1_444' title='bbox 1277 3893 1293 3908; x_wconf 91' lang='lat'>-</span> 
     </span>
     <span class='ocr_line' id='line_1_46' title="bbox 55 3941 1293 4029; baseline 0.003 -27"><span class='ocrx_word' id='word_1_445' title='bbox 55 3941 130 4004; x_wconf 85' lang='lat' dir='ltr'><strong>secta</strong></span> <span class='ocrx_word' id='word_1_446' title='bbox 154 3963 215 4006; x_wconf 91' lang='lat' dir='ltr'><strong>non</strong></span> <span class='ocrx_word' id='word_1_447' title='bbox 233 3954 386 4026; x_wconf 90' lang='lat' dir='ltr'><strong>operatur,</strong></span> <span class='ocrx_word' id='word_1_448' title='bbox 395 3946 418 4007; x_wconf 91' lang='lat' dir='ltr'><strong>si</strong></span> <span class='ocrx_word' id='word_1_449' title='bbox 431 3945 583 4027; x_wconf 91' lang='lat' dir='ltr'><strong>perlibros</strong></span> <span class='ocrx_word' id='word_1_450' title='bbox 597 3967 612 4007; x_wconf 88' lang='lat' dir='ltr'><strong>a</strong></span> <span class='ocrx_word' id='word_1_451' title='bbox 624 3967 656 4010; x_wconf 90' lang='lat' dir='ltr'><strong>se</strong></span> <span class='ocrx_word' id='word_1_452' title='bbox 697 3948 806 4020; x_wconf 82' lang='lat' dir='ltr'><strong>otihilis</strong></span> <span class='ocrx_word' id='word_1_453' title='bbox 823 3958 852 4010; x_wconf 90' lang='lat' dir='ltr'><strong>et</strong></span> <span class='ocrx_word' id='word_1_454' title='bbox 867 3949 1053 4024; x_wconf 80' lang='lat' dir='ltr'><strong>infallibilis,</strong></span> <span class='ocrx_word' id='word_1_455' title='bbox 1074 3955 1160 4029; x_wconf 86' lang='lat' dir='ltr'><strong>prout</strong></span> <span class='ocrx_word' id='word_1_456' title='bbox 1181 3962 1293 4024; x_wconf 88' lang='lat' dir='ltr'><strong>suppe-</strong></span> 
     </span>
     <span class='ocr_line' id='line_1_47' title="bbox 54 4023 1293 4116; baseline 0.005 -32"><span class='ocrx_word' id='word_1_457' title='bbox 54 4023 215 4107; x_wconf 90' lang='lat' dir='ltr'><strong>inspiratos</strong></span> <span class='ocrx_word' id='word_1_458' title='bbox 228 4049 283 4090; x_wconf 92' lang='lat' dir='ltr'><strong>nos</strong></span> <span class='ocrx_word' id='word_1_459' title='bbox 296 4030 657 4107; x_wconf 84' lang='lat' dir='ltr'><strong>instrueredecrerit‚hos</strong></span> <span class='ocrx_word' id='word_1_460' title='bbox 697 4033 732 4092; x_wconf 90' lang='lat' dir='ltr'><strong>tit</strong></span> <span class='ocrx_word' id='word_1_461' title='bbox 748 4030 808 4094; x_wconf 80' lang='lat' dir='ltr'><strong>Ded</strong></span> <span class='ocrx_word' id='word_1_462' title='bbox 831 4032 862 4092; x_wconf 91' lang='lat' dir='ltr'><strong>in</strong></span> <span class='ocrx_word' id='word_1_463' title='bbox 883 4033 1017 4116; x_wconf 73' lang='lat' dir='ltr'><strong>Ecclesia</strong></span> <span class='ocrx_word' id='word_1_464' title='bbox 1040 4050 1106 4092; x_wconf 89' lang='lat' dir='ltr'><strong>nse</strong></span> <span class='ocrx_word' id='word_1_465' title='bbox 1134 4030 1293 4090; x_wconf 88' lang='lat' dir='ltr'><strong>constituta</strong></span> 
     </span>
     <span class='ocr_line' id='line_1_48' title="bbox 53 4111 1292 4198; baseline 0.005 -30"><span class='ocrx_word' id='word_1_466' title='bbox 53 4121 133 4172; x_wconf 91' lang='lat' dir='ltr'><strong>certe</strong></span> <span class='ocrx_word' id='word_1_467' title='bbox 152 4112 195 4173; x_wconf 91' lang='lat' dir='ltr'><strong>ita</strong></span> <span class='ocrx_word' id='word_1_468' title='bbox 212 4114 411 4192; x_wconf 86' lang='lat' dir='ltr'><strong>comparauit,</strong></span> <span class='ocrx_word' id='word_1_469' title='bbox 431 4123 464 4174; x_wconf 92' lang='lat' dir='ltr'><strong>ut</strong></span> <span class='ocrx_word' id='word_1_470' title='bbox 487 4115 523 4175; x_wconf 88' lang='lat' dir='ltr'><strong>ad</strong></span> <span class='ocrx_word' id='word_1_471' title='bbox 544 4115 655 4175; x_wconf 86' lang='lat' dir='ltr'><strong>lustru·</strong></span> <span class='ocrx_word' id='word_1_472' title='bbox 698 4116 788 4196; x_wconf 75' lang='lat' dir='ltr'><strong>(quood</strong></span> <span class='ocrx_word' id='word_1_473' title='bbox 812 4115 944 4180; x_wconf 78' lang='lat' dir='ltr'><strong>interius</strong></span> <span class='ocrx_word' id='word_1_474' title='bbox 966 4114 1135 4198; x_wconf 63' lang='lat' dir='ltr'><strong>probaturp</strong></span> <span class='ocrx_word' id='word_1_475' title='bbox 1157 4111 1292 4176; x_wconf 88' lang='lat' dir='ltr'><strong>Ceterum</strong></span> 
     </span>
     <span class='ocr_line' id='line_1_49' title="bbox 53 4193 1293 4275; baseline 0.006 -24"><span class='ocrx_word' id='word_1_476' title='bbox 53 4193 181 4256; x_wconf 89' lang='lat' dir='ltr'><strong>ctionem</strong></span> <span class='ocrx_word' id='word_1_477' title='bbox 203 4205 333 4256; x_wconf 92' lang='lat' dir='ltr'><strong>nostram</strong></span> <span class='ocrx_word' id='word_1_478' title='bbox 353 4197 510 4259; x_wconf 86' lang='lat' dir='ltr'><strong>sufficiant.</strong></span> <span class='ocrx_word' id='word_1_479' title='bbox 533 4197 605 4259; x_wconf 87' lang='lat' dir='ltr'><strong>Nam</strong></span> <span class='ocrx_word' id='word_1_480' title='bbox 627 4206 656 4259; x_wconf 92' lang='lat' dir='ltr'><strong>el</strong></span> <span class='ocrx_word' id='word_1_481' title='bbox 696 4201 739 4262; x_wconf 91' lang='lat' dir='ltr'><strong>nil</strong></span> <span class='ocrx_word' id='word_1_482' title='bbox 768 4199 889 4265; x_wconf 87' lang='lat' dir='ltr'><strong>absurdi</strong></span> <span class='ocrx_word' id='word_1_483' title='bbox 916 4198 1076 4275; x_wconf 86' lang='lat' dir='ltr'><strong>contingit,</strong></span> <span class='ocrx_word' id='word_1_484' title='bbox 1097 4198 1121 4258; x_wconf 92' lang='lat' dir='ltr'><strong>si</strong></span> <span class='ocrx_word' id='word_1_485' title='bbox 1154 4197 1293 4258; x_wconf 90' lang='lat' dir='ltr'><strong>hincinde</strong></span> 
     </span>
    </p>
   </div>
   <div class='ocr_carea' id='block_1_3' title="bbox 52 4275 1295 4364">
    <p class='ocr_par' dir='ltr' id='par_1_5' title="bbox 52 4275 1295 4364">
     <span class='ocr_line' id='line_1_50' title="bbox 52 4275 1295 4364; baseline 0.01 -27"><span class='ocrx_word' id='word_1_486' title='bbox 52 4279 172 4359; x_wconf 89' lang='lat' dir='ltr'><strong>sapiens</strong></span> <span class='ocrx_word' id='word_1_487' title='bbox 184 4277 335 4362; x_wconf 89' lang='lat' dir='ltr'><strong>princeps,</strong></span> <span class='ocrx_word' id='word_1_488' title='bbox 344 4281 394 4362; x_wconf 92' lang='lat' dir='ltr'><strong>qui</strong></span> <span class='ocrx_word' id='word_1_489' title='bbox 404 4281 545 4362; x_wconf 90' lang='lat' dir='ltr'><strong>scriptum</strong></span> <span class='ocrx_word' id='word_1_490' title='bbox 557 4281 654 4362; x_wconf 79' lang='lat' dir='ltr'><strong>legum</strong></span> <span class='ocrx_word' id='word_1_491' title='bbox 727 4275 758 4364; x_wconf 68' lang='grc' dir='ltr'><strong>(ι’)</strong></span> <span class='ocrx_word' id='word_1_492' title='bbox 774 4309 808 4354; x_wconf 75' lang='lat' dir='ltr'><strong>na</strong></span> <span class='ocrx_word' id='word_1_493' title='bbox 823 4308 911 4353; x_wconf 73' lang='lat' dir='ltr'><strong>rumor</strong></span> <span class='ocrx_word' id='word_1_494' title='bbox 926 4307 1002 4351; x_wconf 78' lang='lat' dir='ltr'><strong>aroer.</strong></span> <span class='ocrx_word' id='word_1_495' title='bbox 1012 4303 1041 4349; x_wconf 82' lang='lat' dir='ltr'><strong>oa</strong></span> <span class='ocrx_word' id='word_1_496' title='bbox 1052 4303 1138 4350; x_wconf 75' lang='lat' dir='ltr'><strong>nectes.</strong></span> <span class='ocrx_word' id='word_1_497' title='bbox 1149 4303 1230 4362; x_wconf 81' lang='lat' dir='ltr'><strong>roth,</strong></span> <span class='ocrx_word' id='word_1_498' title='bbox 1240 4315 1263 4350; x_wconf 83' lang='lat' dir='ltr'><strong>c.</strong></span> <span class='ocrx_word' id='word_1_499' title='bbox 1273 4304 1295 4350; x_wconf 86' lang='lat' dir='ltr'><strong>t.</strong></span> 
     </span>
    </p>
   </div>
   <div class='ocr_carea' id='block_1_4' title="bbox 0 0 1472 4736">
    <p class='ocr_par' dir='ltr' id='par_1_6' title="bbox 0 0 1472 4736">
     <span class='ocr_line' id='line_1_51' title="bbox 0 0 1472 4736; baseline 0 0"><span class='ocrx_word' id='word_1_500' title='bbox 0 0 1472 4736; x_wconf 95' lang='lat' dir='ltr'><strong> </strong></span> 
     </span>
    </p>
   </div>
  </div>
 </body>
</html>
