2934 4736
207 197 268 263 ato
606 213 790 262 ruuoroctnu
805 208 968 258 cananaeus

164 296 197 361 S.
216 295 397 378 Scripturam
414 294 502 359 etiam
515 295 703 359 traditionem
717 307 770 356 ve·
810 289 1002 352 christianam
1030 306 1132 351 revera
1156 283 1410 364 indefectibilem,

164 399 231 445 rum
244 380 424 444 constituere
435 380 768 454 Revelationislontem,
809 373 1004 455 sequentibus
1018 373 1202 450 argumentis
1215 373 1368 466 probatur.

165 478 254 551 atque
266 466 355 528 etiarn
368 465 525 528 inlallibile
540 465 690 528 Ecclesiae
702 484 769 526 ma·
853 460 882 520 l.
903 459 940 521 In
958 457 990 522 S.
1010 457 1178 535 Scriptura,
1190 464 1275 550 'sicut
1293 459 1413 550 praedi-

163 551 318 632 gisterium
342 550 563 629 agnoscendum
581 569 669 626 esse,
688 549 769 630 quod
809 551 889 606 ctum
902 541 970 618 luit,
989 541 1085 619 legem
1103 557 1263 634 mosaicam
1280 541 1413 620 aliquan-

163 655 225 698 non
244 653 349 697 novam
372 635 584 698 revelationem
600 635 696 711 allent,
716 634 766 696 sed
808 627 845 688 do
858 625 1071 704 abrogandam,
1083 623 1334 685 atretclaltonetn
1349 646 1412 706 per·

163 742 182 785 a
199 720 314 784 Christo
334 729 363 783 et
381 719 530 801 Apostolis
553 718 692 780 traditam
715 738 767 782 ex·
807 711 961 774 tectiorem
983 709 1028 770 illi
1047 726 1249 784 successuram
1272 727 1353 784 esse,
1372 711 1412 772 ita

162 808 254 892 plicat
268 814 298 869 et
316 807 430 870 definit,
807 795 879 857 satis
896 795 976 856 clare
993 792 1194 868 adseveratur,
1218 792 1297 853 banc
1314 793 1410 874 ipsam

206 893 271 956 ool.
293 891 323 953 3,
343 891 483 955 Omnium
502 887 610 950 argium
628 893 659 948 er
675 885 767 949 disci.
806 877 1016 942 revelationem
1032 875 1250 957 perlectionem,
1264 897 1282 938 a
1296 875 1410 940 Christo

161 981 326 1062 plinarum,
338 997 414 1059 quae
425 977 462 1037 ad
474 973 687 1036 humanitatem
701 991 768 1052 per·
807 961 933 1058 Domino
948 963 1066 1024 allatam
1083 978 1236 1040 uunquam
1250 962 1410 1060 filimi*

162 1067 278 1138 tinent,
310 1078 469 1124 commune
498 1058 648 1120 vinculum
677 1067 766 1137 atque
806 1045 935 1143 baturato
951 1063 1027 1108 esse.
1047 1044 1116 1106 Ideo
1134 1043 1243 1106 Paulus
1261 1045 1408 1124 (l)d1c1t:

161 1148 298 1228 cognatio
317 1156 373 1223 est,
403 1163 462 1226 quo
490 1142 640 1217 efficitur,
665 1148 699 1202 ut
718 1143 767 1203 tux
805 1131 839 1228 Sp
861 1148 940 1193 enim
963 1130 1041 1210 evod
1064 1137 1244 1224 noceantne,
1266 1147 1323 1208 per
1345 1133 1409 1212 nlo-

161 1233 307 1316 quaedam
326 1231 396 1306 uni,
419 1227 540 1290 alterive
564 1227 653 1288 allata
675 1225 764 1287 etiam
805 1232 883 1311 stam
900 1223 960 1311 tiis
981 1213 1073 1309 ''tulf‘’
1096 1231 1192 1308 ”labli
1208 1214 1285 1310 dtuli
1309 1226 1410 1279 malle!

159 1319 292 1399 reliquas
320 1317 483 1377 collustret.
512 1309 669 1374 Crescente
696 1328 764 1388 ergo
805 1317 838 1360 m
854 1300 952 1395 919¹*ss
973 1306 1026 1372 3⁸3,
1039 1297 1133 1393 ,ld-⁰⁵¹,
1146 1316 1177 1392 ,Sl
1197 1315 1277 1358 emm
1296 1299 1342 1359 ¹³1
1357 1321 1409 1362 va-

159 1405 268 1464 artium
287 1407 317 1462 et
334 1397 559 1478 disciplinarum
575 1396 702 1478 cultura,
717 1406 764 1456 et·
805 1391 853 1478 tus
864 1401 994 1480 gelusque
1007 1388 1218 1475 ”umilelfflffli
1230 1390 1409 1462 quatitans·

158 1488 220 1548 iam
234 1483 398 1562 Religionis
418 1481 598 1543 christianae
620 1479 763 1560 perfectio
803 1476 891 1562 ¹¹⁰l¹f¹
906 1476 1002 1541 lllssb
1017 1465 1145 1560 ssl⁰ll⁰S³
1161 1464 1292 1537 luerunt,
1314 1470 1420 1563 mulla*

158 1587 292 1633 crescere
310 1569 410 1630 debet,
804 1569 898 1629 magis
914 1558 1001 1612 erunt
1018 1549 1148 1644 gloriosa
1162 1550 1213 1610 leav
1226 1568 1303 1612 nova
1324 1569 1408 1613 erus-

199 1655 286 1732 Rcsp.
303 1652 384 1714 lnter
400 1651 497 1712 varias
513 1649 657 1710 humanas
674 1647 763 1711 disci·
803 1653 862 1715 ‘1¹¹0
883 1634 1096 1730 minisifflfflms
1117 1651 1193 1712 (1³³⁰
1210 1653 1307 1714 usque
1318 1637 1355 1694 3‘3
1372 1639 1408 1697 sl·

157 1738 268 1819 plinas,
288 1747 318 1799 et
337 1737 426 1798 ctiam
446 1737 524 1796 inter
541 1735 621 1814 ipsas
647 1752 682 1794 ac
699 1731 760 1795 Re·
802 1737 871 1780 ¹10OE
899 1718 1003 1780 munch
1029 1717 1257 1813 permanebunt.
1287 1718 1349 1780 Hic
1372 1722 1408 1782 de

156 1822 277 1901 ligionis
288 1822 453 1884 doctrinam
471 1819 590 1900 aliquod
609 1815 760 1880 vinculum
801 1821 891 1864 ⁰³⁰⁵&
923 1811 1045 1864 l⁰⁰³¹¹¹s
1081 1802 1277 1882 Enunpchnm
1308 1814 1407 1866 aeltr-

156 1907 233 1983 dari,
260 1925 319 1968 non
342 1923 506 1983 negamus:
528 1913 573 1965 ast
598 1901 704 1964 exinde
722 1903 760 1965 ad
799 1905 873 1982 nnm
892 1887 938 1966 (ᾖ)
954 1894 983 1948 θῑ
1003 1888 1217 1949 Testamentum
1234 1905 1346 1960 noviom
1359 1909 1408 1968 pa·

156 2010 306 2053 sunimum
319 1990 464 2070 sequitur,
479 1989 593 2070 aliquas
611 1985 760 2050 doctrinas
799 1981 871 2032 ΠῑθΓ
896 1980 1049 2033 millum
1072 1971 1131 2050 (3)·
1162 1969 1223 2031 Hac
1251 1971 1287 2032 de
1317 1991 1408 2034 causa
1450 1989 1451 2042 ἶ

43 4354 82 4368 ·-
184 4337 216 4396 ᾧ)
232 4337 302 4384 Heba.
313 4339 352 4400 ld,
363 4341 401 4386 20.

155 2075 310 2152 religiosas
327 2081 414 2154 posse
433 2069 662 2135 succedentibus
680 2079 759 2132 tem-

155 2159 280 2240 porlbus
294 2159 434 2220 clariores
452 2169 482 2220 et
500 2155 692 2218 dilucidiores
703 2157 759 2216 sven

154 2243 194 2318 ri,
213 2245 258 2304 vel
281 2244 369 2304 etiam
392 2261 470 2303 nova
486 2247 662 2320 argumenta
679 2240 759 2301 veri-

157 2327 270 2388 tatibus
288 2327 368 2402 addi,
385 2327 467 2388 nullo
486 2326 575 2388 modo
593 2327 692 2387 autem
708 2341 759 2386 re-

154 2412 331 2474 velationem
351 2411 480 2473 divinam
504 2410 622 2487 corrigi,
638 2418 689 2470 aut
702 2429 759 2470 au-

153 2496 228 2576 geri.
245 2493 413 2558 Subiective
423 2513 492 2573 ergo
505 2495 535 2554 in
549 2494 697 2556 mentibus
709 2494 761 2555 ho·

153 2581 282 2654 minum,
312 2598 371 2640 non
394 2587 493 2640 autem
514 2577 658 2640 obieclive
675 2576 759 2639 Reli-

152 2665 249 2742 gionis
267 2663 445 2724 christianae
464 2664 606 2742 perfectio
625 2679 760 2725 crescere

153 2756 262 2829 potest.
282 2746 363 2808 Idem
382 2747 444 2808 lere
457 2749 491 2808 lit
504 2749 535 2808 in
554 2746 686 2808 scientiis
700 2747 758 2807 hun

153 2832 262 2894 manis.
276 2829 468 2910 Philosophia
483 2831 519 2891 ad
533 2831 675 2892 maiorem
691 2843 759 2911 per-

152 2917 312 2978 lectionem
326 2915 467 2995 perducta
480 2915 618 2976 veritates
630 2914 760 2976 rationa-

151 2999 208 3078 les,
231 3019 308 3080 qune
331 2998 475 3061 obieclive
489 3016 612 3078 semper
629 2998 750 3060 eaedem

152 3092 285 3160 manent,
307 3085 413 3145 melius
431 3084 594 3160 cognoscit,
622 3101 682 3143 non
701 3102 757 3145 no-

152 3186 203 3228 vas
216 3167 364 3247 producit,
376 3176 406 3230 et
416 3167 597 3230 astronomia
604 3167 702 3228 sidera
710 3185 758 3228 ac-

153 3251 284 3311 curalius
294 3251 445 3329 indagare,
457 3269 517 3313 non
525 3269 593 3312 vcro
603 3270 679 3312 nova
689 3270 758 3332 pro-

153 3350 254 3396 creare
270 3334 359 3396 valet.
486 3333 489 3340 '

266 3575 302 3625 lll.
313 3579 347 3624 lle
363 3576 489 3633 llellglonts
502 3576 643 3626 cbrlstlanac

306 3669 308 3677 .
350 3636 558 3683 ludelectlbilltute.

193 3729 285 3794 Prout
306 3729 421 3810 Religio
449 3725 610 3794 christiana
633 3731 757 3794 minime

151 3833 292 3880 successu
316 3816 459 3897 temporis
490 3818 650 3897 perlectior
674 3816 758 3880 reddi

799 2053 931 2117 Christus
947 2056 1009 2135 ipse
1025 2054 1108 2129 dicit,
1123 2073 1154 2116 se
1170 2073 1237 2114 cum
1256 2055 1408 2136 Apostolis

800 2138 976 2200 docentibus
998 2139 1131 2199 loturum
1156 2157 1221 2200 esse
1251 2157 1345 2218 nonne
1369 2144 1409 2205 aa
1450 2165 1451 2206 1

798 2223 1075 2285 consummationem
1091 2223 1200 2286 saccali
1214 2223 1273 2303 (l),
1295 2233 1326 2286 et
1347 2225 1407 2287 llo-

799 2307 918 2368 clesiam
945 2325 1012 2368 ase
1039 2307 1251 2368 instituendam
1272 2316 1332 2369 tam
1354 2312 1407 2370 sn-
1450 2311 1451 2368 l

800 2409 880 2452 mam
893 2408 971 2466 esse,
983 2399 1017 2451 ut
1027 2399 1130 2470 portae
1144 2392 1233 2452 insert
1244 2407 1306 2452 non
1319 2413 1407 2473 prae·

802 2475 917 2536 valeant
943 2493 1074 2555 unquam
1094 2474 1233 2536 adversus
1255 2493 1323 2537 eam
1345 2479 1405 2558 (5).
1450 2489 1451 2554 ζ

799 2557 861 2620 lam
880 2558 1008 2636 Angelus
1028 2556 1148 2620 Gabriel
1168 2559 1204 2620 de
1223 2558 1341 2622 Christo
1362 2563 1407 2623 in·

800 2642 875 2723 quit:
892 2643 1035 2722 Rependat
1052 2643 1085 2704 in
1100 2643 1184 2705 domo
1200 2643 1286 2707 Iacob
1304 2646 1339 2706 in
1353 2664 1405 2708 oe·
1450 2697 1451 2724 ἶ

800 2734 930 2802 ternam,
955 2735 981 2788 et
1003 2727 1089 2806 rogavi
1110 2728 1174 2788 eins
1198 2745 1259 2789 noto
1281 2730 1341 2792 crit
1365 2733 1405 2810 μ’·
1450 2735 1451 2808 3

798 2810 847 2872 nis
866 2811 925 2889 (6).
945 2809 1057 2872 Eodem
1073 2829 1162 2872 sensu
1172 2811 1219 2891 (l)
1231 2811 1345 2874 Paulus
1356 2815 1405 2874 dr·

799 2892 849 2970 cit,
869 2894 1004 2957 Chabina
1020 2895 1095 2970 heri,
1112 2903 1139 2957 et
1152 2895 1249 2958 hodic:
1261 2897 1324 2976 ipse
1334 2907 1360 2960 el
1372 2900 1404 2960 in
1450 2893 1451 2962 l

798 2979 927 3040 aeconio.
942 2979 1017 3055 Ergo
1028 2977 1142 3056 Religio
1156 2979 1320 3041 christiana
1331 3001 1405 3044 nun·

798 3080 887 3142 quam
901 3061 1029 3138 deficiet,
1043 3063 1096 3124 sed
1107 3081 1202 3142 usque
1217 3064 1254 3125 ad
1265 3083 1404 3127 consum·
1450 3071 1451 3114 ἒ

797 3146 959 3207 mationem
977 3146 1087 3210 saeculi
1104 3147 1287 3226 perdurabit.
1450 3165 1451 3204 1

839 3228 869 3290 R.
889 3228 975 3291 Ratio
994 3248 1049 3310 per
1070 3231 1157 3292 sidem
1176 3231 1325 3294 illustrata
1347 3233 1403 3293 hoc

797 3311 876 3373 idem
903 3313 1020 3394 probat.
1044 3312 1116 3375 Nam
1136 3314 1213 3376 Deus
1231 3334 1330 3378 omnes
1345 3317 1400 3378 ho·

797 3397 889 3459 mines
906 3399 1163 3480 colludentem,
1179 3408 1205 3461 et
1222 3401 1263 3462 od
1275 3401 1403 3480 aperitio·
1450 3423 1451 3426 ¹

797 3497 865 3543 nem
882 3483 1018 3544 veritatis
1032 3484 1135 3545 venire
1146 3483 1206 3563 (8).
1221 3482 1350 3546 Huncin
1365 3486 1402 3546 sr-

797 3583 866 3626 uern
883 3565 1015 3628 Christus
1039 3565 1203 3628 doctrinam
1225 3585 1312 3629 suam
1331 3586 1402 3629 coe·

796 3648 899 3710 lestem
912 3649 1084 3712 hominibus
1094 3650 1293 3728 annuntiavit,
1306 3659 1338 3713 et
1350 3670 1401 3730 pro

797 3730 870 3812 ipsis
889 3734 1056 3813 passionem
1083 3747 1112 3795 et
1142 3743 1265 3796 mortem
1295 3735 1400 3797 subiit.

796 3814 870 3876 Nam
891 3817 934 3888 sic
957 3817 1037 3881 Dens
1055 3818 1159 3881 dilenit
1179 3820 1349 3894 mnndum,
1369 3827 1402 3880 nt

152 3910 260 3983 potest,
276 3900 317 3962 ita
331 3900 420 3961 etiam
436 3919 587 3981 nunquam
605 3909 656 3962 aut
674 3920 758 3982 pror·
796 3901 909 3964 Filium
931 3919 1020 3963 annm
1041 3901 1228 3982 unigenitum
1252 3903 1350 3980 deret,
1370 3911 1404 3964 nt

152 4004 203 4046 sus
217 3992 314 4065 potest
328 3985 476 4063 desinere,
493 3994 544 4046 aut
559 3985 647 4047 etiam
667 3986 757 4066 quid·
776 3968 778 4040 i
797 3986 904 4061 omnis,
925 3986 976 4064 poi
996 3987 1090 4048 credit
1108 3986 1141 4047 in
1159 4003 1248 4063 enm,
1264 4004 1330 4048 nova
1348 4004 1404 4066 pc·

153 4067 298 4149 quamde
328 4087 382 4130 sua
405 4068 574 4148 integritate
602 4069 755 4144 amittere,

153 4169 206 4212 seu
219 4151 355 4215 delicere.
373 4152 445 4215 Esse
459 4161 559 4214 autem
572 4150 757 4230 Religionem

132 4327 136 4334 ,
184 4278 216 4338 n)
232 4279 251 4324 u
265 4283 316 4326 cor.
331 4281 359 4340 5,
372 4280 407 4328 n.
497 4279 526 4338 (at
544 4284 615 4338 apoc.
631 4279 667 4338 lu,
683 4281 705 4326 o.

495 4341 526 4398 p)
542 4340 619 4386 nanu.
637 4341 674 4388 ao.
690 4340 727 4386 2o.

776 4073 778 4110 ³
797 4077 873 4147 reat,
892 4071 943 4132 sed
959 4069 1060 4132 habent
1075 4071 1166 4132 oitnm
1177 4070 1401 4152 ncternnntttl).
1450 4099 1451 4102 ¹

827 4227 860 4284 (a)
875 4225 933 4272 vna
949 4225 986 4284 ic,
997 4225 1035 4271 ic.
1138 4229 1170 4280 voi
1186 4227 1242 4272 nuc.
1258 4225 1279 4282 v,
1292 4225 1322 4272 aa
1337 4228 1382 4272 eta
1399 4265 1403 4280 ,

829 4285 859 4342 pv
876 4286 945 4332 neor.
960 4285 1002 4344 ia,
1018 4287 1042 4332 s.
1131 4287 1163 4346 p)
1175 4286 1185 4332 t
1199 4285 1259 4331 uam
1273 4285 1297 4338 2.
1311 4285 1336 4333 t.

831 4345 861 4404 got
878 4347 910 4391 ιο.
925 4345 949 4404 a,
965 4343 1002 4391 lo.
