2918 4734
210 117 252 180 90
605 130 790 178 resonamus
809 129 971 184 cunctantis

167 164 354 278 defendenda
371 229 488 279 amnem
509 209 694 288 diligentiam
714 193 770 271 ad·
786 211 794 302 t

169 295 342 374 hibeamas,
361 295 593 378 necquidquam
615 311 717 358 aarum
733 307 792 354 a·t
992 289 1162 382 ΕΕΟῘΙΟ
1189 294 1218 364 t.

785 363 792 395 l
1300 384 1307 401 a

166 482 205 524 ue
226 462 257 524 in
284 473 350 529 tam'
369 463 449 544 graui
468 463 594 528 materia
617 461 765 542 Theolago
887 440 926 487 Μ
949 438 1151 486 *mmm
1173 441 1344 557 ΜΨ

166 546 243 608 scita
257 549 425 611 necessaria
443 556 523 610 suat.
543 545 606 607 Nan
626 545 646 608 ii
662 563 765 606 sumus
844 535 962 584 “cm
992 531 1114 578 mmm
1137 533 1374 588 “mmmm

167 648 231 708 aas,
250 641 283 694 ut
305 633 378 696 salso
396 630 616 694 calumniantur
633 627 762 704 Deistae,
985 625 1225 676 ⁰⁰NTESTANT¹UM

165 715 218 795 qui
233 717 324 778 velint
344 717 480 778 hemines
499 733 516 776 a
536 711 696 796 Religionis
713 711 763 773 ia-
1050 751 1080 822 ᾖ
1101 758 1153 806 w·

165 799 326 880 qaisitiane
345 800 521 873 absterrere,
543 816 609 860 cum
626 815 642 858 a
660 804 763 858 cuatra

165 884 286 946 omnino
309 901 482 964 persuasura
499 881 672 957 habeamus,
693 882 761 960 plu·
841 877 936 956 Libri,
956 880 1007 964 qui
1026 881 1132 942 factam
1156 881 1284 954 divinam
1304 885 1412 955 Retro.

164 966 258 1030 rimas
283 987 318 1029 ex
358 966 519 1030 incredulis
553 964 760 1045 blasphemare
800 961 1412 1054 lationemcantestaatur,suutilli,qaas

164 1070 241 1131 quae
253 1051 404 1130 ignorant,
417 1058 447 1112 et
461 1049 528 1112 ideo
548 1056 660 1114 tantum
677 1046 762 1112 alle·
800 1046 923 1114 Sacram
940 1049 1143 1128 scripturam,
1162 1069 1215 1116 seu
1235 1072 1287 1133 per
1310 1067 1411 1122 aute.

164 1135 273 1216 liqieae
291 1135 453 1198 christiana
471 1132 676 1208 essealieaos,
690 1134 761 1214 qaia
800 1132 963 1195 nemmiam
984 1133 1081 1199 Bilitio
1104 1152 1321 1216 nuncupamus,
1350 1141 1412 1206 Li-

164 1219 312 1282 dnctrinas
339 1218 470 1282 eiusdem
492 1215 569 1280 haud
583 1215 762 1278 recteiatel·
800 1214 921 1276 brorum
937 1215 1061 1279 istorum
1081 1218 1200 1300 quidam
1224 1230 1292 1285 ante
1311 1223 1410 1288 Chri-

163 1303 269 1382 lignnt‚
294 1312 322 1364 et
342 1301 509 1366 firmissima
532 1318 684 1381 nunquam
709 1319 759 1360 ar·
799 1305 877 1364 stum
893 1302 1002 1366 exarati
1015 1300 1147 1379 luerunt,
1161 1303 1210 1370 alii
1228 1315 1295 1386 past
1309 1307 1410 1372 Chri.

163 1396 301 1465 gemente
319 1385 550 1467 perpenderunt,
565 1383 761 1464 quibusdivi·
798 1390 876 1447 stum
899 1385 929 1446 in
951 1386 1046 1450 lucem
1064 1387 1248 1465 prodierunt.
1270 1389 1350 1458 Hinc
1370 1393 1408 1457 S.

164 1472 239 1537 nitas
254 1472 335 1534 illius
354 1470 506 1550 probatur.
527 1467 585 1530 Ista
600 1468 702 1549 itaque
714 1486 761 1529 ar·
797 1462 951 1552 Scriptura
969 1468 1109 1534 dividitur
1126 1471 1157 1538 in
1175 1472 1267 1538 libras
1289 1479 1409 1544 veteris

163 1565 303 1632 gumenta
322 1555 351 1616 in
371 1551 532 1634 Theolaqia
552 1552 683 1630 generali
706 1571 759 1614 sea
798 1558 828 1612 et
842 1551 873 1612 ia
890 1553 983 1616 libres
1001 1555 1068 1618 nevi
1082 1553 1274 1622 Testamenti.
1290 1555 1407 1626 Libros

163 1638 376 1702 stradameatali
395 1639 473 1699 clare
490 1644 519 1700 et
536 1636 630 1701 solide
653 1654 760 1716 prepo-
797 1634 869 1697 istas
886 1636 1061 1716 inspirante,
1074 1638 1135 1700 imo
1146 1649 1176 1704 et
1187 1641 1315 1711 dictante
1333 1642 1407 1726 Spi-

163 1741 248 1800 nere,
267 1732 296 1785 et
310 1731 411 1784 contra
430 1718 663 1784 adversariorum
677 1721 761 1784 obie-
798 1719 856 1782 ritu
878 1717 985 1787 Sancto
1000 1724 1182 1804 conscriptus
1196 1743 1272 1804 esse,
1290 1746 1406 1794 omnes

162 1805 276 1868 stiones
291 1805 449 1870 defendere
463 1811 589 1886 oportet.
797 1801 939 1866 Catholici
958 1805 1093 1882 credunt,
1109 1816 1198 1888 atque
1209 1809 1333 1877 interius
1349 1832 1406 1878 ω.

202 1890 233 1955 d.
253 1891 329 1953 llam
344 1887 514 1970 inquiritur,
526 1906 595 1950 aum
609 1886 687 1951 Deus
705 1888 760 1950 he·
797 1886 856 1949 lide
866 1889 1050 1968 probabitur.
1067 1889 1139 1956 Cum
1154 1901 1252 1957 autem
1262 1894 1311 1958 hic
1325 1915 1403 1964 rep.

162 1974 293 2037 minibus
305 1974 442 2034 veritates
453 1972 488 2037 ad
501 1971 684 2050 Religionem
695 1991 759 2052 per·
797 1971 1134 2050 semariallerelatioae
1150 1975 1343 2057 inquirenda,
1365 2002 1404 2045 ev

162 2059 289 2122 tinentes
307 2055 541 2120 extraordinaria
564 2057 650 2116 marla
674 2074 759 2120 reve·
796 2055 901 2138 iusque
926 2057 1081 2120 existentia
1104 2068 1205 2126 cantra
1224 2061 1403 2130 incredulos

162 2143 276 2217 laverit,
303 2141 436 2221 quaestio
459 2140 495 2202 de
521 2139 596 2204 lacto
617 2139 757 2205 historico
796 2141 1019 2225 propugnanda,
1041 2161 1162 2208 necesse
1184 2153 1250 2222 est,
1271 2155 1304 2211 ut
1327 2152 1402 2228 pri.

162 2235 305 2288 movetur.
328 2225 522 2288 l'actaautem
540 2223 677 2286 historica
696 2244 756 2286 aaa
796 2223 988 2290 mum'sacros
1000 2226 1133 2292 librosut
1146 2239 1338 2296 monumento
1350 2235 1403 2298 hi-

160 2329 197 2371 en
223 2309 294 2372 solis
311 2308 434 2372 rationis
457 2307 632 2389 principiis,
651 2309 701 2370 sed
721 2327 757 2372 et
796 2306 902 2371 sterica
920 2310 1153 2388 consideremus,
1173 2331 1206 2374 ex
1226 2315 1334 2394 quibus
1352 2319 1403 2382 sa.

162 2393 363 2458 monumentis
382 2391 559 2457 authenticis
575 2391 701 2473 probare
720 2412 756 2453 ο-
796 2400 842 2454 cta
856 2389 943 2456 nobis
959 2393 1047 2458 abeo
1059 2395 1197 2458 revelatio
1210 2398 1323 2478 liquida
1336 2401 1401 2464 de-

161 2485 267 2556 portet.
292 2475 324 2538 la
345 2476 537 2556 inquisitione
555 2495 621 2554 erge
637 2475 673 2537 de
692 2476 755 2537 erri-
796 2484 986 2538 monstratur.
1006 2477 1059 2542 Ast
1076 2479 1153 2544 lacta
1168 2481 1306 2550 historica
1322 2492 1402 2550 tune

160 2561 267 2624 steatia
283 2559 481 2622 Revelatioais
496 2559 670 2644 praeprimis
680 2561 754 2642 fua·
794 2566 908 2624 tantum
926 2579 960 2624 en
978 2561 1054 2625 libro
1073 2572 1105 2625 ut
1123 2572 1205 2626 certa
1229 2585 1297 2630 vera
1318 2587 1401 2648 pro-

159 2647 253 2708 ctionc
269 2645 371 2707 critica
389 2644 453 2725 ipsa
471 2651 663 2708 monumenta
673 2643 754 2706 diia·
794 2641 919 2720 bantur,
940 2646 1009 2707 dum
1035 2656 1167 2723 constat,
1193 2648 1301 2714 librum
1325 2669 1402 2720 csse

83 2731 85 2746 '
161 2729 286 2790 dicanda
304 2736 395 2801 suat,
414 2729 444 2788 in
470 2726 578 2808 quibus
602 2726 754 2792 doctrinae
793 2729 969 2806 poncinum,
985 2729 1014 2791 id
1034 2741 1090 2807 est,
1110 2750 1177 2794 uere
1202 2733 1239 2804 ab
1263 2734 1315 2802 itte
1333 2755 1401 2802 au·

159 2813 318 2886 revelatae,
334 2820 362 2872 et
377 2829 451 2891 quae
464 2811 500 2872 ad
515 2809 594 2890 ipsas
605 2820 752 2891 spectant,
794 2821 875 2875 ctare
893 2821 1056 2888 exaratum,
1080 2815 1128 2882 cui
1144 2835 1223 2884 nuuc
1243 2818 1399 2886 adscribi„

159 2896 407 2971 continentur,nt
440 2902 573 2974 ppareat‚
590 2893 755 2972 illagcani-
795 2903 859 2973 tur3
879 2914 944 2959 esse
968 2916 1056 2977 porra
1082 2899 1252 2980 interram,
1277 2903 1325 2968 cui
1349 2909 1398 2974 nil

159 2999 211 3057 na,
230 2980 343 3056 integra
360 2987 389 3040 et
407 2913 463 3040 fiqe
482 2977 656 3059 dignaesse:
673 2979 755 3040 dein·
793 2979 938 3057 demtum,
957 2982 1001 3044 vel
1017 2982 1120 3047 saltem
1140 2985 1202 3060 nil,
1219 2986 1297 3066 quad
1315 2990 1398 3054 aab·

84 3087 85 3094 ι
158 3063 194 3124 de
212 3060 752 3142 functionchcrmcncuticuitasaltem
794 3063 931 3129 stantiam
955 3065 1075 3141 attinet,
1096 3067 1228 3134 additum
1249 3070 1305 3149 sit;
1326 3089 1398 3138 esse

157 3145 306 3212 doctrinas
325 3145 355 3206 ia
374 3145 433 3206 illis
452 3146 754 3222 contemnuntque
793 3145 922 3227 dentque
940 3151 1136 3230 couscriptum
1148 3154 1190 3220 ab
1204 3157 1398 3236 auctoretas
1446 3227 1447 3232 ,

158 3230 198 3291 ibi
212 3238 328 3292 narrata
342 3227 634 3306 consideraredecet,
647 3239 679 3294 ut
693 3249 753 3291 ma·
793 3231 955 3312 diqna,qai
969 3234 1110 3300 nimirum
1123 3235 1288 3314 veritatem,
1299 3257 1395 3319 qaam

158 3311 231 3374 teria
262 3321 291 3375 et
310 3314 402 3378 iarma
421 3311 617 3378 Revelationis
638 3314 754 3376 inante·
793 3323 993 3393 contestatur,
1017 3326 1097 3380 certa
1124 3321 1278 3398 cognovit,
1299 3331 1395 3402 atqua

157 3404 231 3469 scat,
255 3415 306 3456 scu
325 3397 509 3460 characteres
524 3397 632 3462 interni
650 3406 679 3462 et
700 3416 752 3460 ex·
792 3397 907 3466 sincere
917 3417 1055 3466 enarrare
1065 3402 1168 3467 noluit.
1181 3403 1258 3470 Haec
1270 3405 1327 3470 tria
1339 3425 1395 3469 er-

156 3479 232 3546 terai
245 3487 471 3556 cognoscantur,
483 3489 570 3560 atque
583 3481 751 3543 sicdemum
792 3500 828 3560 go
847 3483 999 3564 probanda
1016 3493 1085 3546 suat
1108 3486 1139 3548 1ο
1160 3489 1195 3552 de
1211 3488 1295 3554 libris
1310 3499 1395 3554 octe.

155 3581 190 3624 ex
213 3562 258 3624 his
272 3563 344 3644 ipsis
367 3563 587 3627 characteribus
601 3565 753 3644 functione
791 3567 847 3643 ria,
867 3578 896 3629 et
915 3567 947 3634 ⁶3⁰
965 3568 1001 3630 de
1015 3569 1101 3632 libris
1118 3573 1188 3636 neci
1201 3573 1395 3639 Testamenti.-

154 3647 352 3728 philosophica
369 3646 560 3722 diiudicetur,
585 3667 622 3708 an
637 3645 751 3728 Religio
792 3660 821 3716 ot
844 3651 966 3730 probata
984 3652 1027 3717 sic
1045 3655 1206 3722 earundem
1226 3656 1395 3720 apameiae.

155 3730 295 3792 diuiaitus
311 3731 438 3793 revelata
455 3730 503 3806 sit,
524 3748 579 3792 nec
596 3749 645 3796 nc.
662 3729 752 3798 Ordi-
792 3742 820 3800 te
839 3743 901 3800 tuto
925 3754 960 3797 ex
984 3736 1044 3803 illis
1061 3756 1114 3818 pra
1137 3740 1314 3806 certitudine
1341 3742 1393 3804 ta,

155 3833 221 3876 nem
236 3814 323 3878 istum
342 3813 530 3876 observantes
539 3816 751 3895 primoaucto·
791 3825 924 3894 ctnrmn,
944 3833 1021 3900 quae
1042 3830 1197 3898 enarrant,
1214 3835 1395 3902 argumenta

152 3900 271 3972 ritatem
298 3906 558 3966 monumentorum
586 3899 751 3965 tteoeturo-
792 3910 944 3981 putantum
963 3904 1213 3988 ratiaeuimipsa
1231 3907 1324 3985 iubat,
1342 3917 1394 3972 ta·

154 4000 220 4045 nem
237 3983 472 4056 contestantium,
497 3990 523 4044 ct
535 3983 661 4046 sccurrdo
683 3985 751 4046 cni·
792 3985 862 4054 lium
876 3997 1134 4056 monumentorum
1149 3991 1396 4058 testimoniocre·

154 4067 288 4132 stantiam
307 4066 424 4132 divinae
437 4066 632 4134 Revelntienis
648 4068 753 4134 oroba-
791 4067 872 4141 dere,
888 4070 1028 4149 quoniam
1048 4072 1121 4139 alias
1136 4075 1233 4140 amnis
1251 4075 1322 4138 tides
1339 4076 1402 4150 hia.
1432 4145 1436 4154 ,

154 4148 263 4214 bimus.
539 4208 543 4226 ,
791 4152 898 4213 starica
920 4171 936 4216 e
954 4154 1050 4217 medie
1067 4158 1231 4224 tolleretur.

168 379 335 458 mittamus,
349 400 425 463 quae
445 389 545 442 nostre
563 377 769 458 imprimisae·
