<?xml version="1.0" encoding="UTF-8"?>
<!DOCTYPE html PUBLIC "-//W3C//DTD XHTML 1.0 Transitional//EN"
    "http://www.w3.org/TR/xhtml1/DTD/xhtml1-transitional.dtd">
<html xmlns="http://www.w3.org/1999/xhtml" xml:lang="en" lang="en">
 <head>
  <title>
</title>
<meta http-equiv="Content-Type" content="text/html;charset=utf-8" />
  <meta name='ocr-system' content='tesseract 3.04.00' />
  <meta name='ocr-capabilities' content='ocr_page ocr_carea ocr_par ocr_line ocrx_word'/>
</head>
<body>
  <div class='ocr_page' id='page_1' title='image "./institutionesth00knolgoog_0341.png"; bbox 0 0 2934 4736; ppageno 0'>
   <div class='ocr_carea' id='block_1_1' title="bbox 400 193 1211 262">
    <p class='ocr_par' dir='ltr' id='par_1_1' title="bbox 400 193 1211 262">
     <span class='ocr_line' id='line_1_1' title="bbox 400 193 1211 262; baseline 0.005 -10"><span class='ocrx_word' id='word_1_1' title='bbox 400 205 474 254; x_wconf 83' lang='lat' dir='ltr'>rans</span> <span class='ocrx_word' id='word_1_2' title='bbox 495 205 538 252; x_wconf 90' lang='lat' dir='ltr'>m.</span> <span class='ocrx_word' id='word_1_3' title='bbox 563 203 664 262; x_wconf 75' lang='lat' dir='ltr'>secuto</span> <span class='ocrx_word' id='word_1_4' title='bbox 684 208 706 254; x_wconf 91' lang='lat' dir='ltr'>r.</span> <span class='ocrx_word' id='word_1_5' title='bbox 730 208 823 255; x_wconf 80' lang='lat' dir='ltr'>curor</span> <span class='ocrx_word' id='word_1_6' title='bbox 845 210 877 256; x_wconf 90' lang='lat' dir='ltr'>rr.</span> <span class='ocrx_word' id='word_1_7' title='bbox 1150 193 1211 256; x_wconf 88' lang='grc'>333</span> 
     </span>
    </p>
   </div>
   <div class='ocr_carea' id='block_1_2' title="bbox 51 280 1286 4148">
    <p class='ocr_par' dir='ltr' id='par_1_2' title="bbox 51 280 1286 4148">
     <span class='ocr_line' id='line_1_2' title="bbox 53 280 1253 370; baseline 0.006 -25"><span class='ocrx_word' id='word_1_8' title='bbox 53 290 142 348; x_wconf 85' lang='lat' dir='ltr'>stantes</span> <span class='ocrx_word' id='word_1_9' title='bbox 162 280 192 349; x_wconf 88' lang='lat' dir='ltr'>S.</span> <span class='ocrx_word' id='word_1_10' title='bbox 207 281 374 369; x_wconf 60' lang='lat' dir='ltr'>’Scriptmae</span> <span class='ocrx_word' id='word_1_11' title='bbox 401 286 612 350; x_wconf 69' lang='lat' dir='ltr'><strong>obscuritatem</strong></span> <span class='ocrx_word' id='word_1_12' title='bbox 653 286 863 352; x_wconf 88' lang='lat' dir='ltr'>obscuritatem</span> <span class='ocrx_word' id='word_1_13' title='bbox 874 285 1198 370; x_wconf 77' lang='lat' dir='ltr'>indigitantl‘ropbeta</span> <span class='ocrx_word' id='word_1_14' title='bbox 1207 307 1253 352; x_wconf 89' lang='lat' dir='ltr'>re·</span> 
     </span>
     <span class='ocr_line' id='line_1_3' title="bbox 53 368 1251 452; baseline 0.006 -24"><span class='ocrx_word' id='word_1_15' title='bbox 53 368 156 450; x_wconf 86' lang='lat' dir='ltr'>practice</span> <span class='ocrx_word' id='word_1_16' title='bbox 170 370 305 445; x_wconf 77' lang='lat' dir='ltr'>latentur,</span> <span class='ocrx_word' id='word_1_17' title='bbox 318 373 387 432; x_wconf 82' lang='lat' dir='ltr'>dura</span> <span class='ocrx_word' id='word_1_18' title='bbox 408 369 446 432; x_wconf 89' lang='lat' dir='ltr'>ad</span> <span class='ocrx_word' id='word_1_19' title='bbox 463 369 542 432; x_wconf 89' lang='lat' dir='ltr'>illam</span> <span class='ocrx_word' id='word_1_20' title='bbox 557 369 614 433; x_wconf 87' lang='lat' dir='ltr'>rite</span> <span class='ocrx_word' id='word_1_21' title='bbox 653 371 718 449; x_wconf 75' lang='lat' dir='ltr'>gius</span> <span class='ocrx_word' id='word_1_22' title='bbox 735 391 754 434; x_wconf 86' lang='lat' dir='ltr'>a</span> <span class='ocrx_word' id='word_1_23' title='bbox 771 371 832 436; x_wconf 86' lang='lat' dir='ltr'>llco</span> <span class='ocrx_word' id='word_1_24' title='bbox 848 372 918 451; x_wconf 76' lang='lat' dir='ltr'>legis</span> <span class='ocrx_word' id='word_1_25' title='bbox 935 392 1007 442; x_wconf 82' lang='lat' dir='ltr'>suae</span> <span class='ocrx_word' id='word_1_26' title='bbox 1026 373 1251 452; x_wconf 70' lang='lat' dir='ltr'>intelligentiam</span> 
     </span>
     <span class='ocr_line' id='line_1_4' title="bbox 52 451 1252 536; baseline 0.008 -25"><span class='ocrx_word' id='word_1_27' title='bbox 52 451 242 531; x_wconf 70' lang='lat' dir='ltr'>intelligendam</span> <span class='ocrx_word' id='word_1_28' title='bbox 259 453 341 517; x_wconf 83' lang='lat' dir='ltr'>uaria</span> <span class='ocrx_word' id='word_1_29' title='bbox 361 453 497 516; x_wconf 87' lang='lat' dir='ltr'>subsidio</span> <span class='ocrx_word' id='word_1_30' title='bbox 510 455 614 536; x_wconf 87' lang='lat' dir='ltr'>requi·</span> <span class='ocrx_word' id='word_1_31' title='bbox 653 455 814 534; x_wconf 47' lang='lat' dir='ltr'>attitulat,</span> <span class='ocrx_word' id='word_1_32' title='bbox 832 455 955 519; x_wconf 85' lang='lat' dir='ltr'>dicens:</span> <span class='ocrx_word' id='word_1_33' title='bbox 976 459 1022 520; x_wconf 87' lang='lat' dir='ltr'>llo</span> <span class='ocrx_word' id='word_1_34' title='bbox 1039 457 1114 530; x_wconf 79' lang='lat' dir='ltr'>milti</span> <span class='ocrx_word' id='word_1_35' title='bbox 1137 458 1252 521; x_wconf 85' lang='lat' dir='ltr'>intolle-</span> 
     </span>
     <span class='ocr_line' id='line_1_5' title="bbox 54 537 1250 624; baseline 0.008 -30"><span class='ocrx_word' id='word_1_36' title='bbox 54 543 115 610; x_wconf 82' lang='lat' dir='ltr'>runt,</span> <span class='ocrx_word' id='word_1_37' title='bbox 127 537 302 602; x_wconf 69' lang='lat' dir='ltr'>voluminosa</span> <span class='ocrx_word' id='word_1_38' title='bbox 314 537 526 602; x_wconf 85' lang='lat' dir='ltr'>comrncutaria</span> <span class='ocrx_word' id='word_1_39' title='bbox 545 555 616 600; x_wconf 89' lang='lat' dir='ltr'>ouu-</span> <span class='ocrx_word' id='word_1_40' title='bbox 652 549 743 616; x_wconf 74' lang='lat' dir='ltr'>nom,</span> <span class='ocrx_word' id='word_1_41' title='bbox 764 547 791 603; x_wconf 85' lang='lat' dir='ltr'>et</span> <span class='ocrx_word' id='word_1_42' title='bbox 807 541 963 604; x_wconf 80' lang='lat' dir='ltr'>scrutabor</span> <span class='ocrx_word' id='word_1_43' title='bbox 982 541 1074 624; x_wconf 79' lang='lat' dir='ltr'>tepent</span> <span class='ocrx_word' id='word_1_44' title='bbox 1090 550 1171 604; x_wconf 86' lang='lat' dir='ltr'>tuom</span> <span class='ocrx_word' id='word_1_45' title='bbox 1190 541 1250 622; x_wconf 80' lang='lat'><strong>(3),</strong></span> 
     </span>
     <span class='ocr_line' id='line_1_6' title="bbox 53 617 1254 705; baseline 0.005 -27"><span class='ocrx_word' id='word_1_46' title='bbox 53 617 178 698; x_wconf 87' lang='lat' dir='ltr'>scribunt,</span> <span class='ocrx_word' id='word_1_47' title='bbox 203 630 233 682; x_wconf 87' lang='lat' dir='ltr'>et</span> <span class='ocrx_word' id='word_1_48' title='bbox 252 621 283 684; x_wconf 92' lang='lat' dir='ltr'>in</span> <span class='ocrx_word' id='word_1_49' title='bbox 302 620 535 704; x_wconf 77' lang='lat' dir='ltr'>expositionibus</span> <span class='ocrx_word' id='word_1_50' title='bbox 550 623 615 684; x_wconf 82' lang='lat' dir='ltr'>suis</span> <span class='ocrx_word' id='word_1_51' title='bbox 654 623 684 685; x_wconf 90' lang='lat' dir='ltr'>in</span> <span class='ocrx_word' id='word_1_52' title='bbox 700 641 777 705; x_wconf 89' lang='lat' dir='ltr'>quae</span> <span class='ocrx_word' id='word_1_53' title='bbox 793 623 884 686; x_wconf 84' lang='lat' dir='ltr'>rerba</span> <span class='ocrx_word' id='word_1_54' title='bbox 900 625 1045 688; x_wconf 86' lang='lat' dir='ltr'>concione</span> <span class='ocrx_word' id='word_1_55' title='bbox 1062 621 1093 688; x_wconf 91' lang='lat' dir='ltr'>S.</span> <span class='ocrx_word' id='word_1_56' title='bbox 1111 621 1254 705; x_wconf 74' lang='lat' dir='ltr'>Hierony-</span> 
     </span>
     <span class='ocr_line' id='line_1_7' title="bbox 53 704 1261 790; baseline 0.007 -28"><span class='ocrx_word' id='word_1_57' title='bbox 53 719 165 780; x_wconf 87' lang='lat' dir='ltr'>persaepe</span> <span class='ocrx_word' id='word_1_58' title='bbox 176 704 257 768; x_wconf 88' lang='lat' dir='ltr'>ratde</span> <span class='ocrx_word' id='word_1_59' title='bbox 269 705 458 768; x_wconf 90' lang='lat' dir='ltr'>dissentiunt.</span> <span class='ocrx_word' id='word_1_60' title='bbox 478 704 541 770; x_wconf 88' lang='lat' dir='ltr'>lmc</span> <span class='ocrx_word' id='word_1_61' title='bbox 555 723 615 768; x_wconf 89' lang='lat' dir='ltr'>aon</span> <span class='ocrx_word' id='word_1_62' title='bbox 655 725 722 768; x_wconf 89' lang='lat' dir='ltr'>mus</span> <span class='ocrx_word' id='word_1_63' title='bbox 739 709 803 770; x_wconf 83' lang='lat' dir='ltr'>ait:</span> <span class='ocrx_word' id='word_1_64' title='bbox 825 726 841 769; x_wconf 83' lang='lat' dir='ltr'>r</span> <span class='ocrx_word' id='word_1_65' title='bbox 861 705 893 770; x_wconf 91' lang='lat' dir='ltr'>Si</span> <span class='ocrx_word' id='word_1_66' title='bbox 911 715 1011 771; x_wconf 83' lang='lat' dir='ltr'>tantus</span> <span class='ocrx_word' id='word_1_67' title='bbox 1031 707 1179 790; x_wconf 81' lang='lat' dir='ltr'>Propbota</span> <span class='ocrx_word' id='word_1_68' title='bbox 1205 716 1261 770; x_wconf 79' lang='lat' dir='ltr'>to·-</span> 
     </span>
     <span class='ocr_line' id='line_1_8' title="bbox 53 782 1254 874; baseline 0.004 -28"><span class='ocrx_word' id='word_1_69' title='bbox 53 782 134 848; x_wconf 87' lang='lat' dir='ltr'>dcsuut</span> <span class='ocrx_word' id='word_1_70' title='bbox 148 782 177 850; x_wconf 88' lang='lat' dir='ltr'>in</span> <span class='ocrx_word' id='word_1_71' title='bbox 198 789 288 852; x_wconf 85' lang='lat' dir='ltr'>uariis</span> <span class='ocrx_word' id='word_1_72' title='bbox 307 788 537 852; x_wconf 87' lang='lat' dir='ltr'>Protestaotiurn</span> <span class='ocrx_word' id='word_1_73' title='bbox 568 789 614 852; x_wconf 87' lang='lat' dir='ltr'>ia·</span> <span class='ocrx_word' id='word_1_74' title='bbox 655 791 763 854; x_wconf 84' lang='lat' dir='ltr'>uebraa</span> <span class='ocrx_word' id='word_1_75' title='bbox 781 791 965 869; x_wconf 80' lang='lat' dir='ltr'>igorarautioo</span> <span class='ocrx_word' id='word_1_76' title='bbox 983 793 1104 869; x_wconf 81' lang='lat' dir='ltr'>latetur,</span> <span class='ocrx_word' id='word_1_77' title='bbox 1120 809 1181 874; x_wconf 86' lang='lat' dir='ltr'>qua</span> <span class='ocrx_word' id='word_1_78' title='bbox 1199 807 1254 852; x_wconf 86' lang='lat' dir='ltr'>nos</span> 
     </span>
     <span class='ocr_line' id='line_1_9' title="bbox 53 865 1253 958; baseline 0.008 -31"><span class='ocrx_word' id='word_1_79' title='bbox 53 865 131 948; x_wconf 87' lang='lat' dir='ltr'>nilis,</span> <span class='ocrx_word' id='word_1_80' title='bbox 148 870 195 951; x_wconf 87' lang='lat' dir='ltr'>qui</span> <span class='ocrx_word' id='word_1_81' title='bbox 222 873 382 936; x_wconf 81' lang='lat' dir='ltr'>theoretice</span> <span class='ocrx_word' id='word_1_82' title='bbox 399 869 431 936; x_wconf 88' lang='lat' dir='ltr'>S.</span> <span class='ocrx_word' id='word_1_83' title='bbox 446 870 616 955; x_wconf 79' lang='lat' dir='ltr'>Scripturas</span> <span class='ocrx_word' id='word_1_84' title='bbox 656 884 742 954; x_wconf 86' lang='lat' dir='ltr'>putas</span> <span class='ocrx_word' id='word_1_85' title='bbox 766 876 924 955; x_wconf 86' lang='lat' dir='ltr'>paruulos,</span> <span class='ocrx_word' id='word_1_86' title='bbox 951 885 981 940; x_wconf 89' lang='lat' dir='ltr'>et</span> <span class='ocrx_word' id='word_1_87' title='bbox 1010 895 1086 958; x_wconf 86' lang='lat' dir='ltr'>pene</span> <span class='ocrx_word' id='word_1_88' title='bbox 1111 875 1253 936; x_wconf 86' lang='lat' dir='ltr'>lactentes</span> 
     </span>
     <span class='ocr_line' id='line_1_10' title="bbox 53 950 1255 1039; baseline 0.006 -27"><span class='ocrx_word' id='word_1_89' title='bbox 53 950 228 1018; x_wconf 83' lang='lat' dir='ltr'>obscuritatem</span> <span class='ocrx_word' id='word_1_90' title='bbox 249 957 424 1038; x_wconf 76' lang='lat' dir='ltr'>profitentur</span> <span class='ocrx_word' id='word_1_91' title='bbox 436 957 497 1037; x_wconf 87' lang='grc'>(1).</span> <span class='ocrx_word' id='word_1_92' title='bbox 526 989 547 999; x_wconf 83' lang='grc'>·-</span> <span class='ocrx_word' id='word_1_93' title='bbox 654 957 792 1038; x_wconf 76' lang='lat' dir='ltr'>inscitiae</span> <span class='ocrx_word' id='word_1_94' title='bbox 812 969 901 1021; x_wconf 90' lang='lat' dir='ltr'>nocte</span> <span class='ocrx_word' id='word_1_95' title='bbox 913 958 1092 1022; x_wconf 85' lang='lat' dir='ltr'>circumdari</span> <span class='ocrx_word' id='word_1_96' title='bbox 1107 957 1196 1039; x_wconf 71' lang='lat' dir='ltr'>(illa</span> <span class='ocrx_word' id='word_1_97' title='bbox 1211 989 1255 1005; x_wconf 89' lang='lat'>-·-</span> 
     </span>
     <span class='ocr_line' id='line_1_11' title="bbox 82 1037 1255 1124; baseline 0.007 -26"><span class='ocrx_word' id='word_1_98' title='bbox 82 1037 619 1122; x_wconf 81' lang='lat' dir='ltr'>l.llpostoli,SpiritttS.repletl,cer·</span> <span class='ocrx_word' id='word_1_99' title='bbox 656 1040 688 1102; x_wconf 93' lang='lat' dir='ltr'>ln</span> <span class='ocrx_word' id='word_1_100' title='bbox 707 1041 848 1122; x_wconf 78' lang='lat' dir='ltr'>Epistolls</span> <span class='ocrx_word' id='word_1_101' title='bbox 876 1052 975 1105; x_wconf 82' lang='lat' dir='ltr'>autem</span> <span class='ocrx_word' id='word_1_102' title='bbox 1001 1043 1131 1124; x_wconf 77' lang='lat' dir='ltr'>paulinis</span> <span class='ocrx_word' id='word_1_103' title='bbox 1160 1041 1255 1106; x_wconf 75' lang='lat' dir='ltr'>molle</span> 
     </span>
     <span class='ocr_line' id='line_1_12' title="bbox 52 1121 1255 1206; baseline 0.008 -25"><span class='ocrx_word' id='word_1_104' title='bbox 52 1126 185 1204; x_wconf 89' lang='lat' dir='ltr'>teoptlme</span> <span class='ocrx_word' id='word_1_105' title='bbox 210 1121 242 1188; x_wconf 90' lang='lat' dir='ltr'>S.</span> <span class='ocrx_word' id='word_1_106' title='bbox 261 1123 441 1206; x_wconf 76' lang='lat' dir='ltr'>Scriptorum</span> <span class='ocrx_word' id='word_1_107' title='bbox 461 1125 617 1188; x_wconf 79' lang='lat' dir='ltr'>intellecta-</span> <span class='ocrx_word' id='word_1_108' title='bbox 656 1125 788 1206; x_wconf 76' lang='lat' dir='ltr'>difficilis</span> <span class='ocrx_word' id='word_1_109' title='bbox 815 1127 965 1190; x_wconf 78' lang='lat' dir='ltr'>intellecto</span> <span class='ocrx_word' id='word_1_110' title='bbox 990 1145 1073 1204; x_wconf 83' lang='lat' dir='ltr'>esse,</span> <span class='ocrx_word' id='word_1_111' title='bbox 1094 1125 1127 1190; x_wconf 92' lang='lat' dir='ltr'>S.</span> <span class='ocrx_word' id='word_1_112' title='bbox 1149 1125 1255 1190; x_wconf 81' lang='lat' dir='ltr'>Petrus</span> 
     </span>
     <span class='ocr_line' id='line_1_13' title="bbox 51 1207 1255 1290; baseline 0.006 -25"><span class='ocrx_word' id='word_1_113' title='bbox 51 1213 115 1284; x_wconf 88' lang='lat' dir='ltr'>mut,</span> <span class='ocrx_word' id='word_1_114' title='bbox 130 1207 278 1290; x_wconf 85' lang='lat' dir='ltr'>etabsquc</span> <span class='ocrx_word' id='word_1_115' title='bbox 292 1207 401 1270; x_wconf 92' lang='lat' dir='ltr'>erroris</span> <span class='ocrx_word' id='word_1_116' title='bbox 415 1208 548 1290; x_wconf 90' lang='lat' dir='ltr'>periculo</span> <span class='ocrx_word' id='word_1_117' title='bbox 563 1226 617 1270; x_wconf 85' lang='lat' dir='ltr'>ex·</span> <span class='ocrx_word' id='word_1_118' title='bbox 658 1217 793 1270; x_wconf 86' lang='lat' dir='ltr'>testatur.</span> <span class='ocrx_word' id='word_1_119' title='bbox 808 1207 849 1272; x_wconf 86' lang='lat' dir='ltr'>Ne</span> <span class='ocrx_word' id='word_1_120' title='bbox 864 1228 933 1288; x_wconf 79' lang='lat' dir='ltr'>ergo</span> <span class='ocrx_word' id='word_1_121' title='bbox 947 1211 1142 1273; x_wconf 81' lang='lat' dir='ltr'>contradictio</span> <span class='ocrx_word' id='word_1_122' title='bbox 1153 1227 1255 1272; x_wconf 84' lang='lat' dir='ltr'>sacrae</span> 
     </span>
     <span class='ocr_line' id='line_1_14' title="bbox 52 1289 1254 1373; baseline 0.005 -25"><span class='ocrx_word' id='word_1_123' title='bbox 52 1305 138 1366; x_wconf 88' lang='lat' dir='ltr'>ponere</span> <span class='ocrx_word' id='word_1_124' title='bbox 153 1289 320 1372; x_wconf 83' lang='lat' dir='ltr'>putuerunt.</span> <span class='ocrx_word' id='word_1_125' title='bbox 335 1291 371 1354; x_wconf 83' lang='lat' dir='ltr'>Et</span> <span class='ocrx_word' id='word_1_126' title='bbox 386 1309 452 1354; x_wconf 86' lang='lat' dir='ltr'>auat</span> <span class='ocrx_word' id='word_1_127' title='bbox 472 1291 617 1356; x_wconf 84' lang='lat' dir='ltr'>aCbristo</span> <span class='ocrx_word' id='word_1_128' title='bbox 656 1290 826 1373; x_wconf 77' lang='lat' dir='ltr'>Scripturas</span> <span class='ocrx_word' id='word_1_129' title='bbox 844 1292 1041 1373; x_wconf 83' lang='lat' dir='ltr'>adscribatur,</span> <span class='ocrx_word' id='word_1_130' title='bbox 1066 1294 1187 1356; x_wconf 87' lang='lat' dir='ltr'>omniuo</span> <span class='ocrx_word' id='word_1_131' title='bbox 1206 1292 1254 1354; x_wconf 92' lang='lat' dir='ltr'>di-</span> 
     </span>
     <span class='ocr_line' id='line_1_15' title="bbox 52 1371 1254 1459; baseline 0.005 -29"><span class='ocrx_word' id='word_1_132' title='bbox 52 1371 78 1431; x_wconf 89' lang='lat' dir='ltr'>ad</span> <span class='ocrx_word' id='word_1_133' title='bbox 92 1371 240 1438; x_wconf 89' lang='lat' dir='ltr'>docendum</span> <span class='ocrx_word' id='word_1_134' title='bbox 260 1375 343 1438; x_wconf 89' lang='lat' dir='ltr'>missi</span> <span class='ocrx_word' id='word_1_135' title='bbox 363 1376 488 1452; x_wconf 87' lang='lat' dir='ltr'>luerint,</span> <span class='ocrx_word' id='word_1_136' title='bbox 515 1394 553 1438; x_wconf 93' lang='lat' dir='ltr'>ne</span> <span class='ocrx_word' id='word_1_137' title='bbox 570 1374 618 1436; x_wconf 87' lang='lat' dir='ltr'>os·</span> <span class='ocrx_word' id='word_1_138' title='bbox 657 1377 783 1438; x_wconf 86' lang='lat' dir='ltr'>cendum</span> <span class='ocrx_word' id='word_1_139' title='bbox 808 1386 854 1438; x_wconf 90' lang='lat' dir='ltr'>est</span> <span class='ocrx_word' id='word_1_140' title='bbox 867 1375 899 1438; x_wconf 91' lang='lat' dir='ltr'>S.</span> <span class='ocrx_word' id='word_1_141' title='bbox 915 1375 1096 1459; x_wconf 80' lang='lat' dir='ltr'>Scriptorum</span> <span class='ocrx_word' id='word_1_142' title='bbox 1115 1377 1148 1439; x_wconf 82' lang='lat' dir='ltr'>in</span> <span class='ocrx_word' id='word_1_143' title='bbox 1176 1393 1254 1437; x_wconf 87' lang='lat' dir='ltr'>non·</span> 
     </span>
     <span class='ocr_line' id='line_1_16' title="bbox 53 1454 1253 1541; baseline 0.007 -27"><span class='ocrx_word' id='word_1_144' title='bbox 53 1454 100 1517; x_wconf 89' lang='lat' dir='ltr'>icio</span> <span class='ocrx_word' id='word_1_145' title='bbox 114 1476 161 1519; x_wconf 89' lang='lat' dir='ltr'>soa</span> <span class='ocrx_word' id='word_1_146' title='bbox 176 1459 325 1536; x_wconf 85' lang='lat' dir='ltr'>deessent,</span> <span class='ocrx_word' id='word_1_147' title='bbox 340 1458 453 1541; x_wconf 85' lang='lat' dir='ltr'>absque</span> <span class='ocrx_word' id='word_1_148' title='bbox 471 1458 562 1521; x_wconf 89' lang='lat' dir='ltr'>dubio</span> <span class='ocrx_word' id='word_1_149' title='bbox 580 1459 617 1520; x_wconf 84' lang='lat' dir='ltr'>li·</span> <span class='ocrx_word' id='word_1_150' title='bbox 659 1460 865 1522; x_wconf 85' lang='lat' dir='ltr'>nulliselaram</span> <span class='ocrx_word' id='word_1_151' title='bbox 883 1479 960 1536; x_wconf 88' lang='lat' dir='ltr'>esse,</span> <span class='ocrx_word' id='word_1_152' title='bbox 977 1481 1005 1524; x_wconf 93' lang='lat' dir='ltr'>e.</span> <span class='ocrx_word' id='word_1_153' title='bbox 1021 1481 1050 1541; x_wconf 80' lang='lat' dir='ltr'>g.</span> <span class='ocrx_word' id='word_1_154' title='bbox 1063 1461 1095 1523; x_wconf 92' lang='lat' dir='ltr'>in</span> <span class='ocrx_word' id='word_1_155' title='bbox 1111 1459 1253 1536; x_wconf 83' lang='lat' dir='ltr'>historiis,</span> 
     </span>
     <span class='ocr_line' id='line_1_17' title="bbox 52 1536 1256 1625; baseline 0.006 -27"><span class='ocrx_word' id='word_1_156' title='bbox 52 1536 142 1604; x_wconf 86' lang='lat' dir='ltr'>delibus</span> <span class='ocrx_word' id='word_1_157' title='bbox 157 1561 189 1604; x_wconf 87' lang='lat' dir='ltr'>ac</span> <span class='ocrx_word' id='word_1_158' title='bbox 208 1543 367 1624; x_wconf 86' lang='lat' dir='ltr'>praecipue</span> <span class='ocrx_word' id='word_1_159' title='bbox 388 1542 542 1625; x_wconf 88' lang='lat' dir='ltr'>discipulis</span> <span class='ocrx_word' id='word_1_160' title='bbox 557 1543 619 1604; x_wconf 89' lang='lat' dir='ltr'>suis</span> <span class='ocrx_word' id='word_1_161' title='bbox 659 1544 823 1624; x_wconf 84' lang='lat' dir='ltr'>praeceptis</span> <span class='ocrx_word' id='word_1_162' title='bbox 842 1545 1016 1622; x_wconf 87' lang='lat' dir='ltr'>moralibus,</span> <span class='ocrx_word' id='word_1_163' title='bbox 1035 1547 1081 1608; x_wconf 84' lang='lat' dir='ltr'>uel</span> <span class='ocrx_word' id='word_1_164' title='bbox 1100 1546 1204 1616; x_wconf 71' lang='lat' dir='ltr'>etiarm</span> <span class='ocrx_word' id='word_1_165' title='bbox 1223 1551 1256 1605; x_wconf 84' lang='lat' dir='ltr'>ut</span> 
     </span>
     <span class='ocr_line' id='line_1_18' title="bbox 52 1625 1282 1711; baseline 0.007 -30"><span class='ocrx_word' id='word_1_166' title='bbox 52 1632 139 1685; x_wconf 87' lang='lat' dir='ltr'>rectum</span> <span class='ocrx_word' id='word_1_167' title='bbox 155 1625 323 1708; x_wconf 89' lang='lat' dir='ltr'>Scriptorae</span> <span class='ocrx_word' id='word_1_168' title='bbox 338 1645 457 1693; x_wconf 89' lang='lat' dir='ltr'>sensum</span> <span class='ocrx_word' id='word_1_169' title='bbox 480 1645 618 1689; x_wconf 91' lang='lat' dir='ltr'>eommu-</span> <span class='ocrx_word' id='word_1_170' title='bbox 659 1627 763 1690; x_wconf 87' lang='lat' dir='ltr'>Petrus</span> <span class='ocrx_word' id='word_1_171' title='bbox 781 1627 827 1708; x_wconf 80' lang='lat'>(5)</span> <span class='ocrx_word' id='word_1_172' title='bbox 847 1628 963 1706; x_wconf 89' lang='lat' dir='ltr'>innuit,</span> <span class='ocrx_word' id='word_1_173' title='bbox 982 1628 1014 1690; x_wconf 88' lang='lat' dir='ltr'>in</span> <span class='ocrx_word' id='word_1_174' title='bbox 1033 1629 1199 1711; x_wconf 84' lang='lat' dir='ltr'>prophetiis</span> <span class='ocrx_word' id='word_1_175' title='bbox 1219 1627 1256 1690; x_wconf 83' lang='lat' dir='ltr'>de</span> <span class='ocrx_word' id='word_1_176' title='bbox 1278 1687 1282 1697; x_wconf 88' lang='grc'><strong><em>,</em></strong></span> 
     </span>
     <span class='ocr_line' id='line_1_19' title="bbox 52 1705 1256 1792; baseline 0.007 -27"><span class='ocrx_word' id='word_1_177' title='bbox 52 1705 172 1770; x_wconf 87' lang='lat' dir='ltr'>uicaruut.</span> <span class='ocrx_word' id='word_1_178' title='bbox 187 1709 250 1772; x_wconf 88' lang='lat' dir='ltr'>lton</span> <span class='ocrx_word' id='word_1_179' title='bbox 271 1710 349 1773; x_wconf 87' lang='lat' dir='ltr'>enirn</span> <span class='ocrx_word' id='word_1_180' title='bbox 366 1710 486 1792; x_wconf 79' lang='lat' dir='ltr'>aliosde</span> <span class='ocrx_word' id='word_1_181' title='bbox 506 1709 563 1772; x_wconf 89' lang='lat' dir='ltr'>nisi</span> <span class='ocrx_word' id='word_1_182' title='bbox 581 1709 618 1772; x_wconf 92' lang='lat' dir='ltr'>ab</span> <span class='ocrx_word' id='word_1_183' title='bbox 658 1710 785 1789; x_wconf 82' lang='lat' dir='ltr'>Clrrist03</span> <span class='ocrx_word' id='word_1_184' title='bbox 805 1711 836 1772; x_wconf 89' lang='lat' dir='ltr'>iu</span> <span class='ocrx_word' id='word_1_185' title='bbox 854 1711 920 1774; x_wconf 90' lang='lat' dir='ltr'>aliis</span> <span class='ocrx_word' id='word_1_186' title='bbox 937 1721 1035 1774; x_wconf 87' lang='lat' dir='ltr'>autem</span> <span class='ocrx_word' id='word_1_187' title='bbox 1062 1731 1127 1776; x_wconf 80' lang='lat' dir='ltr'>esse</span> <span class='ocrx_word' id='word_1_188' title='bbox 1145 1711 1256 1774; x_wconf 85' lang='lat' dir='ltr'>obscu-</span> 
     </span>
     <span class='ocr_line' id='line_1_20' title="bbox 51 1786 1273 1876; baseline 0.007 -28"><span class='ocrx_word' id='word_1_189' title='bbox 51 1786 171 1870; x_wconf 87' lang='lat' dir='ltr'>lpostulis</span> <span class='ocrx_word' id='word_1_190' title='bbox 186 1793 363 1856; x_wconf 83' lang='lat' dir='ltr'>universalis</span> <span class='ocrx_word' id='word_1_191' title='bbox 381 1794 438 1856; x_wconf 87' lang='lat' dir='ltr'>iarn</span> <span class='ocrx_word' id='word_1_192' title='bbox 455 1794 617 1876; x_wconf 90' lang='lat' dir='ltr'>primorum</span> <span class='ocrx_word' id='word_1_193' title='bbox 659 1813 733 1858; x_wconf 90' lang='lat' dir='ltr'>rarn.</span> <span class='ocrx_word' id='word_1_194' title='bbox 749 1794 957 1858; x_wconf 86' lang='lat' dir='ltr'>-Praeterea</span> <span class='ocrx_word' id='word_1_195' title='bbox 973 1795 1050 1858; x_wconf 89' lang='lat' dir='ltr'>sacri</span> <span class='ocrx_word' id='word_1_196' title='bbox 1070 1796 1138 1858; x_wconf 89' lang='lat' dir='ltr'>libri</span> <span class='ocrx_word' id='word_1_197' title='bbox 1156 1797 1273 1858; x_wconf 53' lang='lat' dir='ltr'>lucer-*-</span> 
     </span>
     <span class='ocr_line' id='line_1_21' title="bbox 52 1877 1256 1961; baseline 0.007 -29"><span class='ocrx_word' id='word_1_198' title='bbox 52 1877 207 1940; x_wconf 81' lang='lat' dir='ltr'>aetolorum</span> <span class='ocrx_word' id='word_1_199' title='bbox 224 1896 289 1940; x_wconf 86' lang='lat' dir='ltr'>mos</span> <span class='ocrx_word' id='word_1_200' title='bbox 303 1879 396 1960; x_wconf 88' lang='lat' dir='ltr'>repeti</span> <span class='ocrx_word' id='word_1_201' title='bbox 415 1887 522 1961; x_wconf 87' lang='lat' dir='ltr'>potest,</span> <span class='ocrx_word' id='word_1_202' title='bbox 538 1897 563 1942; x_wconf 86' lang='lat' dir='ltr'>s.</span> <span class='ocrx_word' id='word_1_203' title='bbox 581 1878 620 1940; x_wconf 89' lang='lat' dir='ltr'>li·</span> <span class='ocrx_word' id='word_1_204' title='bbox 660 1899 711 1956; x_wconf 89' lang='lat' dir='ltr'>na,</span> <span class='ocrx_word' id='word_1_205' title='bbox 730 1897 782 1941; x_wconf 89' lang='lat' dir='ltr'>seu</span> <span class='ocrx_word' id='word_1_206' title='bbox 800 1879 900 1940; x_wconf 83' lang='lat' dir='ltr'>lumea</span> <span class='ocrx_word' id='word_1_207' title='bbox 916 1887 974 1942; x_wconf 88' lang='lat' dir='ltr'>eto.</span> <span class='ocrx_word' id='word_1_208' title='bbox 1001 1889 1145 1950; x_wconf 83' lang='lat' dir='ltr'>uocantur</span> <span class='ocrx_word' id='word_1_209' title='bbox 1160 1897 1196 1941; x_wconf 85' lang='lat' dir='ltr'>er</span> <span class='ocrx_word' id='word_1_210' title='bbox 1209 1879 1256 1940; x_wconf 89' lang='lat' dir='ltr'>ei·</span> 
     </span>
     <span class='ocr_line' id='line_1_22' title="bbox 52 1952 1256 2043; baseline 0.002 -24"><span class='ocrx_word' id='word_1_211' title='bbox 52 1952 102 2019; x_wconf 84' lang='lat' dir='ltr'>bros</span> <span class='ocrx_word' id='word_1_212' title='bbox 114 1959 139 2021; x_wconf 89' lang='lat' dir='ltr'>io</span> <span class='ocrx_word' id='word_1_213' title='bbox 153 1961 518 2041; x_wconf 80' lang='lat' dir='ltr'>publicisClrristiouorom</span> <span class='ocrx_word' id='word_1_214' title='bbox 531 1962 624 2043; x_wconf 17' lang='lat' dir='ltr'>coeti-p</span> <span class='ocrx_word' id='word_1_215' title='bbox 660 1963 752 2036; x_wconf 87' lang='lat' dir='ltr'>lectu,</span> <span class='ocrx_word' id='word_1_216' title='bbox 771 1963 842 2043; x_wconf 91' lang='lat' dir='ltr'>quia</span> <span class='ocrx_word' id='word_1_217' title='bbox 857 1963 958 2025; x_wconf 80' lang='lat' dir='ltr'>fideles</span> <span class='ocrx_word' id='word_1_218' title='bbox 973 1983 989 2025; x_wconf 91' lang='lat' dir='ltr'>a</span> <span class='ocrx_word' id='word_1_219' title='bbox 1006 1964 1137 2041; x_wconf 84' lang='lat' dir='ltr'>legitimo</span> <span class='ocrx_word' id='word_1_220' title='bbox 1160 1961 1256 2041; x_wconf 80' lang='lat' dir='ltr'>mapi-</span> 
     </span>
     <span class='ocr_line' id='line_1_23' title="bbox 52 2036 1258 2128; baseline 0.006 -28"><span class='ocrx_word' id='word_1_221' title='bbox 52 2036 93 2103; x_wconf 87' lang='lat' dir='ltr'>lus</span> <span class='ocrx_word' id='word_1_222' title='bbox 106 2046 284 2126; x_wconf 78' lang='lat' dir='ltr'>praelegendi</span> <span class='ocrx_word' id='word_1_223' title='bbox 302 2054 332 2107; x_wconf 87' lang='lat' dir='ltr'>ct</span> <span class='ocrx_word' id='word_1_224' title='bbox 349 2045 527 2128; x_wconf 82' lang='lat' dir='ltr'>exponendi.</span> <span class='ocrx_word' id='word_1_225' title='bbox 543 2044 622 2108; x_wconf 86' lang='lat' dir='ltr'>llaec</span> <span class='ocrx_word' id='word_1_226' title='bbox 659 2047 879 2124; x_wconf 86' lang='lat' dir='ltr'>sterioeruditi,</span> <span class='ocrx_word' id='word_1_227' title='bbox 893 2047 1008 2124; x_wconf 79' lang='lat' dir='ltr'>exiliis,</span> <span class='ocrx_word' id='word_1_228' title='bbox 1020 2047 1216 2128; x_wconf 82' lang='lat' dir='ltr'>quaoageuda</span> <span class='ocrx_word' id='word_1_229' title='bbox 1227 2053 1258 2107; x_wconf 90' lang='lat' dir='ltr'>et</span> 
     </span>
     <span class='ocr_line' id='line_1_24' title="bbox 52 2129 1256 2213; baseline 0.006 -30"><span class='ocrx_word' id='word_1_230' title='bbox 52 2139 103 2186; x_wconf 87' lang='lat' dir='ltr'>tero</span> <span class='ocrx_word' id='word_1_231' title='bbox 121 2129 289 2192; x_wconf 57' lang='lat' dir='ltr'>authentica»</span> <span class='ocrx_word' id='word_1_232' title='bbox 300 2129 507 2212; x_wconf 80' lang='lat' dir='ltr'>Apostolorum</span> <span class='ocrx_word' id='word_1_233' title='bbox 526 2130 620 2192; x_wconf 89' lang='lat' dir='ltr'>iuter-</span> <span class='ocrx_word' id='word_1_234' title='bbox 661 2130 778 2195; x_wconf 77' lang='lat' dir='ltr'>uitanda</span> <span class='ocrx_word' id='word_1_235' title='bbox 793 2140 874 2203; x_wconf 82' lang='lat' dir='ltr'>sunt,</span> <span class='ocrx_word' id='word_1_236' title='bbox 893 2132 973 2193; x_wconf 89' lang='lat' dir='ltr'>clare</span> <span class='ocrx_word' id='word_1_237' title='bbox 990 2131 1174 2213; x_wconf 82' lang='lat' dir='ltr'>percipiunt.</span> <span class='ocrx_word' id='word_1_238' title='bbox 1192 2129 1256 2191; x_wconf 83' lang='lat' dir='ltr'>lton</span> 
     </span>
     <span class='ocr_line' id='line_1_25' title="bbox 53 2212 1258 2297; baseline 0.006 -29"><span class='ocrx_word' id='word_1_239' title='bbox 53 2213 163 2289; x_wconf 86' lang='lat' dir='ltr'>prelatio,</span> <span class='ocrx_word' id='word_1_240' title='bbox 178 2231 256 2295; x_wconf 86' lang='lat' dir='ltr'>quae</span> <span class='ocrx_word' id='word_1_241' title='bbox 279 2212 317 2276; x_wconf 87' lang='lat' dir='ltr'>ab</span> <span class='ocrx_word' id='word_1_242' title='bbox 338 2213 548 2295; x_wconf 76' lang='lat' dir='ltr'>hagiographis</span> <span class='ocrx_word' id='word_1_243' title='bbox 565 2233 621 2276; x_wconf 91' lang='lat' dir='ltr'>au·</span> <span class='ocrx_word' id='word_1_244' title='bbox 660 2225 760 2277; x_wconf 91' lang='lat' dir='ltr'>autern</span> <span class='ocrx_word' id='word_1_245' title='bbox 780 2213 846 2276; x_wconf 92' lang='lat' dir='ltr'>ideo</span> <span class='ocrx_word' id='word_1_246' title='bbox 862 2213 893 2277; x_wconf 90' lang='lat' dir='ltr'>S.</span> <span class='ocrx_word' id='word_1_247' title='bbox 909 2213 1060 2297; x_wconf 82' lang='lat' dir='ltr'>Scriptura</span> <span class='ocrx_word' id='word_1_248' title='bbox 1076 2214 1191 2295; x_wconf 67' lang='lat' dir='ltr'>privato,</span> <span class='ocrx_word' id='word_1_249' title='bbox 1202 2233 1258 2276; x_wconf 89' lang='lat' dir='ltr'>cu·</span> 
     </span>
     <span class='ocr_line' id='line_1_26' title="bbox 53 2294 1260 2380; baseline 0.006 -30"><span class='ocrx_word' id='word_1_250' title='bbox 53 2294 157 2358; x_wconf 88' lang='lat' dir='ltr'>oloribus</span> <span class='ocrx_word' id='word_1_251' title='bbox 169 2297 337 2378; x_wconf 89' lang='lat' dir='ltr'>conscripta</span> <span class='ocrx_word' id='word_1_252' title='bbox 349 2317 408 2360; x_wconf 91' lang='lat' dir='ltr'>non</span> <span class='ocrx_word' id='word_1_253' title='bbox 420 2298 488 2374; x_wconf 87' lang='lat' dir='ltr'>luit,</span> <span class='ocrx_word' id='word_1_254' title='bbox 500 2316 552 2379; x_wconf 92' lang='lat' dir='ltr'>per</span> <span class='ocrx_word' id='word_1_255' title='bbox 565 2306 624 2359; x_wconf 90' lang='lat' dir='ltr'>tro·</span> <span class='ocrx_word' id='word_1_256' title='bbox 662 2298 783 2360; x_wconf 91' lang='lat' dir='ltr'>iuslibct</span> <span class='ocrx_word' id='word_1_257' title='bbox 799 2298 917 2378; x_wconf 85' lang='lat' dir='ltr'>spiritui</span> <span class='ocrx_word' id='word_1_258' title='bbox 936 2298 1110 2380; x_wconf 87' lang='lat' dir='ltr'>exponenda</span> <span class='ocrx_word' id='word_1_259' title='bbox 1122 2297 1260 2359; x_wconf 83' lang='lat' dir='ltr'>comorit-</span> 
     </span>
     <span class='ocr_line' id='line_1_27' title="bbox 53 2372 1257 2526; baseline 0.008 -92"><span class='ocrx_word' id='word_1_260' title='bbox 53 2372 620 2526; x_wconf 63' lang='lat' dir='ltr'>ditionemconseruataetpropapataest:</span> <span class='ocrx_word' id='word_1_261' title='bbox 664 2383 746 2458; x_wconf 87' lang='lat' dir='ltr'>titur,</span> <span class='ocrx_word' id='word_1_262' title='bbox 768 2382 822 2444; x_wconf 92' lang='lat' dir='ltr'>sed</span> <span class='ocrx_word' id='word_1_263' title='bbox 840 2385 1019 2445; x_wconf 86' lang='lat' dir='ltr'>contrarium</span> <span class='ocrx_word' id='word_1_264' title='bbox 1047 2383 1145 2464; x_wconf 89' lang='lat' dir='ltr'>potius</span> <span class='ocrx_word' id='word_1_265' title='bbox 1172 2381 1202 2442; x_wconf 94' lang='lat' dir='ltr'>in</span> <span class='ocrx_word' id='word_1_266' title='bbox 1220 2379 1257 2444; x_wconf 78' lang='lat' dir='ltr'>V.</span> 
     </span>
     <span class='ocr_line' id='line_1_28' title="bbox 53 2461 1256 2547; baseline 0.009 -29"><span class='ocrx_word' id='word_1_267' title='bbox 53 2474 78 2519; x_wconf 84' lang='lat' dir='ltr'>tc</span> <span class='ocrx_word' id='word_1_268' title='bbox 92 2461 147 2543; x_wconf 84' lang='lat' dir='ltr'>ideo</span> <span class='ocrx_word' id='word_1_269' title='bbox 164 2465 245 2527; x_wconf 89' lang='lat' dir='ltr'>omni</span> <span class='ocrx_word' id='word_1_270' title='bbox 264 2466 342 2530; x_wconf 87' lang='lat' dir='ltr'>iure.</span> <span class='ocrx_word' id='word_1_271' title='bbox 356 2468 480 2530; x_wconf 87' lang='lat' dir='ltr'>asserito</span> <span class='ocrx_word' id='word_1_272' title='bbox 500 2511 510 2542; x_wconf 90' lang='lat'>,</span> <span class='ocrx_word' id='word_1_273' title='bbox 530 2465 623 2528; x_wconf 89' lang='lat' dir='ltr'>tradi·</span> <span class='ocrx_word' id='word_1_274' title='bbox 663 2475 693 2528; x_wconf 91' lang='lat' dir='ltr'>et</span> <span class='ocrx_word' id='word_1_275' title='bbox 710 2465 744 2528; x_wconf 90' lang='lat' dir='ltr'>N.</span> <span class='ocrx_word' id='word_1_276' title='bbox 768 2465 803 2528; x_wconf 79' lang='grc' dir='ltr'>Τ.</span> <span class='ocrx_word' id='word_1_277' title='bbox 825 2467 1048 2547; x_wconf 74' lang='lat' dir='ltr'>praescribitur.</span> <span class='ocrx_word' id='word_1_278' title='bbox 1078 2465 1152 2528; x_wconf 87' lang='lat' dir='ltr'>llarn&#39;</span> <span class='ocrx_word' id='word_1_279' title='bbox 1170 2465 1256 2530; x_wconf 88' lang='lat' dir='ltr'>lleut.</span> 
     </span>
     <span class='ocr_line' id='line_1_29' title="bbox 54 2543 1259 2632; baseline 0.007 -30"><span class='ocrx_word' id='word_1_280' title='bbox 54 2543 626 2632; x_wconf 78' lang='lat' dir='ltr'>tionemqouquelrermeueutioamiullc·</span> <span class='ocrx_word' id='word_1_281' title='bbox 663 2548 740 2612; x_wconf 89' lang='lat' dir='ltr'>llllll</span> <span class='ocrx_word' id='word_1_282' title='bbox 758 2550 938 2632; x_wconf 88' lang='lat' dir='ltr'>praecipitur</span> <span class='ocrx_word' id='word_1_283' title='bbox 954 2552 1080 2632; x_wconf 89' lang='lat' dir='ltr'>populo,</span> <span class='ocrx_word' id='word_1_284' title='bbox 1097 2558 1130 2612; x_wconf 91' lang='lat' dir='ltr'>ut</span> <span class='ocrx_word' id='word_1_285' title='bbox 1152 2545 1259 2611; x_wconf 86' lang='lat' dir='ltr'>Sacer·</span> 
     </span>
     <span class='ocr_line' id='line_1_30' title="bbox 54 2627 1261 2715; baseline 0.004 -28"><span class='ocrx_word' id='word_1_286' title='bbox 54 2627 124 2692; x_wconf 87' lang='lat' dir='ltr'>tlesla</span> <span class='ocrx_word' id='word_1_287' title='bbox 137 2634 260 2698; x_wconf 80' lang='lat' dir='ltr'>existere</span> <span class='ocrx_word' id='word_1_288' title='bbox 272 2634 338 2715; x_wconf 74' lang='lat'>(⁶2).</span> <span class='ocrx_word' id='word_1_289' title='bbox 663 2635 747 2696; x_wconf 86' lang='lat' dir='ltr'>dotes</span> <span class='ocrx_word' id='word_1_290' title='bbox 761 2644 899 2714; x_wconf 84' lang='lat' dir='ltr'>tanquam</span> <span class='ocrx_word' id='word_1_291' title='bbox 915 2635 988 2712; x_wconf 81' lang='lat' dir='ltr'>legis</span> <span class='ocrx_word' id='word_1_292' title='bbox 1004 2635 1180 2715; x_wconf 82' lang='lat' dir='ltr'>interpretes</span> <span class='ocrx_word' id='word_1_293' title='bbox 1191 2649 1261 2694; x_wconf 89' lang='lat' dir='ltr'>oon·</span> 
     </span>
     <span class='ocr_line' id='line_1_31' title="bbox 85 2714 1258 2800; baseline -0.001 -23"><span class='ocrx_word' id='word_1_294' title='bbox 85 2714 159 2779; x_wconf 89' lang='lat' dir='ltr'>Noto.</span> <span class='ocrx_word' id='word_1_295' title='bbox 174 2717 376 2781; x_wconf 86' lang='lat' dir='ltr'>Protestaotes</span> <span class='ocrx_word' id='word_1_296' title='bbox 389 2727 517 2800; x_wconf 68' lang='lat' dir='ltr'>systema</span> <span class='ocrx_word' id='word_1_297' title='bbox 537 2736 623 2780; x_wconf 88' lang='lat' dir='ltr'>suum</span> <span class='ocrx_word' id='word_1_298' title='bbox 662 2719 753 2793; x_wconf 89' lang='lat' dir='ltr'>solat,</span> <span class='ocrx_word' id='word_1_299' title='bbox 772 2724 801 2778; x_wconf 92' lang='lat' dir='ltr'>et</span> <span class='ocrx_word' id='word_1_300' title='bbox 816 2717 907 2779; x_wconf 85' lang='lat' dir='ltr'>Eccli.</span> <span class='ocrx_word' id='word_1_301' title='bbox 931 2716 990 2778; x_wconf 88' lang='lat' dir='ltr'>Vlll</span> <span class='ocrx_word' id='word_1_302' title='bbox 1007 2718 1103 2797; x_wconf 86' lang='lat' dir='ltr'>inquit</span> <span class='ocrx_word' id='word_1_303' title='bbox 1119 2715 1258 2796; x_wconf 81' lang='lat' dir='ltr'>sapiens:</span> 
     </span>
     <span class='ocr_line' id='line_1_32' title="bbox 55 2796 1260 2884; baseline 0.005 -30"><span class='ocrx_word' id='word_1_304' title='bbox 55 2796 122 2860; x_wconf 84' lang='lat' dir='ltr'>uriie</span> <span class='ocrx_word' id='word_1_305' title='bbox 136 2801 300 2864; x_wconf 88' lang='lat' dir='ltr'>rationibus</span> <span class='ocrx_word' id='word_1_306' title='bbox 317 2802 443 2884; x_wconf 88' lang='lat' dir='ltr'>probare</span> <span class='ocrx_word' id='word_1_307' title='bbox 460 2813 624 2878; x_wconf 86' lang='lat' dir='ltr'>conantur,</span> <span class='ocrx_word' id='word_1_308' title='bbox 664 2803 733 2865; x_wconf 85' lang='lat' dir='ltr'>Nou</span> <span class='ocrx_word' id='word_1_309' title='bbox 751 2809 778 2862; x_wconf 90' lang='lat' dir='ltr'>tc</span> <span class='ocrx_word' id='word_1_310' title='bbox 797 2809 963 2880; x_wconf 74' lang='lat' dir='ltr'>prnetmeot</span> <span class='ocrx_word' id='word_1_311' title='bbox 992 2801 1129 2863; x_wconf 75' lang='lat' dir='ltr'>nummio</span> <span class='ocrx_word' id='word_1_312' title='bbox 1160 2798 1260 2862; x_wconf 82' lang='lat' dir='ltr'>certio·</span> 
     </span>
     <span class='ocr_line' id='line_1_33' title="bbox 56 2881 1262 2966; baseline 0.002 -25"><span class='ocrx_word' id='word_1_313' title='bbox 56 2896 111 2959; x_wconf 85' lang='lat' dir='ltr'>quas</span> <span class='ocrx_word' id='word_1_314' title='bbox 120 2886 244 2948; x_wconf 81' lang='lat' dir='ltr'>refutare</span> <span class='ocrx_word' id='word_1_315' title='bbox 261 2896 388 2966; x_wconf 88' lang='lat' dir='ltr'>oportet.</span> <span class='ocrx_word' id='word_1_316' title='bbox 464 2927 467 2940; x_wconf 82' lang='lat'>.</span> <span class='ocrx_word' id='word_1_317' title='bbox 665 2889 750 2956; x_wconf 85' lang='lat' dir='ltr'>rtrm‚·</span> <span class='ocrx_word' id='word_1_318' title='bbox 760 2885 818 2964; x_wconf 81' lang='lat' dir='ltr'>ipsi</span> <span class='ocrx_word' id='word_1_319' title='bbox 830 2885 910 2947; x_wconf 83' lang='lat' dir='ltr'>cuim</span> <span class='ocrx_word' id='word_1_320' title='bbox 921 2885 1116 2947; x_wconf 82' lang='lat' dir='ltr'>didicerunto</span> <span class='ocrx_word' id='word_1_321' title='bbox 1129 2881 1262 2962; x_wconf 78' lang='lat' dir='ltr'>patrituo</span> 
     </span>
     <span class='ocr_line' id='line_1_34' title="bbox 87 2965 1263 3048; baseline 0 -20"><span class='ocrx_word' id='word_1_322' title='bbox 87 2965 140 3030; x_wconf 86' lang='lat' dir='ltr'>Oli.</span> <span class='ocrx_word' id='word_1_323' title='bbox 161 2970 190 3032; x_wconf 91' lang='lat' dir='ltr'>l.</span> <span class='ocrx_word' id='word_1_324' title='bbox 209 2967 315 3032; x_wconf 90' lang='lat' dir='ltr'>Sacros</span> <span class='ocrx_word' id='word_1_325' title='bbox 333 2971 425 3032; x_wconf 88' lang='lat' dir='ltr'>libros</span> <span class='ocrx_word' id='word_1_326' title='bbox 444 2969 516 3032; x_wconf 91' lang='lat' dir='ltr'>sotis</span> <span class='ocrx_word' id='word_1_327' title='bbox 532 2969 627 3032; x_wconf 89' lang='lat' dir='ltr'>claros</span> <span class='ocrx_word' id='word_1_328' title='bbox 665 2970 741 3032; x_wconf 83' lang='lat' dir='ltr'>stris:</span> <span class='ocrx_word' id='word_1_329' title='bbox 754 2969 894 3048; x_wconf 76' lang='lat' dir='ltr'>petoritum</span> <span class='ocrx_word' id='word_1_330' title='bbox 912 2971 947 3032; x_wconf 86' lang='lat' dir='ltr'>nb</span> <span class='ocrx_word' id='word_1_331' title='bbox 964 2969 1034 3048; x_wconf 83' lang='lat' dir='ltr'>ipsis</span> <span class='ocrx_word' id='word_1_332' title='bbox 1051 2967 1140 3030; x_wconf 84' lang='lat' dir='ltr'>disces</span> <span class='ocrx_word' id='word_1_333' title='bbox 1152 2966 1263 3028; x_wconf 78' lang='lat' dir='ltr'>intelle·</span> 
     </span>
     <span class='ocr_line' id='line_1_35' title="bbox 56 3051 1262 3145; baseline 0.002 -39"><span class='ocrx_word' id='word_1_334' title='bbox 56 3062 115 3125; x_wconf 86' lang='lat' dir='ltr'>csse,</span> <span class='ocrx_word' id='word_1_335' title='bbox 130 3051 189 3132; x_wconf 91' lang='lat' dir='ltr'>ipse</span> <span class='ocrx_word' id='word_1_336' title='bbox 207 3051 335 3134; x_wconf 86' lang='lat' dir='ltr'>Spiritus</span> <span class='ocrx_word' id='word_1_337' title='bbox 352 3053 384 3118; x_wconf 88' lang='lat' dir='ltr'>S.</span> <span class='ocrx_word' id='word_1_338' title='bbox 405 3061 540 3116; x_wconf 87' lang='lat' dir='ltr'>testatur.</span> <span class='ocrx_word' id='word_1_339' title='bbox 555 3052 625 3114; x_wconf 89' lang='lat' dir='ltr'>Nam</span> <span class='ocrx_word' id='word_1_340' title='bbox 663 3061 756 3118; x_wconf 85' lang='lat' dir='ltr'>olunt.</span> <span class='ocrx_word' id='word_1_341' title='bbox 777 3053 814 3116; x_wconf 88' lang='lat' dir='ltr'>Et</span> <span class='ocrx_word' id='word_1_342' title='bbox 830 3051 856 3114; x_wconf 95' lang='lat' dir='ltr'>ll</span> <span class='ocrx_word' id='word_1_343' title='bbox 873 3051 951 3114; x_wconf 86' lang='lat' dir='ltr'>Peto.</span> <span class='ocrx_word' id='word_1_344' title='bbox 972 3051 996 3128; x_wconf 91' lang='lat' dir='ltr'>l,</span> <span class='ocrx_word' id='word_1_345' title='bbox 1015 3051 1056 3113; x_wconf 67' lang='lat'>20</span> <span class='ocrx_word' id='word_1_346' title='bbox 1084 3067 1171 3128; x_wconf 84' lang='lat' dir='ltr'>grave</span> <span class='ocrx_word' id='word_1_347' title='bbox 1196 3067 1262 3145; x_wconf 77' lang='lat' dir='ltr'>mo·</span> 
     </span>
     <span class='ocr_line' id='line_1_36' title="bbox 56 3125 1260 3229; baseline 0 -35"><span class='ocrx_word' id='word_1_348' title='bbox 56 3125 91 3192; x_wconf 86' lang='lat' dir='ltr'>Ps.</span> <span class='ocrx_word' id='word_1_349' title='bbox 110 3132 211 3213; x_wconf 81' lang='lat' dir='ltr'>ltin,</span> <span class='ocrx_word' id='word_1_350' title='bbox 240 3137 259 3199; x_wconf 82' lang='lat'>9</span> <span class='ocrx_word' id='word_1_351' title='bbox 288 3137 418 3200; x_wconf 88' lang='lat' dir='ltr'>dicitur:</span> <span class='ocrx_word' id='word_1_352' title='bbox 438 3139 628 3219; x_wconf 81' lang='lat' dir='ltr'>Praeceptum</span> <span class='ocrx_word' id='word_1_353' title='bbox 668 3138 762 3200; x_wconf 87' lang='lat' dir='ltr'>niturn</span> <span class='ocrx_word' id='word_1_354' title='bbox 779 3136 902 3214; x_wconf 84' lang='lat' dir='ltr'>legitur:</span> <span class='ocrx_word' id='word_1_355' title='bbox 922 3137 984 3199; x_wconf 85' lang='lat' dir='ltr'>Hoc</span> <span class='ocrx_word' id='word_1_356' title='bbox 997 3135 1130 3215; x_wconf 87' lang='lat' dir='ltr'>primum</span> <span class='ocrx_word' id='word_1_357' title='bbox 1147 3129 1260 3229; x_wconf 69' lang='lat' dir='ltr'>intelle·</span> 
     </span>
     <span class='ocr_line' id='line_1_37' title="bbox 56 3213 1264 3304; baseline 0.002 -29"><span class='ocrx_word' id='word_1_358' title='bbox 56 3213 155 3282; x_wconf 84' lang='lat' dir='ltr'>bonini</span> <span class='ocrx_word' id='word_1_359' title='bbox 173 3221 305 3284; x_wconf 86' lang='lat' dir='ltr'>lucidam</span> <span class='ocrx_word' id='word_1_360' title='bbox 321 3221 498 3284; x_wconf 82' lang='lat' dir='ltr'>illuminaus</span> <span class='ocrx_word' id='word_1_361' title='bbox 514 3223 630 3295; x_wconf 84' lang='lat' dir='ltr'>octttos;</span> <span class='ocrx_word' id='word_1_362' title='bbox 667 3229 784 3304; x_wconf 77' lang='lat' dir='ltr'>pentes,</span> <span class='ocrx_word' id='word_1_363' title='bbox 803 3220 990 3300; x_wconf 80' lang='lat' dir='ltr'>quodannis</span> <span class='ocrx_word' id='word_1_364' title='bbox 1006 3217 1158 3298; x_wconf 79' lang='lat' dir='ltr'>prophetie</span> <span class='ocrx_word' id='word_1_365' title='bbox 1180 3215 1264 3280; x_wconf 85' lang='lat' dir='ltr'>Sart-</span> 
     </span>
     <span class='ocr_line' id='line_1_38' title="bbox 57 3299 1265 3386; baseline 0.001 -25"><span class='ocrx_word' id='word_1_366' title='bbox 57 3307 79 3358; x_wconf 87' lang='lat' dir='ltr'>et</span> <span class='ocrx_word' id='word_1_367' title='bbox 94 3299 135 3365; x_wconf 85' lang='lat' dir='ltr'>Ps.</span> <span class='ocrx_word' id='word_1_368' title='bbox 153 3302 275 3379; x_wconf 84' lang='lat' dir='ltr'>Cllltlll,</span> <span class='ocrx_word' id='word_1_369' title='bbox 306 3306 377 3370; x_wconf 89' lang='lat' dir='ltr'>t05:</span> <span class='ocrx_word' id='word_1_370' title='bbox 397 3305 531 3369; x_wconf 84' lang='lat' dir='ltr'>Lucerna</span> <span class='ocrx_word' id='word_1_371' title='bbox 545 3306 629 3385; x_wconf 84' lang='lat' dir='ltr'>pedi·</span> <span class='ocrx_word' id='word_1_372' title='bbox 666 3315 774 3386; x_wconf 84' lang='lat' dir='ltr'>prorue</span> <span class='ocrx_word' id='word_1_373' title='bbox 794 3305 920 3385; x_wconf 83' lang='lat' dir='ltr'>propriu</span> <span class='ocrx_word' id='word_1_374' title='bbox 943 3301 1184 3382; x_wconf 81' lang='lat' dir='ltr'>interpretatione</span> <span class='ocrx_word' id='word_1_375' title='bbox 1204 3317 1265 3364; x_wconf 77' lang='lat' dir='ltr'>oon</span> 
     </span>
     <span class='ocr_line' id='line_1_39' title="bbox 57 3380 713 3472; baseline 0.017 -30"><span class='ocrx_word' id='word_1_376' title='bbox 57 3380 96 3446; x_wconf 84' lang='lat' dir='ltr'>lus</span> <span class='ocrx_word' id='word_1_377' title='bbox 107 3389 171 3452; x_wconf 71' lang='lat' dir='ltr'>rnen</span> <span class='ocrx_word' id='word_1_378' title='bbox 186 3390 308 3452; x_wconf 86' lang='lat' dir='ltr'>ocrdron</span> <span class='ocrx_word' id='word_1_379' title='bbox 323 3399 421 3466; x_wconf 85' lang='lat' dir='ltr'>tuom,</span> <span class='ocrx_word' id='word_1_380' title='bbox 432 3398 459 3453; x_wconf 91' lang='lat' dir='ltr'>et</span> <span class='ocrx_word' id='word_1_381' title='bbox 477 3389 575 3452; x_wconf 86' lang='lat' dir='ltr'>tumen</span> <span class='ocrx_word' id='word_1_382' title='bbox 587 3406 630 3451; x_wconf 84' lang='lat' dir='ltr'>se·</span> <span class='ocrx_word' id='word_1_383' title='bbox 669 3392 713 3472; x_wconf 79' lang='lat' dir='ltr'>pit.</span> 
     </span>
     <span class='ocr_line' id='line_1_40' title="bbox 57 3467 1265 3552; baseline 0.005 -26"><span class='ocrx_word' id='word_1_384' title='bbox 57 3467 209 3536; x_wconf 75' lang='lat' dir='ltr'>mitoneis.</span> <span class='ocrx_word' id='word_1_385' title='bbox 230 3472 257 3535; x_wconf 95' lang='lat' dir='ltr'>ll</span> <span class='ocrx_word' id='word_1_386' title='bbox 270 3473 348 3536; x_wconf 84' lang='lat' dir='ltr'>Peto.</span> <span class='ocrx_word' id='word_1_387' title='bbox 368 3473 393 3549; x_wconf 89' lang='lat'>1,</span> <span class='ocrx_word' id='word_1_388' title='bbox 417 3474 465 3536; x_wconf 80' lang='lat' dir='ltr'>lb:</span> <span class='ocrx_word' id='word_1_389' title='bbox 486 3474 632 3538; x_wconf 73' lang='lat' dir='ltr'>omenta</span> <span class='ocrx_word' id='word_1_390' title='bbox 713 3473 778 3536; x_wconf 82' lang='lat' dir='ltr'>Oli.</span> <span class='ocrx_word' id='word_1_391' title='bbox 798 3472 829 3534; x_wconf 71' lang='lat'>2.</span> <span class='ocrx_word' id='word_1_392' title='bbox 849 3469 880 3534; x_wconf 89' lang='lat' dir='ltr'>S.</span> <span class='ocrx_word' id='word_1_393' title='bbox 897 3468 1047 3552; x_wconf 86' lang='lat' dir='ltr'>Scriptura</span> <span class='ocrx_word' id='word_1_394' title='bbox 1061 3468 1091 3530; x_wconf 90' lang='lat' dir='ltr'>iu</span> <span class='ocrx_word' id='word_1_395' title='bbox 1105 3468 1265 3532; x_wconf 81' lang='lat' dir='ltr'>leuioribus</span> 
     </span>
     <span class='ocr_line' id='line_1_41' title="bbox 57 3549 1275 3638; baseline 0.004 -27"><span class='ocrx_word' id='word_1_396' title='bbox 57 3549 197 3626; x_wconf 81' lang='lat' dir='ltr'>trntorem</span> <span class='ocrx_word' id='word_1_397' title='bbox 216 3558 420 3638; x_wconf 81' lang='lat' dir='ltr'>proptoricom</span> <span class='ocrx_word' id='word_1_398' title='bbox 436 3570 629 3633; x_wconf 77' lang='lat' dir='ltr'>&#39;serntoacm‚</span> <span class='ocrx_word' id='word_1_399' title='bbox 669 3565 701 3618; x_wconf 89' lang='lat' dir='ltr'>ct</span> <span class='ocrx_word' id='word_1_400' title='bbox 716 3555 949 3618; x_wconf 81' lang='lat' dir='ltr'>accidentalibus</span> <span class='ocrx_word' id='word_1_401' title='bbox 960 3555 1098 3630; x_wconf 88' lang='lat' dir='ltr'>obseura,</span> <span class='ocrx_word' id='word_1_402' title='bbox 1111 3556 1162 3616; x_wconf 89' lang='lat' dir='ltr'>sed</span> <span class='ocrx_word' id='word_1_403' title='bbox 1179 3553 1208 3614; x_wconf 93' lang='lat' dir='ltr'>in</span> <span class='ocrx_word' id='word_1_404' title='bbox 1222 3571 1275 3616; x_wconf 88' lang='lat' dir='ltr'>es-·</span> 
     </span>
     <span class='ocr_line' id='line_1_42' title="bbox 57 3633 1272 3721; baseline -0.001 -24"><span class='ocrx_word' id='word_1_405' title='bbox 57 3633 93 3696; x_wconf 83' lang='lat' dir='ltr'>tul</span> <span class='ocrx_word' id='word_1_406' title='bbox 110 3637 174 3702; x_wconf 85' lang='lat' dir='ltr'>lone</span> <span class='ocrx_word' id='word_1_407' title='bbox 188 3641 288 3721; x_wconf 76' lang='lat' dir='ltr'>fucitis</span> <span class='ocrx_word' id='word_1_408' title='bbox 301 3644 479 3706; x_wconf 78' lang='lat' dir='ltr'>utterrdeatea</span> <span class='ocrx_word' id='word_1_409' title='bbox 491 3642 575 3721; x_wconf 75' lang='lat' dir='ltr'>meoet</span> <span class='ocrx_word' id='word_1_410' title='bbox 588 3641 633 3704; x_wconf 84' lang='lat' dir='ltr'>lu·</span> <span class='ocrx_word' id='word_1_411' title='bbox 671 3640 845 3702; x_wconf 86' lang='lat' dir='ltr'>sentialibus</span> <span class='ocrx_word' id='word_1_412' title='bbox 857 3657 909 3700; x_wconf 85' lang='lat' dir='ltr'>seu</span> <span class='ocrx_word' id='word_1_413' title='bbox 926 3637 1272 3712; x_wconf 59' lang='lat' dir='ltr'>necessariorrerleudia„</span> 
     </span>
     <span class='ocr_line' id='line_1_43' title="bbox 58 3723 1273 3806; baseline 0.006 -31"><span class='ocrx_word' id='word_1_414' title='bbox 58 3731 143 3786; x_wconf 81' lang='lat' dir='ltr'>cernor</span> <span class='ocrx_word' id='word_1_415' title='bbox 169 3726 277 3789; x_wconf 85' lang='lat' dir='ltr'>lucenti</span> <span class='ocrx_word' id='word_1_416' title='bbox 310 3726 343 3789; x_wconf 87' lang='lat' dir='ltr'>ia</span> <span class='ocrx_word' id='word_1_417' title='bbox 367 3727 527 3806; x_wconf 79' lang='lat' dir='ltr'>cotipiaooo</span> <span class='ocrx_word' id='word_1_418' title='bbox 558 3726 629 3788; x_wconf 88' lang='lat' dir='ltr'>loco.</span> <span class='ocrx_word' id='word_1_419' title='bbox 672 3725 715 3786; x_wconf 95' lang='lat' dir='ltr'>uti</span> <span class='ocrx_word' id='word_1_420' title='bbox 733 3731 803 3785; x_wconf 90' lang='lat' dir='ltr'>sont</span> <span class='ocrx_word' id='word_1_421' title='bbox 819 3723 935 3785; x_wconf 87' lang='lat' dir='ltr'>articuli</span> <span class='ocrx_word' id='word_1_422' title='bbox 953 3723 1201 3790; x_wconf 79' lang='lat' dir='ltr'>lundomentalos,</span> <span class='ocrx_word' id='word_1_423' title='bbox 1216 3737 1273 3782; x_wconf 83' lang='lat' dir='ltr'>sa·-</span> 
     </span>
     <span class='ocr_line' id='line_1_44' title="bbox 58 3794 1266 3890; baseline -0.004 -21"><span class='ocrx_word' id='word_1_424' title='bbox 58 3794 148 3869; x_wconf 79' lang='lat' dir='ltr'>lonast</span> <span class='ocrx_word' id='word_1_425' title='bbox 165 3809 336 3890; x_wconf 82' lang='lat' dir='ltr'>prophetiae</span> <span class='ocrx_word' id='word_1_426' title='bbox 353 3811 452 3872; x_wconf 85' lang='lat' dir='ltr'>clarae</span> <span class='ocrx_word' id='word_1_427' title='bbox 474 3817 555 3887; x_wconf 89' lang='lat' dir='ltr'>sunt,</span> <span class='ocrx_word' id='word_1_428' title='bbox 571 3817 633 3872; x_wconf 87' lang='lat' dir='ltr'>tota</span> <span class='ocrx_word' id='word_1_429' title='bbox 674 3808 711 3870; x_wconf 88' lang='lat' dir='ltr'>tis</span> <span class='ocrx_word' id='word_1_430' title='bbox 731 3808 811 3869; x_wconf 88' lang='lat' dir='ltr'>clara</span> <span class='ocrx_word' id='word_1_431' title='bbox 828 3815 884 3881; x_wconf 83' lang='lat' dir='ltr'>est,</span> <span class='ocrx_word' id='word_1_432' title='bbox 901 3807 942 3868; x_wconf 91' lang='lat' dir='ltr'>ita</span> <span class='ocrx_word' id='word_1_433' title='bbox 960 3815 992 3869; x_wconf 93' lang='lat' dir='ltr'>ut</span> <span class='ocrx_word' id='word_1_434' title='bbox 1016 3807 1141 3887; x_wconf 84' lang='lat' dir='ltr'>quilibet</span> <span class='ocrx_word' id='word_1_435' title='bbox 1158 3821 1193 3866; x_wconf 78' lang='lat' dir='ltr'>en</span> <span class='ocrx_word' id='word_1_436' title='bbox 1213 3802 1266 3864; x_wconf 78' lang='lat' dir='ltr'>illa</span> 
     </span>
     <span class='ocr_line' id='line_1_45' title="bbox 57 3877 1161 3972; baseline 0.006 -29"><span class='ocrx_word' id='word_1_437' title='bbox 57 3877 188 3968; x_wconf 84' lang='lat' dir='ltr'>Scriptura</span> <span class='ocrx_word' id='word_1_438' title='bbox 206 3893 331 3956; x_wconf 88' lang='lat' dir='ltr'>obscura</span> <span class='ocrx_word' id='word_1_439' title='bbox 349 3913 407 3955; x_wconf 92' lang='lat' dir='ltr'>non</span> <span class='ocrx_word' id='word_1_440' title='bbox 430 3902 487 3956; x_wconf 90' lang='lat' dir='ltr'>est.</span> <span class='ocrx_word' id='word_1_441' title='bbox 623 3946 625 3951; x_wconf 96' lang='lat'>.</span> <span class='ocrx_word' id='word_1_442' title='bbox 673 3891 740 3955; x_wconf 83' lang='lat' dir='ltr'>titlei</span> <span class='ocrx_word' id='word_1_443' title='bbox 759 3892 895 3970; x_wconf 82' lang='lat' dir='ltr'>dogmata</span> <span class='ocrx_word' id='word_1_444' title='bbox 915 3890 1035 3952; x_wconf 87' lang='lat' dir='ltr'>lraurire</span> <span class='ocrx_word' id='word_1_445' title='bbox 1060 3887 1161 3972; x_wconf 87' lang='lat' dir='ltr'>possit.</span> 
     </span>
     <span class='ocr_line' id='line_1_46' title="bbox 97 3967 1269 4056; baseline -0.005 -22"><span class='ocrx_word' id='word_1_446' title='bbox 97 3973 175 4056; x_wconf 85' lang='lat' dir='ltr'>llesp.</span> <span class='ocrx_word' id='word_1_447' title='bbox 195 3976 297 4040; x_wconf 77' lang='lat' dir='ltr'>(litatis</span> <span class='ocrx_word' id='word_1_448' title='bbox 313 3978 388 4039; x_wconf 87' lang='lat' dir='ltr'>locis</span> <span class='ocrx_word' id='word_1_449' title='bbox 404 3977 462 4040; x_wconf 87' lang='lat' dir='ltr'>alia</span> <span class='ocrx_word' id='word_1_450' title='bbox 475 3977 476 3986; x_wconf 77' lang='grc'>’</span> <span class='ocrx_word' id='word_1_451' title='bbox 488 3975 520 4041; x_wconf 88' lang='lat' dir='ltr'>S.</span> <span class='ocrx_word' id='word_1_452' title='bbox 550 3973 632 4039; x_wconf 86' lang='lat' dir='ltr'>Scri·</span> <span class='ocrx_word' id='word_1_453' title='bbox 713 3977 799 4056; x_wconf 82' lang='lat' dir='ltr'>lieep.</span> <span class='ocrx_word' id='word_1_454' title='bbox 812 3975 911 4038; x_wconf 85' lang='lat' dir='ltr'>Tritac</span> <span class='ocrx_word' id='word_1_455' title='bbox 923 3970 1162 4042; x_wconf 87' lang='lat' dir='ltr'>boioobioctioni</span> <span class='ocrx_word' id='word_1_456' title='bbox 1175 3967 1269 4028; x_wconf 89' lang='lat' dir='ltr'>multa</span> 
     </span>
     <span class='ocr_line' id='line_1_47' title="bbox 58 4049 1286 4148; baseline 0 -37"><span class='ocrx_word' id='word_1_457' title='bbox 58 4058 145 4132; x_wconf 88' lang='lat' dir='ltr'>plurae</span> <span class='ocrx_word' id='word_1_458' title='bbox 158 4061 246 4122; x_wconf 82' lang='lat' dir='ltr'>verba</span> <span class='ocrx_word' id='word_1_459' title='bbox 262 4061 452 4143; x_wconf 84' lang='lat' dir='ltr'>opponimus,</span> <span class='ocrx_word' id='word_1_460' title='bbox 466 4057 541 4144; x_wconf 83' lang='lat' dir='ltr'>quae</span> <span class='ocrx_word' id='word_1_461' title='bbox 553 4060 632 4122; x_wconf 88' lang='lat' dir='ltr'>illius</span> <span class='ocrx_word' id='word_1_462' title='bbox 673 4069 753 4133; x_wconf 88' lang='lat' dir='ltr'>suut,</span> <span class='ocrx_word' id='word_1_463' title='bbox 773 4078 849 4140; x_wconf 83' lang='lat' dir='ltr'>quae</span> <span class='ocrx_word' id='word_1_464' title='bbox 867 4058 975 4140; x_wconf 87' lang='lat' dir='ltr'>opponi</span> <span class='ocrx_word' id='word_1_465' title='bbox 995 4063 1128 4138; x_wconf 85' lang='lat' dir='ltr'>possunt.</span> <span class='ocrx_word' id='word_1_466' title='bbox 1148 4050 1219 4114; x_wconf 84' lang='lat' dir='ltr'>Nam</span> <span class='ocrx_word' id='word_1_467' title='bbox 1236 4049 1286 4148; x_wconf 76' lang='lat' dir='ltr'>a&gt;-</span> 
     </span>
    </p>
   </div>
   <div class='ocr_carea' id='block_1_3' title="bbox 58 4138 1269 4397">
    <p class='ocr_par' dir='ltr' id='par_1_3' title="bbox 58 4138 1269 4397">
     <span class='ocr_line' id='line_1_48' title="bbox 58 4138 1269 4265; baseline -0.003 -63"><span class='ocrx_word' id='word_1_468' title='bbox 58 4148 168 4260; x_wconf 48' lang='lat' dir='ltr'>peppoppo&#39;.</span> <span class='ocrx_word' id='word_1_469' title='bbox 183 4158 304 4265; x_wconf 54' lang='lat' dir='ltr'>proprop3p</span> <span class='ocrx_word' id='word_1_470' title='bbox 318 4160 328 4206; x_wconf 89' lang='lat' dir='ltr'>r</span> <span class='ocrx_word' id='word_1_471' title='bbox 344 4161 441 4222; x_wconf 59' lang='lat' dir='ltr'>poco..</span> <span class='ocrx_word' id='word_1_472' title='bbox 454 4161 476 4224; x_wconf 71' lang='lat' dir='ltr'>p.</span> <span class='ocrx_word' id='word_1_473' title='bbox 490 4163 529 4224; x_wconf 82' lang='lat' dir='ltr'>oa,</span> <span class='ocrx_word' id='word_1_474' title='bbox 543 4161 595 4210; x_wconf 74' lang='lat' dir='ltr'>not.</span> <span class='ocrx_word' id='word_1_475' title='bbox 609 4161 633 4208; x_wconf 81' lang='lat' dir='ltr'>s.</span> <span class='ocrx_word' id='word_1_476' title='bbox 671 4143 825 4214; x_wconf 87' lang='lat' dir='ltr'>distinctio</span> <span class='ocrx_word' id='word_1_477' title='bbox 841 4144 921 4206; x_wconf 87' lang='lat' dir='ltr'>inter</span> <span class='ocrx_word' id='word_1_478' title='bbox 941 4138 1111 4206; x_wconf 73' lang='lat' dir='ltr'>neentialia</span> <span class='ocrx_word' id='word_1_479' title='bbox 1130 4144 1160 4198; x_wconf 88' lang='lat' dir='ltr'>et</span> <span class='ocrx_word' id='word_1_480' title='bbox 1187 4153 1269 4198; x_wconf 85' lang='lat' dir='ltr'>accr-</span> 
     </span>
     <span class='ocr_line' id='line_1_49' title="bbox 82 4269 735 4397; baseline 0 -73"><span class='ocrx_word' id='word_1_481' title='bbox 82 4269 100 4324; x_wconf 74' lang='lat' dir='ltr'>l²</span> <span class='ocrx_word' id='word_1_482' title='bbox 121 4274 150 4319; x_wconf 73' lang='lat' dir='ltr'>sd.</span> <span class='ocrx_word' id='word_1_483' title='bbox 161 4277 223 4335; x_wconf 65' lang='lat' dir='ltr'>torre</span> <span class='ocrx_word' id='word_1_484' title='bbox 236 4279 388 4336; x_wconf 75' lang='lat' dir='ltr'>abtrandtong</span> <span class='ocrx_word' id='word_1_485' title='bbox 401 4289 447 4326; x_wconf 86' lang='lat' dir='ltr'>ron</span> <span class='ocrx_word' id='word_1_486' title='bbox 462 4279 505 4325; x_wconf 86' lang='lat' dir='ltr'>der</span> <span class='ocrx_word' id='word_1_487' title='bbox 520 4277 632 4325; x_wconf 83' lang='lat' dir='ltr'>ltebrrlle·</span> <span class='ocrx_word' id='word_1_488' title='bbox 702 4273 735 4397; x_wconf 55' lang='lat' dir='ltr'>gp</span> 
     </span>
    </p>
   </div>
   <div class='ocr_carea' id='block_1_4' title="bbox 58 4261 1279 4396">
    <p class='ocr_par' dir='ltr' id='par_1_4' title="bbox 58 4261 1279 4396">
     <span class='ocr_line' id='line_1_50' title="bbox 751 4261 1279 4339; baseline -0.006 -19"><span class='ocrx_word' id='word_1_489' title='bbox 751 4273 905 4339; x_wconf 57' lang='grc'>1111331.</span> <span class='ocrx_word' id='word_1_490' title='bbox 956 4329 958 4336; x_wconf 19' lang='lat'><strong>¹</strong></span> <span class='ocrx_word' id='word_1_491' title='bbox 1021 4267 1053 4332; x_wconf 76' lang='grc'>11)</span> <span class='ocrx_word' id='word_1_492' title='bbox 1068 4261 1279 4335; x_wconf 73' lang='lat' dir='ltr'>llp.sdl&#39;ottllra.³</span> 
     </span>
     <span class='ocr_line' id='line_1_51' title="bbox 58 4320 1119 4396; baseline -0.01 -7"><span class='ocrx_word' id='word_1_493' title='bbox 58 4320 634 4396; x_wconf 60' lang='lat' dir='ltr'>*tuneoruminaruntaounaou.</span> <span class='ocrx_word' id='word_1_494' title='bbox 1116 4383 1119 4387; x_wconf 67' lang='grc'>,</span> 
     </span>
    </p>
   </div>
   <div class='ocr_carea' id='block_1_5' title="bbox 749 4337 809 4388">
    <p class='ocr_par' dir='ltr' id='par_1_5' title="bbox 749 4337 809 4388">
     <span class='ocr_line' id='line_1_52' title="bbox 749 4337 809 4388; baseline 0.083 -6"><span class='ocrx_word' id='word_1_495' title='bbox 749 4337 809 4388; x_wconf 68' lang='lat' dir='ltr'>Mo</span> 
     </span>
    </p>
   </div>
   <div class='ocr_carea' id='block_1_6' title="bbox 0 0 1478 4736">
    <p class='ocr_par' dir='ltr' id='par_1_6' title="bbox 0 0 1478 4736">
     <span class='ocr_line' id='line_1_53' title="bbox 0 0 1478 4736; baseline 0 0"><span class='ocrx_word' id='word_1_496' title='bbox 0 0 1478 4736; x_wconf 95' lang='lat' dir='ltr'> </span> 
     </span>
    </p>
   </div>
  </div>
 </body>
</html>
