2934 4736
228 155 290 218 elo
625 164 810 216 rnaouoaras
830 163 994 212 auruncus
1061 181 1064 188 ·

185 253 351 314 versionem
370 249 485 328 italam,
501 246 572 332 quia
588 247 648 310 iam
667 249 787 325 elonga
828 253 886 306 tarn
902 243 1000 325 magni
1014 243 1146 309 lecemnl
1160 252 1192 308 et
1202 243 1283 308 illam
1296 243 1355 310 alii
1370 242 1454 324 ver-l

187 342 321 417 ternpore
335 336 414 399 illios
425 355 496 396 osus
508 329 787 406 invalueratinEc·
826 329 963 391 sionibus
987 328 1088 392 latinis
1112 330 1342 412 praeferendam
1374 339 1454 398 esse

186 419 413 484 clesra.Nooam
425 421 640 482 Testamentum
651 434 711 478 non
722 432 788 476 rer·
825 412 1069 496 iudicaruuttdl.
1454 418 1455 450 r

185 504 223 564 tit
240 501 272 566 S.
292 502 501 586 Hieronymus,
517 502 567 564 sed
591 502 744 585 antiquam
757 498 786 560 i·

186 589 275 650 talam
287 590 450 650 versionem
467 586 635 659 emendis,
651 601 729 666 quae
741 582 786 661 vel
900 640 903 646 .
1011 578 1184 628 1⁸T¹⁶⁰W³
1202 577 1246 628 W·

185 691 240 754 per
258 672 502 753 imprudentiam,
521 670 566 732 vel
579 688 631 751 per
645 668 787 730 librario·
979 683 1014 731 us
1028 685 1051 729 ε.
1066 683 1202 741 scripum
1216 693 1270 730 um.

184 775 252 818 rum
267 758 414 821 incuriam
432 757 627 835 irrepserant,
640 752 785 815 emenda·

184 835 784 916 rit.-sicenaucsrvulgaranostra,
987 831 990 842 “
1059 799 1089 870 ς
1118 805 1192 852 m‘

185 946 275 1010 quarn
289 925 452 996 Concilium
468 922 674 986 Tridentiuurn
691 929 724 982 ut
734 939 786 982 au·
865 913 929 978 Nou
942 915 1051 978 sufficit
1064 916 1159 978 solam
1167 913 1444 999 Scripturaetlreo-

147 1019 152 1035 '
185 1012 347 1075 tlrenticam
364 1008 544 1083 declararit3
564 1006 606 1069 sit
624 1005 703 1067 enirn
723 1004 783 1086 (l):
824 999 899 1063 riarn
925 1009 1038 1075 tenere,
1054 999 1106 1062 sed
1120 1011 1237 1082 oportet
1255 1019 1293 1064 ea
1315 1004 1378 1066 rite
1397 1004 1441 1066 uti

186 1097 379 1162 socrosancta
405 1093 541 1174 synodos
572 1091 784 1167 metrideram,
825 1085 863 1148 ed
881 1085 965 1160 lines,
986 1086 1023 1146 ad
1040 1103 1115 1164 quos
1133 1085 1275 1165 singulari
1297 1085 1358 1148 Dei
1384 1088 1441 1149 be-

185 1199 248 1246 aaa
263 1197 374 1262 param
389 1176 529 1242 utilitatis
557 1177 691 1239 accedere
705 1190 788 1254 porse
826 1168 932 1231 nelicio
949 1168 1039 1246 data,
1058 1178 1089 1231 et
1109 1168 1180 1232 inde
1197 1189 1214 1232 a
1230 1189 1286 1232 sua
1319 1172 1442 1250 origine

186 1267 334 1332 Ecclesiae
351 1263 416 1338 Dei,
435 1263 462 1324 si
477 1279 516 1324 aa
533 1261 668 1326 omullus
686 1258 788 1321 latinis
827 1270 946 1334 sorrrper
963 1263 1032 1333 apta
1049 1252 1117 1315 luit.
1135 1251 1172 1316 Ut
1185 1264 1286 1316 autern
1305 1253 1442 1318 huiusce

186 1350 373 1422 editionibus,
384 1345 788 1427 peaecircamserontar,sa-
827 1356 899 1399 usus
914 1345 976 1398 lum
994 1337 1150 1414 motivum,
1171 1345 1232 1400 tunt
1251 1338 1365 1400 modus
1383 1359 1442 1420 pa·

186 1452 307 1500 caeram
324 1433 480 1508 librorum,
500 1448 646 1511 paronam
657 1447 712 1508 geo
729 1445 787 1492 aa·
828 1429 938 1518 tessal,
954 1421 990 1484 ‘¹0
1009 1437 1113 1518 ⁸130?stss
1145 1421 1323 1503 Setiplttrass
1341 1441 1443 1503 prae·

187 1520 315 1582 tleentica
330 1517 463 1580 taleme
479 1515 529 1593 sit,
545 1516 718 1589 iranolescat,
729 1519 789 1574 sta·
826 1515 938 1570 stantia
949 1513 976 1568 et
990 1506 1131 1580 utilitate,
1149 1507 1185 1569 da
1200 1507 1336 1570 alludam
1353 1509 1443 1570 nerel-

187 1604 243 1666 tait
267 1609 293 1664 el
311 1603 451 1676 declarat,
470 1608 503 1663 at
525 1601 596 1662 liaeo
618 1599 682 1678 ipsa
706 1605 788 1659 oetas
826 1591 920 1670 tipllai
935 1607 1034 1666 sereser,
1054 1609 1090 1652 ac
1108 1591 1143 1653 de
1161 1592 1283 1654 lectione
1302 1590 1395 1654 itlius
1411 1611 1444 1654 o·

187 1696 214 1750 et
230 1687 351 1767 volgata
368 1685 469 1761 editio,
488 1683 658 1764 coaeterua
671 1688 712 1743 tot
725 1697 788 1742 soe·
827 1674 949 1736 lienibus
964 1675 1007 1736 vel
1022 1675 1270 1752 commendanda,
1289 1675 1341 1738 rel
1360 1677 1444 1738 limi·

186 1772 322 1834 calorum
337 1789 393 1834 asa
407 1771 439 1831 ia
453 1770 517 1849 ipsa
532 1768 662 1832 Ecclesia
677 1765 788 1846 proba·n
828 1760 918 1822 tarrda
935 1758 1142 1828 disserendum
1162 1769 1219 1823 est.

187 1865 218 1920 la
235 1865 289 1932 est,
304 1855 337 1917 in
350 1854 475 1936 piraticis
486 1852 668 1926 meliceridas,
687 1850 788 1928 dispo·

188 1941 363 2015 latioaitas,
375 1937 645 2019 praedicationibus
656 1941 682 1996 et
696 1951 787 2013 eapo-
1066 1903 1097 1974 ς·
1120 1909 1194 1958 ¹⁸⁰·
1234 1977 1238 1984 -

187 2025 344 2089 sitioaidus
356 2040 414 2104 pro
432 2021 602 2085 auctentica
624 2019 790 2091 delectam
843 2014 860 2064 ¹·
875 2014 911 2062 θ’
925 2015 948 2062 ⁵·
963 2011 1097 2073 secuturae
1109 2013 1253 2072 praetante
1267 2014 1293 2060 ⁰¹
1308 2013 1432 2064 ”unme-

188 2118 215 2174 et
228 2119 260 2172 at
275 2126 360 2171 necno
373 2107 584 2170 illanrreiicere
594 2104 789 2183 goootsprcc-
879 2108 910 2173 S.
938 2107 1123 2193 Scriptorum
1142 2109 1172 2171 in
1187 2127 1219 2172 se
1234 2113 1443 2190 praestantis-

188 2201 272 2257 leatra
289 2194 408 2268 audeat,
421 2191 466 2253 ecl
481 2196 662 2270 praesumat.
677 2187 720 2250 Es
735 2187 790 2247 liu·
828 2193 954 2269 simam,
973 2195 1120 2276 nobisque
1142 2195 1337 2256 utilissimam
1357 2215 1441 2272 esse,

188 2276 236 2340 ius
250 2277 361 2340 decreti
372 2275 469 2338 verbis
480 2271 788 2355 apparet,donciliunr
830 2279 916 2341 lacile
930 2296 1157 2356 cognoscemus,
1166 2279 1227 2340 sive
1240 2279 1381 2342 eiusdem
1397 2281 1444 2342 in·

188 2361 383 2424 tridentinum
393 2360 562 2421 nullatenus
571 2357 735 2420 versionem
748 2356 792 2418 la·
829 2363 925 2427 culum
954 2363 1200 2440 consideremus,
1219 2363 1281 2424 siue
1306 2365 1444 2426 Parrum

189 2445 283 2508 linem
295 2445 384 2507 lellui
394 2444 575 2506 ltelrlaeovel
584 2461 691 2522 graeco
706 2456 791 2521 prae·
831 2449 995 2511 testimonia
1009 2445 1178 2509 audiamus.

190 2530 267 2594 lerre
286 2538 338 2591 aut
358 2528 566 2610 aequiparare,
586 2545 684 2607 neque
702 2536 735 2586 ut
753 2525 791 2586 ed
887 2532 918 2593 l.
938 2530 1010 2593 Cum
1029 2549 1113 2592 sacra
1132 2528 1283 2611 Scriptura
1303 2549 1369 2593 non
1390 2551 1444 2594 so·

188 2613 271 2677 huno
292 2621 447 2676 recurmnt
463 2611 623 2674 Catholicis
648 2609 790 2692 prohibe·
830 2614 892 2676 lum
910 2614 1076 2677 doctrinam
1105 2614 1246 2676 divinitus
1271 2617 1443 2677 revelatam

189 2717 235 2777 re,
255 2698 307 2762 sed
325 2698 421 2760 solurn
439 2713 475 2759 ex
492 2695 592 2758 latinis
606 2694 791 2756 versionibus
831 2699 993 2774 contineat,
1009 2697 1164 2760 sedetiam
1179 2699 1349 2778 inspirante
1370 2697 1443 2781 Spi-

190 2781 280 2860 lrauc,
305 2800 382 2864 quae
400 2782 516 2858 uulgata
532 2789 740 2860 nuncupatur,
760 2787 792 2840 ut
832 2785 890 2845 ritu
909 2781 940 2845 S.
964 2792 1083 2844 exarata
1108 2783 1168 2859 sit,
1194 2782 1328 2845 dubitari
1359 2783 1443 2845 haud

190 2869 392 2932 authenticam
409 2866 586 2926 declarasse.
601 2862 703 2944 Neque
717 2861 793 2925 Con·
833 2876 940 2948 potest,
957 2865 1051 2947 ipsam
1067 2875 1128 2927 tum
1142 2867 1258 2928 rarione
1270 2885 1444 2944 argumen-

190 2953 293 3015 cilinm
306 2947 660 3026 tridentinumVulgatarn
677 2966 712 3008 eo
725 2965 794 3010 sen·
833 2953 854 3014 ti
874 2960 935 3013 tum
953 2951 1069 3012 raliorre
1089 2950 1212 3029 originis
1238 2953 1444 3030 praestantis-

191 3035 436 3098 suauthenticanr
449 3033 620 3108 declaravit,
632 3031 711 3113 quod
722 3032 793 3093 nul·
832 3035 939 3097 simam
959 3053 1035 3096 esse.
1055 3033 1092 3096 Et
1103 3053 1174 3096 sane
1189 3068 1205 3081 ·
1218 3032 1248 3096 S.
1266 3033 1369 3097 Biblia
1386 3039 1444 3097 do·

191 3121 221 3182 la
239 3120 362 3182 onmino
382 3126 490 3194 errata,
510 3135 567 3178 seu·
583 3116 690 3178 menda
712 3115 741 3176 iu
758 3135 794 3178 ea
834 3122 945 3181 ctrinas
960 3118 1173 3180 saluberrimas
1185 3120 1354 3192 continent,
1369 3122 1444 3200 qui·

191 3204 392 3286 reperiantur,
415 3202 521 3263 sedeo
548 3210 662 3262 tanturn
689 3218 792 3276 sensu,
836 3203 890 3264 bus
910 3212 971 3263 turn
991 3203 1063 3264 tides
1081 3203 1248 3264 illustratur
1267 3221 1302 3264 ac
1332 3205 1444 3264 srrrrra-

194 3287 273 3368 quod
293 3288 325 3349 in
338 3287 386 3363 iis,
408 3304 485 3365 quae
502 3294 572 3348 sunt
590 3284 717 3348 alieuius
731 3303 795 3346 rrro·
835 3297 904 3360 tur,
925 3295 985 3349 turn
1007 3305 1104 3348 mores
1119 3287 1329 3364 corriguntur,
1349 3296 1382 3346 et
1404 3286 1444 3349 ad

194 3370 304 3447 urenti,
326 3389 386 3432 non
404 3370 552 3450 discrepet
572 3387 590 3430 a
608 3369 750 3450 primerio
765 3377 795 3431 et
836 3371 1047 3453 perlectionem
1068 3370 1247 3448 diriguntur.
1264 3370 1316 3432 leel
1332 3371 1444 3431 inlini-

192 3453 794 3534 eerorlirinaescripturaesensu,etquod
839 3469 886 3517 tae
905 3456 1118 3536 perfectiones,
1138 3455 1356 3536 innumeraque
1382 3453 1444 3516 be-

195 3553 335 3620 corrupta
352 3557 411 3600 non
431 3537 517 3616 sitin
539 3538 702 3620 capitibus,
719 3557 796 3617 quae
836 3540 944 3602 nelrcia
961 3537 1077 3616 egregie
1088 3538 1175 3600 nobis
1189 3549 1258 3600 ante
1270 3539 1376 3601 oculos
1390 3559 1445 3621 po-

149 3639 150 3644 ’
195 3622 233 3686 ad
249 3623 351 3698 sidem,
364 3631 525 3684 autmores
539 3622 697 3703 pertinent.
712 3621 797 3684 lluno
837 3631 961 3700 nentur,
980 3629 1011 3684 et
1027 3624 1071 3684 sio
1089 3623 1126 3684 ad
1145 3622 1238 3690 Deum
1263 3624 1442 3698 colendum,

196 3725 261 3771 esse
284 3704 395 3768 decreti
423 3706 575 3768 tridentini
595 3725 714 3769 sensum
740 3706 797 3767 do·
839 3707 1003 3769 tiruendum
1026 3716 1056 3768 et
1074 3708 1235 3769 arrrarrdum
1260 3707 1442 3769 excitamur.

197 3791 260 3854 cuit
278 3791 335 3853 cel.
355 3788 498 3853 llelelrior
522 3789 637 3866 Canus,
656 3791 708 3872 qui
734 3790 798 3870 ipse
838 3788 1363 3872 Optimusquaquelleomlaudandi
1380 3811 1446 3852 mo·

196 3875 329 3940 Concilio
350 3873 509 3938 tridentino
528 3876 622 3937 adluit
636 3875 696 3956 (2).
716 3873 800 3938 Cete—
840 3878 896 3937 dus
916 3874 1003 3936 nobis
1021 3874 1051 3934 in
1075 3873 1107 3936 S.
1127 3873 1254 3952 Bilrliis,
1281 3875 1445 3956 praecipue

197 3979 264 4022 rum
276 3960 357 4022 iuter
369 3959 449 4040 ipsos
461 3959 659 4022 Protestantes
672 3959 801 4021 nonnul·
840 3959 870 4020 in
882 3959 1019 4033 Psalmis,
1029 3959 1197 4022 exlribetor.
1209 3958 1357 4022 Historiae
1367 3979 1447 4040 quo·

199 4045 239 4120 li,
254 4053 286 4106 ut
298 4042 459 4118 Lulherus,
475 4043 723 4117 Calvinumlleaa,
736 4043 800 4104 llu-
841 4061 911 4124 que,
927 4059 1004 4123 quae
1022 4049 1084 4103 tum
1114 4043 1151 4105 de
1169 4044 1311 4122 religione
1334 4044 1363 4104 in
1389 4063 1446 4120 ge·

199 4146 236 4207 go
255 4127 394 4204 Grotius,
411 4126 562 4189 ldiclradlis
580 4134 610 4189 et
628 4127 679 4188 elii
698 4129 801 4206 uulga-
842 4146 926 4202 nere,
950 4135 1012 4188 tum
1031 4126 1069 4188 de
1087 4127 1210 4208 integris
1226 4126 1361 4210 populis,
1381 4137 1446 4192 tum

233 4257 265 4312 tll
281 4261 341 4306 sess.
356 4259 392 4318 lv,
407 4259 472 4304 decr.
487 4257 509 4304 2.
875 4258 905 4317 llll
916 4260 942 4307 V.
951 4259 1070 4320 llobmosr
1078 4263 1094 4307 l.
1104 4273 1125 4308 c.
1135 4259 1155 4322 a.
1167 4260 1448 4320 lo.tt·all›1.nogm.vll.

234 4315 264 4375 lul
281 4318 307 4363 l..
322 4320 352 4364 itt
367 4320 393 4363 ln
407 4321 479 4364 cone.
495 4315 550 4362 trld.
566 4329 589 4366 e.
604 4318 627 4364 ⁹.
842 4319 903 4366 Abla.
916 4321 936 4367 l.
949 4321 1005 4368 llell.
1021 4333 1045 4368 d.
1059 4321 1129 4369 lllllll.
