2928 4734
176 127 238 192 iila
578 143 765 190 moronus
784 141 946 190 commem

134 231 163 286 et
175 221 357 300 integrorum
367 239 524 302 regnorum
539 221 650 302 optime
664 240 735 284 coo·
772 221 845 284 nihil
856 222 913 283 nisi
928 221 1053 296 iustum,
1063 227 1092 284 et
1103 221 1170 286 lene
1181 217 1378 302 suaderem).

133 307 253 382 sulitur;
271 307 484 386 plurimaenim
497 308 586 383 mala,
601 306 732 387 quietem
753 306 884 368 ¹Plinius
901 305 1001 368 iunior
1020 308 1080 386 (3),
1100 315 1129 367 et
1154 307 1217 386 ipse
1242 304 1379 368 lulianus
1399 363 1404 388 ,

133 399 163 453 ct
181 391 351 453 felicitatem
366 391 559 472 temporalem
579 390 733 452 destrucn·
768 390 910 472 Apostata
928 389 1093 452 doctrinam
1120 407 1277 470 moresque
1297 387 1380 451 Chri-

133 474 185 549 tia‚
209 493 244 536 ex
259 475 321 538 solo
338 474 456 538 debitae
466 474 596 537 caritatis
614 474 730 537 delectu
768 473 934 536 stianorum
953 474 1124 538 laudarunt.
1139 471 1308 552 -lmpius
1327 492 1379 536 au·

132 566 306 633 nascuntur,
324 568 357 621 ut
378 559 494 637 egregie
516 558 644 620 ostendit
662 557 728 620 Mu·
768 557 1041 638 ctorEpistolarum
1053 557 1236 639 persicarum
1252 557 1376 635 latetur,

131 641 261 704 raterius
274 642 333 721 (ll.
355 640 393 704 Ut
415 652 514 705 autem
534 642 629 704 cilicia
658 661 728 720 erge
768 641 892 704 moralia
908 641 1059 720 Evangelii
1078 649 1236 724 praecepta
1259 641 1380 704 infinite
1454 689 1455 722 3

129 726 225 789 Deum
245 735 274 788 et
292 726 456 806 proximum
473 727 528 788 rite
546 726 727 806 adimplean-
767 734 918 806 praestare
937 727 987 803 iis,
1012 744 1125 806 quasa
1145 724 1379 806 sapientissimis
1454 783 1455 787 ,

130 819 189 887 tur,
205 819 234 871 et
246 810 315 872 vitia
326 811 385 872 illis
401 809 724 886 contrariearceantnr,
767 809 855 872 totius
870 811 1055 891 antiquitatis
1068 809 1252 890 philosophis
1265 809 1375 871 tradita
1451 853 1455 858 „

129 889 243 958 securis
260 893 297 954 ad
316 895 446 956 radicem
467 893 584 954 arboris
607 894 727 974 ponitur
765 894 898 969 suerunt,
914 904 1004 975 atque
1016 895 1178 974 perlectum
1194 911 1261 955 esse
1274 892 1376 973 philo·

110 987 159 1058 ¹ct
171 977 388 1059 sapientissime
405 976 626 1058 praescribitur,
636 978 725 1038 utin-
765 977 905 1058 sophum,
926 979 979 1059 qui
996 979 1034 1038 sit
1046 997 1115 1040 vere
1127 976 1326 1040 Christianus.
1348 976 1373 1040 I.

129 1063 281 1124 ordinatae
299 1061 336 1123 ad
356 1061 457 1122 mundi
475 1061 614 1136 honores,
629 1069 725 1124 terrae
764 1060 787 1123 t.
798 1061 964 1126 Rousscau:
979 1059 1216 1142 ‹Scripturarum
1229 1061 1377 1124 maiesta-

128 1145 245 1208 divitias
263 1154 292 1207 et
311 1145 408 1207 carnis
421 1144 543 1206 delicias
556 1145 727 1225 propensio·
766 1153 806 1223 te,
834 1144 951 1226 inquit,
980 1146 1076 1208 fateor
1093 1147 1124 1207 in
1142 1145 1375 1206 admirationem

127 1229 464 1310 uesceteraequemalae
477 1228 726 1311 passiones‚quae
765 1248 813 1290 me
832 1229 919 1291 trahi.
944 1229 1302 1308 Evangelii‘sanctitatem
1320 1229 1376 1290 in·

128 1333 163 1376 ex
178 1321 298 1395 peccato
314 1313 451 1391 originali
466 1321 547 1374 ortae
561 1331 613 1374 cor
626 1313 726 1374 homi·
765 1313 837 1374 timo
856 1313 985 1393 quodam
1005 1313 1098 1375 animi
1114 1332 1204 1376 sensu
1216 1313 1371 1394 percipio:
1454 1362 1455 1398 3

127 1398 175 1460 nis
195 1396 369 1479 perturbant
389 1415 423 1458 ac
448 1397 479 1457 in
504 1397 589 1458 devia
607 1406 725 1478 pectre·
764 1396 860 1460 videte
870 1397 1115 1478 philosophorum
1131 1397 1298 1459 lihroscum
1309 1416 1376 1458 orn·
1454 1447 1455 1458 ι

127 1481 213 1557 hunt,
226 1480 367 1542 continuo
379 1481 589 1561 reprimantur.
598 1517 640 1528 —
650 1482 724 1544 Hic·
764 1481 795 1542 ni
804 1501 856 1543 sun
867 1500 988 1562 pompa,
997 1500 1086 1563 quam
1095 1482 1192 1560 exigui
1201 1481 1244 1542 illi
1254 1490 1336 1557 sunt,
1346 1481 1373 1544 si
1453 1477 1455 1536 J

125 1566 281 1629 rurrdt'cutt
310 1583 429 1645 quoque
461 1565 680 1647 sapientissime
706 1584 724 1627 a
764 1565 1109 1628 cumlrocconserantur.
1126 1565 1244 1627 Fierina
1260 1575 1373 1645 potest,

126 1648 239 1712 Christo
259 1658 303 1710 est
321 1657 535 1710 constructum.
555 1649 611 1712 Per
628 1648 723 1727 magi·
763 1658 796 1711 ut
808 1649 886 1711 liher
898 1649 971 1732 adeo
986 1648 1124 1710 sublimis
1143 1648 1232 1710 simul
1252 1658 1281 1710 et
1298 1650 1374 1711 sim-
1452 1698 1455 1724 ,

126 1733 248 1794 sterium
274 1733 353 1794 enirn
380 1733 607 1809 authenticum,
624 1733 724 1794 divina
764 1732 1374 1814 plexopushumanomsit(d)‘loldem(5)
1454 1729 1455 1736 '

126 1817 294 1878 assistentia
312 1817 492 1897 praeditum,
510 1815 680 1878 tumunitas
693 1817 723 1877 in
762 1818 951 1896 evangelicae
976 1817 1099 1878 moralis
1122 1815 1368 1898 pulcritudinem,

124 1901 194 1978 fide,
215 1909 276 1961 tum
296 1901 451 1981 persuasio
470 1902 507 1961 de
530 1901 587 1963 fide
610 1901 722 1981 produ-

124 1984 214 2061 citur,
234 1993 263 2047 et
285 1985 413 2046 siclinis
436 1984 599 2062 Religionis
617 1993 646 2046 et
664 1985 722 2046 uc-

123 2069 233 2130 clesiae
248 2078 450 2148 promouetur,
470 2068 603 2148 illudque
625 2067 722 2128 homi·

123 2153 225 2229 nibus,
240 2153 289 2233 qui
303 2152 477 2233 plerumque
490 2153 664 2214 auctoritate
674 2152 722 2214 ui-

122 2235 181 2316 rigi
198 2237 305 2312 solent,
320 2237 431 2318 optime
442 2237 590 2298 convenit.
600 2235 656 2297 Per
668 2237 724 2298 im-

123 2321 240 2401 perium
258 2329 356 2382 autern
371 2339 486 2382 sacrorn
499 2320 657 2400 gliscentes
673 2321 722 2383 in·

123 2403 326 2466 ordinationes
335 2414 363 2466 et
375 2405 540 2484 irrepentes
550 2405 661 2472 abusus
669 2407 723 2466 tol·

122 2489 156 2564 li,
178 2495 207 2550 et
225 2507 301 2569 quae
319 2488 356 2550 ad
375 2489 486 2550 honum
505 2489 654 2562 societatis
671 2507 723 2552 ne·

122 2571 250 2634 cessaria
277 2581 362 2649 sunt,
379 2571 510 2634 ordinari
530 2581 665 2654 possunt.
686 2574 722 2636 Et

121 2657 225 2737 -quia
253 2655 411 2739 imperium
439 2675 554 2718 sacrum
578 2676 613 2718 ex
635 2656 722 2720 Chri-

121 2739 158 2801 sti
172 2739 358 2803 institutione
371 2741 408 2802 ab
418 2741 543 2821 imperio
554 2740 723 2823 civilipror-
748 2780 751 2788 ·

121 2842 172 2885 sus
188 2825 360 2887 distinctum
371 2839 427 2900 est,
440 2825 506 2886 ideo
516 2824 630 2903 Religio
644 2825 724 2886 chri·

121 2908 217 2971 stiana
231 2909 339 2972 ditibus
349 2909 489 2991 politicis,
504 2928 579 2990 quos
591 2927 649 2969 non
662 2909 733 2988 'cing

121 2992 221 3073 pedit,
240 2995 292 3056 scd
313 3001 481 3074 promovet,
502 3013 560 3054 non
579 2992 720 3067 subordi-

120 3085 218 3154 natur,
233 3097 287 3139 nec
302 3077 367 3139 loco
380 3085 430 3138 aut
449 3076 576 3158 tempori
594 3077 721 3138 adstrin-

120 3160 209 3238 gitur,
234 3163 283 3222 sed
302 3161 424 3222 ornnino
443 3170 510 3241 apta
529 3169 585 3237 est,
605 3169 638 3222 ut
652 3179 719 3222 orn·

65 3307 72 3318 ,
120 3244 171 3305 nia
192 3263 282 3322 regna
301 3245 404 3306 rrrtrndl
423 3245 454 3306 in
474 3263 506 3307 se
525 3245 664 3326 recipiat,
690 3254 720 3308 et

120 3344 241 3403 regnum
257 3327 310 3389 Dei
330 3331 441 3392 morale
459 3330 626 3391 universale
645 3348 719 3390 con-

119 3412 236 3485 stituat,
252 3411 288 3472 ad
305 3411 389 3473 cuius
402 3413 543 3474 unitatem
558 3415 720 3475 ostenden-

119 3493 188 3554 darn
201 3503 230 3556 et
242 3497 473 3558 conservandam
487 3498 646 3580 praecipue
661 3498 722 3580 pri·

122 3587 220 3640 matus
239 3579 371 3642 inservit.

160 3663 249 3726 Noto.
263 3661 425 3742 Religionis
437 3664 614 3727 christianae
626 3664 723 3731 encel-

117 3746 238 3810 lcntiam
260 3766 318 3808 non
337 3749 423 3828 pauci
435 3749 566 3810 eiusdem
580 3750 719 3812 adversa·

117 3832 155 3892 rii
175 3832 288 3910 magnis
300 3831 439 3899 laudibus
456 3834 634 3896 extulerunt.
648 3833 720 3895 Am·

88 3955 90 3962 ·
118 3916 235 3978 rniauus
248 3914 451 3992 Marcellinus,
472 3917 630 3979 historicus
646 3937 720 3996 gen·

117 3999 190 4078 tilis,
204 4001 323 4083 latetur,
336 4001 528 4062 christianam
546 4003 720 4082 religionem

147 4157 180 4216 (l)
192 4161 229 4206 Tc.
243 4161 272 4207 de
282 4173 329 4208 car.
342 4162 390 4209 chr.
403 4175 453 4220 cap.
463 4163 485 4209 2.

149 4218 178 4271 t2t
192 4219 239 4264 hilt.
249 4219 286 4275 22,
297 4233 347 4280 rap.
364 4221 397 4269 ΙΙ-.
427 4223 458 4280 (5)
470 4221 491 4266 t.
502 4222 535 4279 ld,
543 4221 614 4279 Epist.
623 4222 660 4267 ttt.

117 4352 120 4358 ,
148 4277 180 4333 ll)
191 4278 216 4322 la
227 4277 293 4326 lintll.
307 4281 322 4326 l.
333 4282 354 4328 l.
429 4282 459 4342 (t)
468 4283 493 4328 lu
505 4284 572 4341 epist.
582 4284 603 4342 5,
612 4282 720 4330 exmonl.

763 1904 969 1976 sanctitatem,
988 1902 1155 1973 veritatem,
1179 1900 1372 1980 prolandita-

764 1993 821 2047 tem
842 1987 882 2049 ita
901 1987 1013 2047 extollit
1028 2004 1099 2065 prae
1116 1984 1250 2046 doctrina
1266 1985 1373 2064 philo·
1454 2035 1455 2040 1

762 2070 936 2151 sophorum,
956 2080 988 2131 ut
1006 2069 1083 2130 hanc
1107 2087 1195 2150 saepe
1213 2069 1374 2132 erroribus

763 2155 993 2216 contaminatam
1012 2153 1106 2230 dicat,
1133 2153 1214 2214 illam
1239 2172 1311 2215 vero
1330 2173 1371 2214 u·

763 2257 831 2300 nam
852 2257 916 2300 esse
928 2239 1094 2314 confirmet,
1110 2235 1235 2318 quaesit
1249 2255 1373 2318 semper
1454 2301 1455 2312 ,

763 2330 844 2398 tuta,
863 2338 981 2403 semper
1005 2341 1092 2398 vera,
1121 2339 1240 2401 semper
1264 2323 1369 2400 unica,
1454 2321 1455 2392 J

762 2407 819 2468 sihi
831 2406 950 2488 semper
967 2413 1116 2467 conatam.
1130 2403 1202 2466 Inde
1216 2407 1286 2466 vero
1298 2425 1373 2466 con·
1454 2401 1455 2462 Ϊ

762 2491 866 2566 cludit,
881 2491 954 2552 adeo
968 2498 1079 2550 certam
1095 2489 1172 2550 hanc
1184 2507 1263 2565 esse,
1277 2499 1372 2570 atque
1454 2483 1455 2560 J

761 2574 948 2636 infallibilem
964 2573 1084 2635 divinae
1100 2571 1290 2636 revelationis
1309 2593 1371 2635 no-

763 2666 835 2734 tam,
855 2658 965 2720 utalia
984 2658 1066 2718 nullo
1086 2676 1160 2736 opus
1179 2657 1219 2718 sit
1232 2656 1370 2738 criterio,

761 2744 806 2805 vel
825 2750 1010 2821 argumento.
1032 2775 1075 2788 -
1095 2740 1219 2803 Kantius
1245 2759 1372 2822 numne

762 2846 815 2908 pro
833 2826 968 2888 doctrina
989 2825 1093 2886 morali
1113 2823 1282 2902 evangelica
1300 2843 1374 2886 rna·¹

760 2929 816 2988 gna
833 2912 971 2988 encomia
982 2910 1104 2990 protulit
1116 2911 1176 2989 (d).
1199 2909 1241 2971 Da
1256 2909 1370 2970 doctri.
1454 2905 1455 2924 ι

761 3013 817 3058 nae
839 2993 1019 3056 christianae
1037 2993 1211 3054 excellentia
1226 2992 1282 3070 legi
1301 3012 1368 3054 nae-

759 3089 864 3142 rentur
880 3077 1083 3158 Dohmayrsl)
1098 3076 1177 3140 etCl.
1193 3076 1278 3140 Frirrt
1290 3077 1352 3158 (8).
1394 3105 1398 3114 ⁴

1006 3211 1037 3282 ς.
1048 3218 1122 3266 ¹26·

808 3318 832 3364 c.
847 3314 972 3362 Doclrlnae
986 3313 1128 3360 christianae
1144 3312 1213 3372 orlgo
1226 3311 1316 3364 divina.
1367 3317 1371 3328 ’

801 3414 972 3478 Doctrinam
998 3413 1189 3479 christianam
1214 3415 1368 3478 ercellen·

762 3500 904 3561 tissimam
926 3517 983 3559 nnn
999 3498 1112 3566 uiribus
1127 3515 1208 3560 mere
1222 3499 1367 3560 naturali·

762 3584 830 3659 bus,
847 3584 900 3645 sed
917 3583 1035 3644 divinae
1051 3581 1234 3646 Revelationi
1253 3582 1369 3645 adscri-

762 3667 887 3730 bendam
905 3685 981 3742 esse,
1000 3666 1079 3730 ratio
1093 3666 1209 3740 suadet,
1228 3666 1366 3729 Christano

760 3754 824 3834 ipse
842 3751 979 3823 assernit,
999 3759 1027 3811 et
1046 3751 1126 3813 Beata
1149 3749 1260 3828 insigni
1278 3751 1366 3812 testi·
1454 3763 1455 3768 ’

762 3836 862 3900 monio
881 3834 1077 3897 crtrdirmauit.

760 3970 762 3974 .
804 3922 833 3982 l.
853 3919 919 4001 lpsa
939 3919 1069 3998 prolecto
1093 3915 1191 3994 ratio,
1215 3935 1296 3998 quae
1313 3935 1364 4000 pao

760 4005 895 4088 quolibet
913 4005 1018 4068 ellectu
1043 4002 1188 4064 rationem
1209 4002 1363 4066 sufficieu-

789 4162 822 4216 (6)
833 4162 857 4238 ln
871 4159 1081 4236 ‹lervprredezum
1090 4159 1206 4208 Slreltder
1219 4159 1363 4209 Faltulloleu.

789 4221 860 4344 iiii
869 4219 1096 4341 {aiiii-raanan.
1108 4277 1213 4328 rea-aea
1230 4347 1240 4364 Ἀ
