2934 4736
443 179 517 226 rans
538 179 570 223 11.
595 175 696 222 sscrro
716 175 749 222 n.
772 171 866 222 canus
886 177 917 223 r.
1192 157 1262 220 28¹1*

238 269 410 318 temerans
422 263 479 316 rm
696 257 777 319 illam
796 257 937 319 divinitus
962 257 1120 320 revelatam
1140 275 1198 318 non
1217 273 1293 333 esse,

208 363 244 411 ne
258 363 504 412 muhammeuumsmo.
698 343 767 423 quia
790 359 845 404 nec
863 341 989 418 interni,
1006 361 1060 403 nec
1071 342 1190 404 culmi
1200 339 1296 403 llere·

289 474 323 546 3*
349 479 422 528 m·
698 426 817 488 lationis
830 425 1015 488 characteres
1031 425 1061 487 in
1074 427 1125 488 illa
1136 425 1296 487 inveniun-

699 518 757 571 tur.

100 592 169 656 Cum
187 591 313 654 ineunte
335 591 455 653 saeculo
481 589 607 670 septime
625 587 656 648 in
741 595 770 656 l.
785 590 874 656 Liber
887 592 1200 655 lluhammedanerum
1215 609 1296 671 spm-

64 677 165 741 hrahia
180 675 317 738 nonnulli
329 675 430 737 ludaei
445 681 474 736 et
488 671 656 747 christiani,
698 676 827 753 bolicus,
847 678 868 740 i.
889 695 917 739 e.
942 677 1104 739 hlcoranus
1130 695 1215 758 opus,
1235 675 1296 737 lleo
1329 715 1331 724 ,

66 761 178 846 plurimi
197 754 659 838 autemloedoadbucpolpthei·
699 762 848 824 revelante
874 762 1016 840 dignum,
1039 759 1097 821 dici
1127 761 1298 822 nullatenus

64 865 141 921 suno,
157 861 294 906 summae
316 839 437 904 ruditati
455 860 489 904 ac
510 839 657 921 supersti·
699 854 805 926 potest.
818 845 880 907 Non
894 846 972 908 enim
985 844 1117 906 continet
1127 843 1185 906 nisi
1197 860 1297 904 renum

66 929 260 1004 bontionem,
278 927 385 988 addicti
399 925 660 1001 essent‚Mubom-
699 929 966 992 diversissimarum
993 928 1192 1006 farraginem,
1212 945 1297 988 ccm-
1331 939 1332 944 ’

65 1015 165 1089 medes,
184 1027 265 1074 arno
284 1010 391 1074 Christi
403 1010 459 1073 5ll
474 1009 589 1070 Meccae
602 1027 659 1068 na·
700 1014 821 1093 pilatam
843 1033 877 1076 ex
890 1013 1024 1076 doctrina
1036 1012 1188 1091 religionis
1199 1010 1298 1072 iudai·
1330 1082 1333 1096 ,

66 1104 111 1158 tus
126 1143 134 1173 ,
149 1097 194 1156 rir
210 1095 379 1157 litterarum
409 1092 527 1175 quidem
551 1092 657 1168 rudis,
700 1116 764 1174 cae,
784 1098 982 1174 saracenicae,
999 1096 1177 1158 christianae
1190 1104 1219 1158 et
1232 1113 1299 1175 prc-
1331 1095 1348 1124 ²'

65 1189 163 1242 natura
180 1189 280 1242 tamen
307 1178 453 1240 facundus
468 1187 499 1238 et
517 1176 657 1250 disertus,
700 1181 756 1262 prii
775 1180 989 1243 Muhammedis
1004 1181 1117 1242 cerebri
1136 1178 1295 1260 tigmentis.

65 1264 135 1326 haud
155 1283 247 1347 parra
266 1263 424 1342 sagacitate
446 1259 611 1342 praeditus,
630 1268 660 1321 ct
700 1265 788 1328 Varia
802 1283 921 1346 quoquc
948 1265 979 1326 in
1002 1263 1053 1326 illo
1072 1282 1192 1345 prorsus
1212 1281 1298 1324 erro-

63 1349 170 1410 lormae
200 1347 348 1425 elegantia
378 1345 575 1426 conspicuae,
603 1361 659 1404 an·
700 1369 768 1427 nea,
788 1348 895 1410 rationi
914 1357 944 1410 et
959 1348 1010 1410 strui
1030 1347 1299 1411 hominiscoutra·

63 1449 97 1493 ao
123 1430 232 1494 aetatis
250 1449 322 1492 suae
341 1429 566 1510 quadragesimo
583 1426 660 1488 Pro·
700 1435 743 1495 ria
761 1453 795 1494 aa
809 1432 870 1494 Deo
891 1432 1011 1510 indigna
1030 1440 1247 1513 proponuntur.
1268 1430 1298 1510 c)

62 1517 178 1597 phetam
198 1533 285 1593 agere
297 1513 413 1594 coepit,
430 1511 661 1593 hominibusque
700 1517 867 1579 Licetenim
882 1517 1053 1597 inspmdolo
1064 1515 1300 1589 Unitaslteista·

61 1599 241 1681 persuadere
259 1606 383 1660 conatus
408 1605 474 1674 est,
494 1596 531 1657 ad
555 1613 660 1658 efflen-
703 1610 813 1677 tuctur,
832 1619 898 1662 cum
919 1601 975 1662 bac
990 1600 1049 1662 tude
1068 1609 1167 1662 tamen
1185 1599 1299 1678 gnavis-

60 1685 188 1747 dundam
207 1682 381 1760 religionem
401 1699 466 1743 sese
481 1699 498 1740 a
513 1680 573 1741 Deo
591 1679 662 1740 mis·
701 1685 769 1748 simi
789 1701 906 1748 errores
933 1684 1165 1764 coniunguntur.
1186 1682 1301 1744 Dicitur

60 1765 663 1852 sunt-esse,utquesibiattclorilalerncon·
702 1770 795 1845 enim,
814 1777 920 1829 cuneta
933 1768 1050 1830 decreto
1068 1769 1168 1830 tlitine
1183 1768 1302 1829 ahsolu-

61 1846 664 1931 obiacet,colloquiucum'hugeloGabrie-
703 1862 732 1915 to
751 1854 792 1915 ita
811 1853 946 1930 euenire,
966 1860 999 1913 ut
1020 1871 1079 1914 non
1100 1852 1214 1933 possint
1239 1869 1299 1912 nen

60 1938 99 2013 le,
112 1936 176 1998 ime
189 1933 334 2015 cumipse
348 1933 408 1995 Deo
422 1933 557 1994 institute
573 1931 664 1992 iacta·
703 1937 832 2014 evenire,
853 1955 887 1998 uc
911 1936 988 2014 ideo,
1015 1936 1132 1998 sublata
1150 1936 1299 2010 libertate,

62 2019 308 2101 uit‚paroxismos
319 2016 415 2078 morbi
427 2014 590 2097 epileptici,
604 2033 662 2096 quo
703 2020 904 2083 ineluctabilis
934 2019 1095 2082 necessitas
1128 2039 1179 2082 scu
1208 2019 1300 2080 lutum

63 2104 212 2166 laborarit
235 2101 385 2163 communi
409 2109 563 2162 auctorum
591 2117 664 2161 sen·
704 2105 857 2167 inducitur
882 2104 942 2185 (l).
982 2103 1111 2166 [locatur
1149 2111 1302 2184 praetcrea

66 2189 172 2263 tentia,
190 2193 292 2267 raptos
310 2185 426 2246 divinos
453 2183 603 2248 dictitans.
623 2216 665 2230 -
704 2189 797 2251 Deum
826 2207 942 2252 creasse
966 2190 1074 2250 multos
1100 2187 1236 2249 homines
1265 2186 1303 2248 ad

64 2269 281 2334 Multammedis
299 2268 471 2346 religionem
490 2267 608 2328 exhibet
624 2266 664 2328 ll·
704 2275 871 2353 gehennam
885 2273 1012 2356 (2),qua
1025 2273 1169 2334 sententia
1180 2271 1241 2333 Dec
1253 2271 1304 2332 de·

65 2357 117 2420 ber
134 2357 289 2429 Koounos,
313 2371 364 2414 seu
384 2351 572 2433 (praeposito
591 2350 664 2412 arti·
705 2358 866 2439 spotismus
883 2365 912 2419 et
927 2358 1008 2436 origo
1022 2357 1134 2438 peccati
1149 2356 1300 2417 tribuitur.

66 2441 147 2519 culo)
166 2440 336 2504 adoratas
356 2436 473 2512 dictus,
492 2435 577 2496 euius
591 2453 665 2496 0⁰1¹·
705 2442 856 2505 Asseritur
870 2453 1002 2522 quoque,
1015 2441 1107 2503 lleum
1125 2459 1240 2502 creasse
1254 2457 1304 2516 gc-

66 2531 147 2586 tenta
165 2523 203 2584 ab
220 2523 284 2603 ipso
296 2519 356 2582 lleo
375 2537 429 2600 per
446 2519 665 2596 Archangelum
707 2526 784 2599 nius,
806 2526 919 2587 medius
948 2526 1025 2586 iuter
1052 2526 1179 2604 Angelos
1198 2532 1228 2586 ct
1247 2523 1303 2584 ho·

69 2606 235 2670 Gabrielem
263 2603 357 2686 spatio
377 2604 417 2666 30
437 2621 582 2664 annorum
608 2602 667 2663 sibi
707 2609 813 2687 mines,
833 2609 969 2690 quicum
991 2609 1036 2670 his
1064 2612 1143 2670 coire
1171 2607 1302 2689 possint:

70 2691 257 2754 manifestata
274 2707 339 2750 esse
366 2686 507 2749 iactitauit
534 2685 668 2748 lluham·
707 2713 741 2755 ex
754 2693 811 2754 mis
827 2693 917 2754 fuisse
936 2691 1084 2755 diabolum
1106 2692 1229 2772 eiusque
1243 2690 1305 2750 cul.

69 2775 180 2838 mcdes.
196 2771 417 2834 -Hunevero
434 2770 543 2832 librum
564 2789 622 2831 non
640 2769 667 2830 i·
708 2795 789 2858 pam,
809 2776 889 2855 quod
909 2776 1037 2856 primurn
1064 2775 1213 2837 bominem
1230 2773 1306 2833 ado-

70 2878 120 2941 pse
131 2855 353 2920 Muhanttnedes
363 2853 492 2934 scripsit,
505 2854 557 2916 sed
570 2872 606 2915 eo
621 2853 668 2914 vi·
708 2879 774 2922 rare
788 2860 979 2922 recusavetil.
1003 2895 1045 2906 --
1066 2859 1157 2920 Primi
1177 2855 1305 2918 hominis

70 2951 166 3019 vente,
188 2949 301 3002 tanturn
321 2939 401 3000 illius
418 2946 556 3000 contenta
569 2938 600 2999 in
616 2955 668 2998 ra·
709 2963 816 3026 corpus
832 2944 992 3006 formatum
1009 2963 1074 3006 0550
1091 2942 1200 3003 dicitur
1211 2958 1245 3001 gx
1257 2958 1306 3000 gr.

70 3027 121 3088 riis
138 3024 290 3088 schedulis
305 3024 426 3084 luerunt
444 3022 604 3102 descripta,
622 3029 669 3082 at·
708 3031 796 3108 gilla,
814 3028 942 3089 animam
960 3017 1058 3089 autern
1089 3045 1153 3088 esse
1172 3025 1306 3107 particu-

72 3129 128 3191 que
147 3107 365 3171 lluhammedis
375 3114 501 3168 secaret
517 3123 671 3168 successor
710 3115 766 3175 tam
786 3113 931 3175 essentiae
942 3111 1076 3173 ,diutinae
1096 3145 1138 3156 -
1159 3109 1306 3171 iudicium

71 3193 103 3255 in
124 3212 216 3271 regno
245 3191 400 3255 tentata·
423 3189 582 3252 schedulas
600 3190 671 3250 isles
710 3207 872 3258 extremum
892 3196 972 3256 iuxta
992 3195 1168 3256 hlcoranum
1185 3193 1308 3255 duratu-

72 3278 201 3360 primum
220 3274 337 3353 collegit
356 3282 445 3354 atque
459 3291 494 3334 ex
512 3274 571 3336 illis
583 3273 670 3334 sulu-
710 3298 777 3341 rum
796 3289 841 3341 est
859 3299 911 3360 per
928 3279 1031 3342 50000
1046 3298 1152 3355 annos,
1170 3287 1200 3340 et
1218 3297 1307 3359 para-

52 3413 55 3420 .
74 3381 155 3438 men,
169 3359 672 3443 quodhlcoranumvocamus,con·
711 3364 814 3440 disus,
833 3363 863 3426 in
882 3382 941 3444 quo
960 3363 1029 3430 iusti
1048 3363 1201 3425 recreandi
1224 3370 1306 3438 sntrt,

74 3446 121 3508 suci
140 3444 264 3507 curavit.
276 3441 445 3503 -Pt‘tteler
455 3438 601 3503 Coranum
615 3440 671 3501 ha·
711 3448 1019 3528 exluiheturtanquam
1039 3448 1121 3509 locus
1134 3446 1308 3510 deliciarum

54 3563 56 3584 a
74 3529 145 3592 hent
163 3529 254 3591 etiam
271 3524 510 3590 ldulrammedani
527 3526 670 3602 Sonaom,
712 3540 742 3593 et
755 3532 936 3611 voluptatum
951 3532 1128 3608 carnalium,
1143 3531 1172 3593 iu
1189 3549 1249 3614 quo
1261 3538 1309 3591 et-

74 3609 331 3687 sermonumt.
353 3627 381 3671 e.
406 3609 500 3687 legem
522 3609 671 3683 traditam,
713 3615 1311 3696 iamlibidinosaecorpurumcommixtio·

76 3717 150 3778 quae
167 3695 265 3757 rarius
286 3693 446 3755 relationes
470 3693 505 3754 ad
531 3693 609 3756 dicta
628 3695 673 3756 uel
713 3718 766 3762 nes
775 3700 846 3760 sint.
862 3699 947 3779 -hl
959 3697 1041 3771 Quod
1054 3700 1158 3761 attinet
1170 3699 1307 3771 codicum,

56 3776 672 3861 1luctuprophelaeperlittenlettonlissth
714 3784 743 3844 iu
765 3783 820 3844 boc
837 3782 974 3863 equidem
1002 3783 1168 3846 inculcatur
1189 3779 1311 3843 dilectio

78 3866 127 3928 sed
143 3863 209 3946 pari
224 3879 370 3924 consensu
390 3879 406 3920 a
422 3858 675 3924 hlulmmmedanis
714 3867 765 3928 Dei
785 3869 814 3928 et
832 3886 916 3929 antor
933 3869 1070 3949 prorirni;
1089 3868 1137 3948 hic
1155 3873 1252 3927 autem
1273 3862 1311 3924 ad

77 3969 133 4012 non
151 3946 325 4027 suscipitur3
346 3962 413 4005 nam
434 3954 504 4006 sunt
529 3945 608 4007 inter
625 3965 676 4008 cos
693 3905 698 4011 i
715 3951 866 4028 religionis
891 3953 1157 4014 mulrarnmedanae
1182 3947 1310 4008 asseclas

78 4027 676 4111 sonnttuaquiearnaceapanr,asaao.
707 4035 921 4114 restringitur,
944 4037 1035 4097 itaut
1054 4037 1141 4097 etiam
1162 4031 1262 4093 odium
1281 4038 1311 4091 et

80 4125 124 4180 tac
143 4115 198 4198 qui
218 4112 380 4195 reprobant
410 4146 452 4157 —
470 4109 500 4174 Si
526 4114 583 4174 iam
607 4114 678 4175 reli·
715 4118 820 4180 caedes
840 4120 1015 4194 inlidelium,
1030 4119 1049 4179 i.
1071 4137 1097 4179 e.
1117 4114 1311 4197 aprulessio·

78 4202 125 4281 gio
144 4197 394 4262 muhammedana
411 4196 548 4258 rationali
568 4215 675 4259 censu·-
716 4222 754 4266 ne
777 4203 1022 4266 {nuttammedana
1040 4201 1204 4263 alienorum
1223 4217 1312 4282 prae·

79 4304 129 4350 rae
150 4282 338 4359 subiiciatur,
359 4281 515 4344 manifeste
532 4291 674 4365 apparet,
747 4307 776 4366 p)
792 4312 850 4356 sura
862 4306 900 4358 tr.
915 4309 940 4354 ua
954 4308 978 4353 aa
992 4308 1015 4367 o,
1027 4305 1063 4352 aa.
1123 4306 1153 4366 pp
1166 4305 1198 4353 tu.
1211 4305 1233 4366 r,
1246 4305 1299 4352 rau,
