2910 4732
203 459 207 466 ’
381 377 387 394 ’
461 445 906 583 annonario·

102 951 169 1015 Cam
188 949 299 1014 nostris
317 951 501 1032 temporibus
523 969 582 1010 non
602 948 688 1031 pauci
706 947 865 1030 scriptores
885 948 1086 1026 inveniantur,
1106 947 1157 1031 qui
1174 968 1233 1011 nou
1253 969 1305 1013 so·

67 1034 122 1096 lum
145 1038 218 1096 l'alsa
239 1037 388 1116 quaedam
410 1038 548 1112 dogvnata
576 1033 606 1094 iu
632 1033 735 1110 vulgus
759 1042 917 1112 spargunt,
942 1035 992 1094 sed
1019 1035 1113 1114 ipsius
1142 1033 1304 1112 Religionis

66 1119 241 1182 Christianae
260 1129 290 1179 et
309 1119 481 1198 praesertim
506 1117 656 1178 Ecclesiae
682 1116 850 1178 Catholicae
867 1117 1059 1179 fundamenta
1077 1117 1169 1202 impio
1194 1127 1303 1180 conatu
1323 1125 1324 1129 ’

69 1213 190 1264 evertere
209 1211 338 1276 tentant,
356 1203 474 1263 maximi
488 1201 619 1282 prolecto
637 1201 820 1263 aestimanda
834 1209 879 1261 cst
892 1219 926 1262 ea
938 1201 1118 1278 'l'heologiae
1136 1201 1303 1264 Catholicae

69 1307 140 1364 pars,
158 1305 234 1366 quae
249 1287 422 1366 llopmoticn
437 1285 603 1359 Generalis,
621 1295 671 1346 ant
684 1285 697 1364 (
708 1285 783 1346 torte
802 1285 926 1366 melius)
942 1287 1094 1365 Theolopio
1112 1287 1304 1348 Fundamen-

68 1372 128 1432 tolis
146 1380 347 1450 nuncupatur,
368 1379 397 1430 et
420 1371 450 1430 in
470 1389 528 1449 qua
546 1389 606 1430 non
628 1370 723 1430 solum
742 1367 903 1445 Religionis
921 1368 1180 1450 Revelatiouisque
1206 1371 1303 1450 possi-

68 1454 159 1516 bilitas
176 1464 206 1515 et
219 1454 394 1529 necessitas,
416 1453 569 1514 sedetiam
586 1453 680 1514 iactae
697 1453 883 1513 revelationis
898 1453 1064 1530 existentia,
1086 1454 1106 1515 i.
1124 1473 1152 1514 e.
1171 1453 1303 1532 Religio-

68 1539 109 1598 nis
130 1537 314 1601 Christianae
336 1538 444 1598 veritas
463 1546 492 1598 et
510 1537 660 1598 Ecclesiae
681 1536 850 1599 Catholicae
874 1537 1034 1599 auctoritas
1059 1538 1300 1618 comprobantur.

103 1621 178 1683 llaec
201 1621 305 1706 eadem
324 1620 503 1698 Theologiee
527 1640 594 1701 pars
612 1630 794 1682 caeterarum
817 1620 1043 1699 disciplinarum
1069 1623 1303 1700 theologicarum

68 1705 154 1778 basin
172 1705 337 1780 constitnit,
358 1725 422 1786 ‚qua
441 1704 555 1780 sublata
572 1714 600 1766 ct
617 1705 690 1766 istas
707 1721 847 1766 corruere
866 1723 985 1766 neccsse
1002 1714 1057 1766 est.
1079 1704 1303 1786 Sapientissimo

69 1789 163 1870 itaque
181 1789 305 1851 consilio
325 1790 457 1866 supremi
476 1787 646 1850 Studiorum
667 1790 697 1849 iu
721 1787 840 1848 Austria
857 1785 1025 1850 llirectores
1043 1789 1101 1850 iam
1121 1809 1199 1850 anuo
1222 1791 1311 1852 1843*

68 1873 268 1945 decreverant,
287 1882 320 1934 ut
344 1871 504 1950 Tlreologia
521 1871 698 1951 Dogmatica
711 1871 862 1934 Generalis
885 1892 902 1933 a
923 1873 1043 1953 speciali
1061 1883 1260 1955 separaretur,
1275 1884 1305 1936 et

70 1959 165 2018 statim
191 1958 221 2018 in
239 1956 418 2034 Tlreologiae
436 1957 538 2018 limine
558 1942 737 2018 traderetu‘r.
761 1955 821 2017 Hac
848 1955 884 2016 de
909 1975 998 2018 causa
1016 1958 1104 2018 etiam
1120 1967 1303 2038 optaverant,

70 2049 100 2100 ut
118 2061 176 2102 una
195 2059 261 2102 cnm
282 2040 498 2122 Encyclopedia
527 2041 690 2118 theologica
711 2040 914 2107 institutiones
926 2040 1103 2119 Theologiac
1117 2041 1305 2120 Dogmaticae

66 2122 216 2186 Generalis
234 2121 524 2206 exararent'ur‚r1uae
539 2125 664 2206 publicis
682 2124 932 2206 praelectionibus
948 2124 1134 2200 inservirent,
1151 2138 1179 2187 et
1193 2125 1224 2186 in
1239 2126 1305 2206 qui-

70 2207 120 2269 bus
142 2209 216 2270 l'alsa
246 2208 403 2290 praecipue
429 2210 603 2271 recentioris
629 2208 838 2289 Philosophiae
858 2208 1003 2290 principia
1021 2211 1235 2286 salutarentur,
1254 2211 1305 2270 illa

49 2300 175 2369 -outem,
196 2311 273 2374 quae
287 2293 317 2352 in
331 2294 397 2353 aliis
412 2293 576 2372 disciplinis
596 2293 768 2371 theologicis
784 2301 1012 2372 pertractantur,
1034 2313 1061 2356 e.
1078 2314 1107 2373 g.
1128 2295 1164 2356 de
1177 2294 1305 2355 autbert-

68 2375 172 2437 ticitate
188 2391 217 2437 et
236 2376 403 2454 integritate
421 2374 451 2438 S.
476 2377 636 2446 Biblinrnm
656 2386 712 2438 etc.
733 2378 952 2439 omitterentur.

103 2458 251 2530 Quantum
271 2461 344 2521 mihi
361 2461 461 2520 lutura
480 2461 551 2522 baec
566 2462 596 2520 in
614 2459 727 2522 Studiis
745 2461 917 2538 theologicis
935 2461 1085 2522 innovatio
1104 2460 1229 2543 placuit,
1243 2471 1305 2522 ton·

67 2552 124 2604 tum
144 2543 218 2604 mibi
235 2545 324 2605 etiam
344 2563 515 2624 persuasum
536 2545 604 2620 luit,
620 2546 656 2606 acl
675 2547 854 2625 postulatum
875 2545 1022 2624 eiusmodi
1039 2565 1113 2626 opus
1129 2546 1305 2607 elucubran-

69 2628 133 2687 dum
154 2627 229 2688 mibi
250 2639 310 2688 tum
329 2636 445 2708 tempus
464 2637 523 2688 tum
545 2629 621 2690 vires
642 2629 755 2690 deesse.
776 2626 833 2689 Sed
852 2647 869 2688 a
888 2630 1021 2708 pluribus
1045 2630 1199 2704 excitatus,
1220 2638 1249 2690 et
1266 2631 1304 2691 ab

68 2710 100 2769 iis
119 2721 258 2792 auoque,
289 2711 398 2792 quibus
417 2712 614 2778 obediendum
645 2722 721 2786 erat,
752 2713 909 2792 impulsus,
934 2731 1053 2774 manum
1073 2714 1156 2794 operi
1174 2714 1301 2776 adunavi.

69 2791 165 2866 Omnis
185 2805 309 2856 conatus
328 2816 411 2858 meus
429 2797 458 2856 in
480 2797 533 2857 bac
559 2797 782 2858 elucubratione
802 2815 837 2857 eo
864 2798 998 2872 tetendit,
1019 2805 1050 2857 ut
1066 2799 1204 2858 veritates
1220 2815 1304 2857 sum-

70 2878 106 2937 mi
121 2881 276 2954 momenti,
296 2900 372 2960 quae
391 2881 614 2960 pertractandae
633 2890 727 2955 erant,
748 2889 809 2940 tum
824 2881 902 2942 clarc
916 2899 1121 2960 praeponerem,
1137 2890 1197 2940 tum
1215 2881 1306 2944 aalide

68 2965 228 3039 probarem,
249 2973 309 3023 tum
330 2975 432 3026 contro
445 2966 619 3044 praecipuos
635 2965 876 3028 aduersariorum
888 2967 1056 3029 abiectiones
1072 2973 1190 3026 circatae
1204 2965 1305 3028 cicadi-

67 3062 170 3108 cnrcm.
192 3048 289 3108 -Ad
307 3049 393 3108 linem
415 3047 504 3122 hunc,
525 3049 669 3128 quidquid
687 3049 717 3108 iu
742 3047 898 3125 'l'heologis
918 3057 977 3109 tum
1005 3048 1225 3128 antiquioribus
1242 3057 1303 3109 tum

70 3131 280 3192 recentioribus
296 3131 364 3191 botri
382 3151 565 3210 repereram,
585 3133 721 3209 colligere
736 3141 765 3192 et
780 3132 897 3212 scriptis
917 3133 990 3193 urreis
1008 3133 1138 3192 inserere
1158 3151 1217 3195 nou
1232 3132 1304 3194 hbe-

70 3212 159 3275 sitavi.
179 3213 262 3275 Haud
282 3217 480 3276 necessarium
501 3225 598 3278 laurea
618 3217 729 3296 putavi,
746 3234 865 3292 nouitas,
877 3217 926 3296 quii
942 3217 1203 3296 circumferuntur,
1220 3236 1304 3278 erro·

71 3313 114 3356 res
132 3317 305 3374 recensere,
326 3317 392 3358 cum
413 3299 572 3378 quotannis
590 3301 658 3360 novi
681 3309 851 3375 emergant3
880 3301 931 3361 sed
957 3318 1129 3380 persuasum
1156 3301 1229 3362 mihi
1247 3311 1303 3376 est,

71 3377 99 3438 iu
116 3381 186 3462 ipsis
204 3383 378 3443 veritatibus
397 3384 453 3444 rite
471 3383 628 3443 declaratis
646 3393 675 3444 et
692 3383 785 3444 solide
806 3384 935 3462 probatis
953 3385 1098 3465 optimum
1117 3396 1221 3446 contra
1237 3405 1305 3447 om·

70 3481 119 3524 ues
135 3484 263 3541 errores,
284 3467 334 3546 qui
355 3465 478 3546 proponi
495 3475 629 3546 possunt,
647 3467 826 3547 praesidium
844 3468 959 3529 haberi.

108 3547 323 3611 Tractationem
345 3550 561 3630 systernaticam
579 3553 656 3631 quod
677 3553 793 3624 attinet,
812 3552 887 3628 elegi
908 3553 1008 3628 talem,
1029 3551 1125 3632 qualis
1144 3553 1216 3614 mihi
1241 3561 1305 3615 tum

69 3629 158 3694 indoli
185 3641 246 3694 tum
276 3633 328 3694 iiiii
350 3635 575 3714 pertractandae
597 3635 739 3696 scientiae
767 3635 893 3696 munione
913 3645 1113 3696 consentanca
1139 3637 1303 3699 videbatur.

70 3711 138 3776 Nam
163 3717 200 3778 ad
221 3717 413 3796 Theologiam
433 3717 606 3780 Generalem
621 3727 756 3798 spectat,
782 3727 842 3780 tum
864 3737 970 3780 nexum
990 3719 1068 3780 iuter
1083 3717 1306 3802 Philosophiam

71 3807 98 3858 et
111 3799 296 3878 Theologinm
317 3803 483 3876 ostendere,
502 3813 562 3863 tum
581 3801 759 3880 Tlrcologiae
779 3803 933 3882 positivae,
954 3803 1080 3883 quaein
1102 3805 1195 3866 varias
1214 3805 1307 3865 disci·

70 3883 161 3960 plinas
177 3885 371 3965 dispescitur,
390 3887 487 3966 prima
516 3887 709 3948 fundamenta
735 3887 843 3948 iacere.
865 3884 1050 3969 Quapropter
1064 3888 1165 3968 priam
1186 3889 1307 3951 Theolo-

70 3968 130 4043 pioe
149 3969 301 4032 Generalis
319 3988 393 4049 pons
410 3978 455 4030 est
480 3971 651 4045 rationalis,
671 3981 700 4031 et
718 3970 748 4032 iu
768 3969 895 4032 Tireoria
915 3970 1037 4032 rationis
1055 3973 1091 4034 de
1109 3971 1263 4048 Religioue
1279 3981 1308 4032 et

71 4048 255 4114 llevelatioue
282 4054 426 4115 cortsistit.
447 4053 507 4115 Hac
529 4055 664 4115 absoluta
683 4073 801 4132 gressus
823 4055 855 4115 stt
873 4054 907 4114 ad
924 4053 1114 4133 'l'hcologiam
1137 4057 1306 4135 positivam,

72 4135 151 4196 civius
168 4137 346 4218 principium
371 4148 431 4198 tum
462 4139 681 4214 coristitutivum
703 4148 763 4199 lum
787 4137 980 4216 regulativum
1005 4141 1196 4200 evolvendum
1216 4141 1307 4213 veuit,

74 4226 104 4278 ut
118 4231 269 4300 appareat,
290 4229 320 4284 et
340 4222 419 4284 uude
448 4231 477 4283 et
496 4241 555 4302 qua
572 4221 686 4283 ruilione
706 4221 854 4296 veritates,
873 4221 903 4280 in
922 4220 1082 4298 Theologia
1100 4221 1224 4300 positiva
1243 4239 1312 4301 par·

98 4335 109 4357 '
122 4338 245 4387 Praemissa
258 4339 315 4386 edit.
330 4341 456 4399 Oenipontl
473 4341 537 4386 tuta.

154 4427 253 4492 Kaoll.
276 4427 371 4492 thaat.
398 4428 472 4491 Gen.
1211 4426 1223 4470 t
1298 4463 1310 4469 ..
