2934 4736
541 33 558 80 h

516 162 592 208 rsus
613 143 661 206 ur,
682 122 826 208 scurror.
1189 142 1251 211 tut

88 237 179 303 Nota.
199 233 295 316 Magni
314 255 458 300 momenu
478 246 523 300 est
542 231 652 298 distiu-'
691 246 790 316 gnata
808 233 974 306 haurienda
989 237 1060 304 sint.
1075 235 1197 312 Quodsi
1212 245 1292 306 rectu

51 322 106 384 ctio
119 323 389 404 interprincipium
405 320 653 400 Religionischri-
694 323 780 384 morlo
799 320 985 402 inquiratur,
1004 323 1091 403 facile
1105 332 1197 406 patet,
1215 321 1294 388 huuc

50 407 162 469 stianae
179 408 403 470 constitutivum
421 415 511 486 atque
528 406 652 486 repulu—
692 405 722 468 in
740 405 827 467 sineru
848 405 940 470 libros
961 407 1099 482 existere,
1120 407 1220 470 diviua
1237 425 1293 472 au·

52 491 153 566 ticum,
173 499 208 552 nt
225 500 307 552 reete
326 489 518 553 determinari
545 491 651 570 possit,
692 490 828 551 ctoritate
847 498 1003 568 exaratos,
1023 491 1055 557 iu
1073 490 1183 572 quibus
1201 490 1296 554 multa

52 593 197 654 quaenam
205 575 343 636 veritates
351 576 408 637 fide
420 575 519 638 diuina
530 575 654 636 creden·

53 658 103 719 dae
121 657 196 736 sint,
217 677 362 728 uuaenam
382 677 454 719 non.
475 655 558 730 Quod
578 659 652 719 suh-

50 741 189 802 stantiam
204 743 320 819 attinet,
333 761 436 804 omnes
452 741 593 820 Theologi
606 761 654 803 ca·

50 825 151 886 tholici
179 824 211 887 in
241 825 295 888 hac
314 827 504 888 distinctione
523 845 651 887 consen-

49 910 149 986 tiunt,
177 911 311 990 quamvis
340 928 399 971 non
418 929 523 974 omnes
546 910 651 971 iisdem

49 993 148 1055 uerbis
179 995 306 1056 eandem
335 993 511 1074 exprimant.
543 991 653 1056 Omnes

50 1079 132 1138 enim
154 1078 306 1153 fatentur,
331 1077 551 1140 Revelationem
576 1078 653 1138 diri-

49 1161 149 1222 vinum
169 1161 200 1222 in
220 1160 337 1224 Christo
357 1169 387 1224 et
402 1163 550 1242 Apostolis
569 1164 653 1223 clau·

51 1263 114 1306 sam
135 1263 201 1307 esse
219 1245 273 1322 ita,
287 1254 320 1307 ut
336 1252 401 1327 post
413 1246 560 1308 Christum
577 1254 605 1307 et
617 1246 655 1306 Α-

50 1330 183 1409 postolos
200 1331 425 1408 noradogmala
442 1349 501 1391 nun
518 1331 648 1393 revelen-

51 1421 108 1474 tur.
130 1409 242 1475 Omnes
265 1415 376 1495 pariter
392 1415 500 1476 docent
519 1433 554 1476 ex
570 1413 653 1475 ordi-

692 573 845 638 doctrinae
860 575 1006 638 revelatae
1025 575 1122 658 capita
1140 593 1296 657 exponun-

694 665 750 719 tur.
781 657 822 718 Ex
840 659 944 720 eadem
968 666 1067 720 autern
1088 657 1153 720 sine
1172 658 1294 739 praeiu-

692 741 777 802 diciis
795 749 824 802 et
841 742 906 804 sine
925 743 1053 823 partium
1074 742 1173 804 studio
1186 757 1296 803 ¹susce·

693 832 742 905 pta
757 825 951 906 inquisitione
963 833 1090 902 constat,
1104 844 1161 886 non
1180 824 1293 902 omnia,

693 927 805 989 quaea
827 907 943 972 Christo
964 911 1093 972 revalata
1110 909 1243 985 luerunt,
1263 908 1295 970 iu

695 993 851 1072 praedictis
864 993 1057 1058 librissaoris
1071 993 1228 1070 contineri,
1242 992 1296 1054 sed

694 1077 787 1140 multa
812 1077 965 1156 religionis
991 1078 1171 1142 christianae
1197 1076 1297 1157 capita

694 1160 852 1241 paraliam
876 1161 976 1240 viam„
996 1163 1018 1226 i.
1038 1181 1066 1224 e.
1085 1180 1139 1243 per
1157 1159 1306 1222 traditio--

694 1262 761 1305 nem
782 1244 868 1306 nohis
884 1246 1109 1325 communicari.
1123 1243 1214 1306 -Ut
1226 1263 1295 1326 ergo

695 1329 810 1404 integra
831 1326 938 1392 Christi
959 1330 1062 1410 religio
1081 1337 1295 1408 cognoscatur,

694 1412 802 1494 duplex
818 1413 1230 1494 eiusdemlousassignandus
1241 1431 1294 1476 ve-

51 1497 174 1558 natione
190 1495 297 1559 Christi
322 1498 483 1560 Ecclesiam
513 1507 651 1560 statutam
695 1497 750 1572 nit;
771 1533 805 1546 -
820 1497 962 1558 nimirum
976 1497 1111 1563 l⁰Socro
1125 1497 1294 1577 Scriptura,

52 1599 127 1656 esse,
145 1581 286 1642 utlactae
300 1581 386 1644 nobis
400 1582 588 1644 revelationis
603 1602 654 1642 cu·
694 1589 723 1641 et
741 1580 773 1642 ⁰2⁰
791 1581 935 1646 Traditio.

51 1665 166 1726 stadem
188 1683 222 1726 ac
237 1666 427 1746 interpretem
441 1665 604 1744 legitimum
625 1675 654 1727 et
737 1665 825 1726 Noto.
845 1663 889 1726 Cl.
905 1666 1056 1746 Dodmogr
1074 1674 1119 1727 sat
1138 1664 1253 1728 erudite
1267 1682 1298 1725 o-

51 1748 314 1826 inlallibilem‚ita
331 1759 363 1810 ut
379 1769 414 1812 ea
429 1758 541 1812 tantum
562 1769 579 1810 a
597 1769 653 1811 no·
695 1748 825 1825 stendit,
844 1747 926 1810 iuxta
959 1749 1024 1831 ipsa
1043 1757 1142 1812 rectae
1172 1747 1298 1812 rationis

52 1833 285 1909 bisutdogmata
298 1835 652 1909 revelatahaheudusiut,
695 1831 867 1912 dictamina,
892 1833 928 1894 ad
947 1833 1121 1914 religionem
1138 1833 1296 1895 revelatam

53 1935 126 1997 quae
139 1917 179 1977 ah
197 1917 331 1978 Ecclesia
343 1918 379 1978 ad
395 1919 573 1980 credendum
588 1937 655 2000 pro·
696 1924 725 1976 et
743 1934 795 1997 pro
814 1916 953 1992 omnibus
974 1918 1144 1980 hominihus
1163 1915 1298 1980 destina-

52 2009 219 2080 ponuutur.
239 1999 379 2062 Nonnulli
400 2001 541 2079 Theologi
570 2001 654 2062 Reli·
697 2009 754 2061 tam
777 2001 996 2083 propagandam
1018 2011 1047 2064 et
1065 1999 1297 2064 conservandam

51 2085 147 2161 gionis
166 2083 349 2146 christianae
364 2087 460 2147 sontes
476 2085 653 2166 principium
697 2085 897 2166 nequesolam
917 2087 1109 2167 scripturam,
1129 2102 1227 2167 neque
1245 2102 1298 2144 sa·

53 2168 186 2230 eiusdem
198 2169 654 2252 materialeappellaut(adqrrorl
697 2169 754 2228 lam
775 2169 963 2232 traditionem
989 2170 1120 2232 medium
1148 2168 1299 2234 sufficiens

55 2261 152 2313 autem
173 2251 249 2312 salso
278 2269 398 2334 prorsus
423 2255 499 2315 ratio
527 2255 656 2316 humana
697 2254 897 2328 constituere,
918 2253 970 2315 sed
995 2274 1049 2316 ceu
1068 2253 1199 2316 medium
1219 2251 1299 2334 opti·

53 2337 207 2414 relectum:
226 2354 279 2418 per
291 2337 468 2420 principium
480 2348 578 2401 autem
593 2339 658 2418 sor·
697 2355 797 2414 inum,
815 2338 1001 2422 maximeque
1016 2355 1179 2418 congruum
1197 2336 1301 2416 dIgno·

53 2419 658 2504 molaintelliguutrevelationemperma-
697 2421 762 2498 sci,
785 2421 810 2482 si
839 2421 959 2484 diuinae
986 2423 1149 2504 scripturae
1179 2429 1208 2482 et
1237 2428 1299 2481 tra-

55 2503 659 2587 gisteriumPetro-apostolicum,seuec·
697 2503 804 2566 ditioni
834 2513 928 2568 status
959 2505 1113 2570 doctorum
1143 2505 1301 2568 adiunctus

55 2587 254 2650 clesiasticum
269 2589 354 2651 nohis
365 2591 546 2674 propositam
561 2591 620 2674 (l).
698 2589 747 2663 sit,
765 2588 815 2669 qui
835 2589 934 2650 divina
952 2590 1121 2652 assistentia
1138 2599 1169 2652 et
1191 2595 1299 2650 aucto-

423 2740 429 2750 ,
698 2674 784 2734 ritate
797 2673 935 2736 sullultns
950 2674 1116 2755 praedictos
1125 2673 1221 2734 sontes
1232 2688 1300 2750 per-

700 2766 788 2837 petuo
804 2756 953 2818 custodiat
970 2768 999 2819 et
1017 2757 1187 2820 authentice
1206 2771 1299 2834 eupo-

651 2893 657 2904 .
701 2849 750 2901 uat
775 2840 834 2919 (2).
851 2875 893 2886 -
913 2840 965 2904 Ast
983 2839 1031 2903 res
1056 2841 1129 2904 tanti
1158 2835 1301 2900 momenti

133 2909 177 2956 Μ
192 2907 341 2955 ‘mmm
358 2907 580 2967 ⁰⁰⁸⁸T¹T⁰T¹v⁰‘
701 2943 759 2985 nan
775 2923 834 2986 iarn
848 2943 865 2985 a
878 2923 968 3010 priori
985 2922 1177 2987 determinari
1191 2927 1298 3002 potest.

102 3045 104 3048 ·
334 3009 389 3056 ⁵¹³⁰
700 3005 876 3090 Quicunque
903 3009 982 3070 enim
1003 3010 1106 3070 modus
1130 3007 1165 3068 ad
1185 3004 1301 3067 revela-

59 3113 95 3160 ns
115 3111 263 3158 rourmus
283 3107 450 3161 unnrerours
469 3106 662 3158 cnursrnunn
703 3092 811 3154 tionem
833 3093 1050 3174 propagandam
1070 3101 1099 3153 et
1121 3105 1301 3152 conseruau-

703 3175 770 3242 dam
793 3195 811 3238 a
830 3177 943 3239 ratione
962 3173 1302 3258 aptissimusdignosca-·

296 3236 326 3305 5
354 3242 431 3332 ¹9⁸·
462 3269 465 3275 ’
703 3270 761 3337 tur,
786 3279 845 3320 non
864 3261 923 3322 iarn
944 3259 1104 3323 ideodeus
1122 3260 1173 3320 illo
1194 3257 1237 3320 uti
1255 3265 1303 3318 te-

114 3339 148 3406 Si
167 3341 321 3420 Christus,
341 3351 375 3406 ut
393 3344 511 3406 divinus
540 3343 662 3409 humani
703 3353 800 3406 netur:
821 3343 908 3405 sicuti
925 3344 1004 3405 enim
1032 3343 1117 3406 nobis
1143 3350 1234 3404 totam
1252 3359 1303 3402 re·

62 3427 179 3505 generis
190 3427 373 3508 redemptor,
392 3428 565 3506 religionem
579 3447 662 3490 suam
703 3421 879 3490 velationem
900 3447 959 3489 non
985 3427 1093 3506 debet,
1122 3427 1165 3490 sic
1198 3425 1304 3488 modus

63 3510 391 3586 instituit,utomnium
406 3514 536 3574 locorum
549 3523 578 3574 et
591 3522 665 3573 tem·
704 3529 823 3594 quaque
851 3511 1061 3575 revelationem
1090 3509 1304 3589 benignissime

66 3611 173 3674 porum
189 3593 324 3656 homines
336 3595 371 3656 ad
385 3597 471 3657 linem
486 3599 584 3672 suurn,
598 3595 619 3658 i.
634 3615 662 3658 e.
705 3597 809 3660 laetam
822 3596 1004 3678 propagandi
1024 3602 1053 3658 et
1068 3592 1260 3657 conservandi
1276 3591 1304 3652 i-

39 3715 40 3720 1
64 3677 99 3740 ad
117 3678 279 3759 perfectam
304 3680 499 3742 moralitatem
519 3689 548 3742 et
567 3689 666 3741 aeter·
706 3679 748 3760 psi
765 3680 927 3760 praescribi
944 3679 1058 3760 nequit,
1074 3675 1127 3742 s'ed
1142 3679 1179 3742 ab
1198 3675 1306 3742 eiusli-

37 3763 39 3848 ζ
64 3761 327 3828 darnielicitatem
347 3764 501 3844 pervenire
528 3765 665 3846 possint,
707 3764 835 3826 berrima
854 3772 884 3826 et
907 3764 1126 3846 sapientissima
1154 3763 1305 3824 voluntate

37 3861 45 3900 ·:
65 3845 229 3908 dummodo
246 3847 491 3930 coelestiaipsius
505 3848 668 3910 documen·
705 3848 864 3932 dependet.
883 3845 942 3909 Nec
962 3849 1050 3911 etiam
1069 3847 1211 3919 medium,
1226 3841 1305 3924 quod

66 3935 95 3990 ta
106 3939 137 3992 et
148 3931 207 3994 lide
217 3935 336 3992 teneant
351 3940 377 3993 et
394 3951 482 4014 opero
497 3941 665 4012 exerceau13
708 3934 855 4003 humanae
870 3931 980 3996 rationi
1002 3933 1128 3994 maxime
1140 3927 1261 4002 arridet,
1275 3923 1306 3986 iu

67 4014 178 4075 summi
196 4015 327 4098 proiecto
343 4016 484 4077 maurenti
497 4025 552 4092 est,
566 4035 666 4094 nosse,
707 4035 739 4078 se
761 4033 880 4096 semper
895 4016 1039 4096 optimum
1057 4023 1112 4088 est,
1132 4031 1198 4074 curu
1218 4025 1307 4088 saepe

32 4146 33 4151 1
68 4097 228 4178 exquibus
244 4098 429 4178 potissimum
445 4101 577 4162 lontibus
596 4120 668 4180 pura
709 4101 783 4164 ratio
803 4100 885 4161 linita
904 4099 1005 4162 omnia
1019 4098 1157 4158 adiuncta
1169 4095 1309 4158 ritecou-

69 4199 101 4243 ae
110 4182 244 4260 genuina
258 4183 437 4248 christianae
455 4184 607 4268 religionis
618 4185 671 4246 do·
709 4185 840 4248 siderare
855 4192 883 4245 et
896 4183 1063 4264 perspicere
1075 4198 1134 4242 uon
1147 4180 1255 4243 valeat.
1268 4175 1309 4244 Et

96 4287 130 4348 (t)
142 4287 323 4337 V.lo.Schwelz
333 4289 414 4337 Theol.
424 4303 477 4350 gen.
493 4304 517 4352 p.
532 4289 568 4352 tlt,
581 4303 632 4360 cap.
645 4291 669 4337 V.
741 4291 771 4351 (2)
783 4287 849 4336 Toni.
866 4289 893 4348 ll,
908 4285 929 4348 fl.
942 4283 1050 4332 too-tm.
