2928 4734
452 209 525 254 runs
546 209 578 254 n.
603 207 705 254 sacrro
725 208 758 252 u.
782 207 875 253 cnrur
896 207 938 253 iv.
1214 189 1272 252 nat

54 273 105 347 'et
120 285 212 366 longe
224 284 356 364 dissitos,
374 286 424 368 qni
439 287 536 369 ipsum
552 305 609 350 neo
621 305 677 348 au·
717 303 786 364 gere
805 293 913 367 potest,
927 285 997 367 quia
1009 293 1116 351 natura
1127 285 1208 348 iuxta
1222 285 1317 364 legem

77 369 149 445 dire,
171 389 234 432 nco,
247 371 347 433 ridere
366 379 519 452 poteraut,
541 370 676 446 sanavit,
717 369 922 432 continuitatis
938 371 1045 432 saltum
1065 371 1169 432 nescit.
1194 407 1232 418 -
1247 371 1316 434 lne-

77 453 436 517 ntservumCenturionis
449 457 508 536 (l),
525 455 618 517 lilium
632 471 678 516 re·
717 461 766 534 pte
784 453 874 516 etiarn
896 453 1033 515 nonnulli
1057 462 1204 532 asserunt,
1228 454 1316 518 Chri-

73 539 130 614 guli
155 539 206 620 (Ξ)
230 547 261 600 et
286 538 377 600 liliam
401 539 536 600 mulieris
563 539 676 600 chana·
716 546 795 599 stom
812 537 842 598 in
855 536 985 618 Aegypto
1004 555 1127 599 arcanas
1139 547 1218 600 artes
1235 539 1316 600 didi-

74 635 165 683 naeae
178 621 241 703 (3);
263 641 409 702 quaenam
437 631 535 684 antero
557 640 610 704 pro
630 631 676 683 ta·
716 623 803 700 cisse,
820 629 850 682 et
868 639 921 702 per
936 621 989 682 has
1002 630 1044 682 tot
1055 622 1216 700 stupendas
1227 641 1317 685 cura·

71 702 141 765 lium
162 707 409 783 gravissimorum
426 705 599 769 morborum
620 725 675 768 cu·
715 706 812 767 tiones
830 705 998 786 perfecisse.
1012 703 1085 766 Nam
1098 705 1314 787 Christuspau·

70 787 188 850 ratione
208 798 417 853 momentanea
431 809 520 852 carrea
532 791 676 852 naturalis
715 789 757 850 cis
779 789 922 851 infantiae
944 789 1031 850 annis
1049 789 1080 849 in
1099 789 1227 871 Aegypto
1246 807 1315 851 ver-

69 873 231 950 encogitari
255 882 363 955 potest,
382 875 411 936 in
432 893 491 956 qua
509 875 607 936 omnis
625 873 674 935 in·
715 881 797 934 satus
817 882 873 950 est,
898 872 967 954 quia
983 893 1036 934 ceu
1056 890 1130 954 puer
1147 873 1315 936 duodennis

70 955 165 1018 durus
184 967 250 1018 tum
280 958 440 1038 physicus,
460 967 522 1019 tum
554 958 675 1018 moralis
714 957 772 1018 iam
786 956 957 1018 aNazareth
974 957 1206 1036 Hierosolymam
1220 957 1311 1020 venit.

71 1039 269 1120 impossibilis
287 1043 359 1104 fuit‘l
379 1043 460 1123 -c)
472 1041 606 1104 Christus
619 1041 673 1104 de·
713 1040 787 1102 Etsi
806 1040 938 1102 Christus
957 1040 987 1102 in
1007 1041 1136 1123 Aegypto
1149 1042 1223 1103 tales
1236 1050 1314 1104 artes

71 1123 159 1203 nique
178 1126 271 1206 etiam
292 1127 365 1188 tales
384 1127 570 1188 intirmorum
589 1143 674 1187 cura·
713 1125 835 1200 didicit,
856 1143 909 1186 cur
926 1124 970 1186 illi
993 1125 1059 1186 illas
1079 1145 1138 1186 non
1157 1125 1288 1188 didicere
1301 1174 1327 1202 ,i

39 1237 41 1244 ·
71 1207 164 1270 tiones
188 1210 324 1290 peregit,
345 1229 471 1291 quarum
490 1210 597 1272 veritas
620 1229 675 1289 per
713 1209 764 1289 qui
783 1208 812 1269 in
831 1209 930 1269 adulta
943 1217 1039 1270 aetate
1051 1210 1163 1271 diutius
1177 1209 1218 1270 ibi
1233 1229 1314 1271 com-

70 1290 298 1371 inquisitionem
317 1295 464 1355 sorensem
480 1340 488 1370 ,
507 1293 545 1354 ab
571 1293 672 1354 insen·
713 1294 819 1354 morati
838 1293 928 1354 suut?
945 1327 987 1338 ·-
1009 1291 1133 1355 Domum
1159 1312 1206 1353 ars
1231 1295 1312 1356 nulle

68 1374 198 1438 sissimis
211 1377 388 1440 aduersariis
399 1378 578 1454 institutam,
592 1387 673 1439 extra
712 1377 807 1456 ipsam
824 1385 959 1438 naturam
972 1395 1115 1457 superare
1124 1385 1231 1457 potest,
1244 1397 1311 1440 cum

68 1477 156 1522 omne
176 1461 304 1522 dubium
320 1462 416 1542 posita
434 1462 501 1523 fuit:
526 1461 557 1522 id
573 1462 672 1524 conti·
713 1461 806 1542 ipsius
824 1460 936 1521 viribus
955 1461 1130 1542 legibusque
1154 1461 1309 1527 innitatur.

67 1542 108 1618 git
124 1545 208 1606 circa
222 1545 393 1624 languidum
406 1546 440 1607 ad
457 1545 670 1627 piscinampt),
711 1579 753 1591 —
772 1545 894 1606 Prorsus
913 1545 1058 1606 absonum
1074 1565 1192 1627 quoque
1207 1555 1252 1610 est
1269 1547 1313 1608 di·

67 1627 146 1688 circa
165 1629 320 1691 hominem
334 1630 491 1692 habentem
509 1649 628 1690 titanum
642 1648 672 1691 a·
712 1647 791 1702 cere,
817 1647 869 1710 per
887 1629 982 1694 rivam
1000 1630 1087 1690 fidem
1100 1631 1130 1690 in
1147 1630 1246 1692 animo
1259 1649 1312 1692 ex·

67 1711 179 1787 ridam,
202 1721 231 1774 et
255 1713 286 1774 in
311 1723 471 1795 conspectu
487 1714 671 1775 adversario·
711 1713 831 1774 citatam
861 1713 1065 1792 perturbatum
1097 1733 1254 1776 nervorum
1283 1724 1312 1776 et

67 1813 133 1856 rum
154 1796 240 1857 illam
261 1815 295 1858 ex
313 1807 471 1879 praecepto
495 1797 600 1861 Christi
619 1816 671 1858 ex·
713 1796 1163 1876 membrorumorganismumin
1176 1799 1310 1860 ordinem

66 1879 245 1942 tendentem
271 1882 341 1962 (5),
358 1890 387 1944 et
405 1882 569 1963 praecipue
594 1882 672 1942 circa
711 1881 816 1959 redigi,
833 1888 861 1941 et
880 1881 922 1942 sic
942 1900 1062 1958 aegrum
1086 1883 1185 1944 sanari
1203 1902 1309 1963 posse:

65 1982 194 2025 caecum
207 1984 224 2025 a
239 1967 402 2042 nativitate,
416 1985 503 2046 quem
514 1973 672 2027 curaturus
712 1965 893 2045 experientia
912 1966 991 2026 enim
1006 1965 1153 2027 contraria
1164 1975 1219 2042 est,
1234 1985 1311 2047 quae

65 2045 204 2110 Christus
222 2051 325 2129 crepuit
352 2050 386 2112 iu
413 2059 542 2126 terrum,
559 2059 586 2112 et
603 2050 673 2130 fecit
713 2050 855 2126 ostendit,
875 2049 1005 2110 medicos
1029 2051 1156 2111 maxima
1179 2051 1310 2112 auctori·
1366 2091 1373 2112 ι

65 2131 165 2194 lutum
180 2151 220 2196 ea
235 2141 330 2213 aptato,
349 2142 376 2196 et
393 2134 492 2197 iioioit
507 2135 603 2197 lotham
618 2152 670 2196 su·
712 2141 770 2195 tate
790 2142 819 2195 et
834 2134 1004 2214 eloquentia
1022 2135 1166 2214 pollentes
1181 2135 1233 2196 tali
1249 2154 1311 2195 mo·

63 2233 118 2295 pcc
134 2218 239 2279 oculos
251 2219 326 2294 eius,
343 2219 458 2280 etdicit
471 2220 510 2281 ei:
527 2219 615 2289 Vudc,
629 2218 672 2281 lu·
712 2218 748 2278 do
771 2218 898 2296 graviter
919 2219 1052 2279 intumos
1077 2237 1183 2280 curare
1209 2220 1309 2280 nulla-

65 2317 101 2362 oo
114 2301 151 2362 in
170 2303 325 2364 natatorio
339 2303 434 2366 Siloa:
454 2303 527 2366 odiit
548 2319 628 2382 crgo,
644 2313 671 2366 ct
711 2309 798 2363 tenus
816 2319 912 2382 posse.
927 2301 1074 2365 Christum
1090 2322 1147 2364 non
1161 2303 1309 2366 talimodo

64 2384 148 2461 lavit,
170 2393 199 2448 et
219 2386 298 2448 uenit
310 2387 412 2450 videns
424 2387 482 2468 (6).
503 2387 669 2448 lnaudltam
710 2387 880 2448 sanationes
898 2387 1200 2467 perfecisse,apparet
1212 2406 1246 2449 ex
1260 2407 1307 2466 eo,

65 2467 144 2530 banc
159 2470 346 2532 curationem
362 2471 544 2549 sagacissimi
563 2471 670 2531 Phari·
710 2470 779 2550 quia
798 2471 886 2532 etiam
914 2470 1053 2532 absentes
1077 2473 1207 2547 curavit3
1226 2481 1256 2534 et
1277 2473 1308 2534 in

65 2553 128 2615 saei
155 2561 225 2635 post
243 2554 423 2616 laboriosam
450 2555 669 2634 indagationem
710 2553 915 2634 praesentibus
933 2574 1072 2636 quoque,
1088 2555 1145 2617 nisi
1165 2556 1223 2617 iarn
1243 2565 1309 2618 stu-

65 2655 177 2714 negare
192 2657 264 2703 ¹non
283 2646 436 2718 poterant,
456 2640 569 2720 etquis
588 2639 668 2701 illam
710 2639 806 2718 penda
825 2637 967 2699 miracula
986 2641 1227 2719 praecessissent,
1245 2640 1310 2701 viva

65 2721 248 2782 naturaliter
258 2723 304 2783 rel
322 2723 396 2798 luto,
410 2723 488 2803 quod
500 2725 600 2785 oculos
612 2724 668 2785 ob·
709 2729 738 2782 et
756 2722 841 2782 firma
852 2722 924 2784 fides
937 2724 1062 2784 excitata
1073 2741 1133 2784 non
1149 2724 1310 2784 luisset.—

64 2803 185 2866 fuscare
196 2805 366 2881 debuit,vel
378 2807 482 2868 lotioni
493 2826 547 2889 per
561 2826 667 2889 aquam
708 2800 867 2886 Perperam
888 2807 1005 2868 tandem
1026 2807 1176 2867 miraculis
1199 2805 1309 2869 Christi

64 2896 206 2968 peractae
222 2889 387 2952 adscribet‘.l
400 2891 473 2954 Cum
491 2892 522 2952 in
538 2892 633 2952 caecis
652 2911 669 2953 a
709 2897 901 2970 opponuntur
917 2908 964 2968 ea,
978 2909 1054 2972 quae
1072 2908 1125 2970 per
1146 2891 1308 2968 magnetis-

64 2973 223 3035 nativitate
237 2975 404 3036 essentialis
417 2975 593 3038 delectus-iu
610 2994 668 3056 pu·
710 2992 790 3036 mum
821 2974 980 3043 animalem
1003 2982 1121 3054 peracta
1143 2973 1233 3035 luisse
1259 2974 1308 3035 di·

66 3057 137 3136 pilla
156 3056 239 3118 oculi
256 3058 359 3120 adesse
376 3059 487 3134 soleat,
504 3060 667 3121 eorundem
709 3068 827 3120 cuntur.
837 3057 894 3119 Per
906 3058 983 3119 ltunc
996 3058 1075 3119 onim
1088 3058 1183 3119 caecis
1197 3058 1306 3134 visum,

65 3142 195 3218 curatio,
209 3159 286 3222 quae
304 3161 397 3204 novae
414 3145 545 3225 pupillae
561 3144 670 3224 produ·
708 3143 806 3203 surdis
827 3142 982 3217 auditum,
1008 3141 1098 3202 mutis
1131 3143 1306 3222 loquelam,

64 3225 196 3287 ctionem
213 3226 350 3306 requirit,
366 3228 472 3290 mediis
483 3229 668 3290 naturalibus
708 3227 877 3304 gravitaret
893 3227 943 3289 diu
960 3225 1209 3287 decumbentibus
1226 3226 1308 3288 illico

64 3309 168 3388 perlici
186 3309 265 3370 haud
287 3319 394 3391 potest.
708 3310 872 3390 perlectam
889 3318 918 3370 ot
936 3317 1120 3370 constantem
1149 3310 1306 3373 sanitatem

103 3395 197 3458 Nota.
217 3391 326 3455 Verum
345 3394 467 3457 omuino
486 3403 543 3472 est,
563 3411 667 3475 aegros
708 3394 850 3455 tributam
876 3393 978 3468 luisse,
1005 3393 1089 3454 nullo
1113 3396 1247 3476 exemplo
1272 3416 1309 3458 o-

63 3477 157 3538 etiam
177 3478 356 3540 naturaliter
375 3479 475 3540 sanari
493 3499 590 3560 posse,
616 3479 668 3541 sed
708 3477 805 3538 stendi
828 3486 935 3558 potest.
961 3477 1093 3539 Plurima
1122 3497 1194 3541 sane
1224 3499 1308 3541 com-

62 3561 150 3622 adid
171 3561 384 3640 perficiendum
401 3563 626 3626 medicamentis
639 3571 668 3626 et
708 3561 844 3622 mentitia
866 3569 946 3638 sunt,
967 3580 1043 3642 quae
1061 3561 1097 3623 de
1121 3564 1309 3642 magnetismi

65 3643 198 3722 longiori
218 3652 350 3726 tempore
368 3665 443 3728 opus
465 3655 526 3709 est:
546 3667 615 3710 uera
632 3667 666 3710 e-
707 3645 816 3708 virtute
828 3653 858 3706 et
880 3645 1036 3708 effectibus
1060 3645 1306 3728 iactitantur(l)·.

63 3727 126 3788 nim
150 3735 181 3790 et
198 3728 295 3806 grauis
313 3729 470 3792 infirmitas
488 3731 576 3793 unica
595 3751 667 3814 pro·
707 3727 790 3800 Quae
799 3738 898 3792 autem
912 3730 1087 3792 naturaliter
1097 3731 1237 3812 explicari
1248 3749 1308 3791 non

64 3809 125 3873 lata
142 3830 229 3886 voce,
253 3821 304 3874 aut
320 3815 453 3896 simplici
468 3823 548 3876 tacto
567 3816 666 3878 sanari
707 3820 844 3894 possunt,
867 3813 1007 3876 daemoni
1029 3823 1110 3876 recte
1128 3812 1308 3876 adscribun-

65 3895 191 3975 nequit,
212 3896 291 3976 quod
309 3896 340 3958 in
361 3899 496 3960 confesso
526 3909 571 3962 est
588 3900 665 3982 apud
708 3906 766 3972 tur,
780 3897 866 3959 cuius
879 3898 1014 3979 operatio
1029 3907 1092 3961 tum
1108 3917 1142 3960 ex
1161 3914 1309 3958 consensu

65 3995 182 4054 omues,
203 3997 301 4061 neque
317 3983 474 4062 repentina
497 3984 595 4062 gravis
612 4003 665 4046 ae·
706 3981 866 4043 uoluntatis
902 3982 1073 4063 requisito,
1107 3989 1169 4042 tum
1197 3998 1232 4040 er
1257 3979 1307 4040 in·-

64 4061 224 4138 gritudinis
234 4065 350 4128 sanatio
360 4067 535 4130 naturaliter
545 4070 665 4131 contin·
707 4065 839 4128 honestis
858 4065 974 4128 actibus
997 4074 1026 4128 et
1045 4063 1223 4140 effectibus,
1244 4069 1307 4125 tum

94 4159 125 4220 (Ι)
135 4162 216 4208 nattn.
225 4163 246 4222 8,
257 4164 324 4213 bote.
666 4218 668 4225 Ι
737 4157 767 4224 (dl
781 4165 860 4212 uattn.
872 4163 901 4210 42
920 4165 934 4210 9
945 4165 991 4211 elo.

74 4220 289 4278 retroducere.
667 4235 672 4262 r
746 4225 767 4278 et
781 4199 930 4282 raucae.

104 4279 363 4390 qpqqquqqqaaete
543 4375 546 4384 Ι
703 4276 1310 4390 'etqqctnatnotonttuamdeartuatus-‚to
