2910 4732
197 197 236 258 ld
553 216 749 262 mrnonucrro
770 217 800 262 m
821 214 1009 262 rueouoemu

149 291 276 354 eandum
296 293 365 358 erit.
386 291 531 358 veritates
545 295 624 356 enim
638 292 755 356 theolo·
774 295 777 301 ’
793 293 941 374 prosequi,
963 310 997 356 oc
1022 291 1052 354 3:
1078 309 1145 356 cerm
1162 289 1256 354 solido
1280 287 1406 368 pietate,

149 375 231 454 grene
250 396 321 458 prae
339 380 464 440 caeteris
491 386 578 457 aptae
596 387 677 454 sunt,
695 397 754 440 nou
795 395 829 440 oo
845 377 1139 456 mornmiutepritoto
1155 375 1335 452 coitiunpere
1347 374 1408 435 de-

149 460 244 522 solum
270 462 307 522 ad
332 461 515 528 intellectum
541 463 754 539 excolendum,
795 463 849 525 det.

149 543 202 605 sod
222 545 311 608 etiam
324 547 361 607 ad
375 565 428 607 cor
441 547 636 626 animumque
654 565 756 608 emen·
838 546 867 606 l.
887 542 943 615 Qui
964 552 1029 625 post
1047 551 1192 605 maturam
1211 540 1407 602 deliberatio-

151 626 295 705 dandum,
312 631 390 690 etad
407 648 506 691 veram
525 631 664 711 pietatem
685 649 753 710 per·
795 647 863 690 nem
881 629 918 692 ad
936 629 1083 690 excelsum
1102 637 1210 690 statum
1227 623 1406 686 sacerdota-

148 710 329 774 ducendum.
353 712 450 775 Nexus
475 729 577 775 autem
597 714 753 776 veritatum
794 707 1408 790 lemsevocatumcognoscit,sturliotheo·

149 794 378 874 theologicarum
410 815 476 858 cum
503 797 682 874 moralitate,
701 817 754 860 seu
794 796 888 874 logico
908 797 1080 858 incumbere
1104 796 1205 871 dehet,
1226 801 1257 854 ut
1280 793 1406 854 (livinae

149 895 220 940 usus
234 881 381 960 practicus
399 881 568 943 iunioribus
588 881 754 960 theologiae
794 881 980 962 obtemperet
996 880 1152 956 uoluntati,
1170 880 1206 940 ad
1224 876 1406 956 gravissima

148 960 320 1026 Candidatis
340 985 398 1025 non
415 984 533 1046 semper
549 965 644 1046 primo
663 965 754 1026 intui·
794 973 887 1026 status
905 965 951 1026 sui
971 965 1063 1026 l'uturi
1083 982 1206 1026 munera
1223 962 1279 1023 rite
1297 961 1405 1024 adinr-

149 1055 181 1107 ιιι
196 1058 331 1128 apparet,
345 1056 374 1110 et
389 1049 455 1110 ideo
470 1068 486 1108 a
501 1049 646 1126 sagaciori
665 1051 753 1112 theo·
794 1049 901 1128 plenda
920 1068 951 1109 se
970 1048 1110 1109 idoneum
1139 1047 1266 1122 reddat,
1297 1055 1326 1106 et
1354 1046 1405 1106 sit:

88 1153 95 1162 “
149 1129 242 1207 legiae
259 1131 396 1208 Magistro
417 1133 566 1208 indigitari
586 1132 685 1194 debet.
706 1133 755 1194 Li·
793 1131 845 1194 [lei
863 1134 1000 1210 gloriani,
1024 1133 1252 1212 animarumque
1270 1133 1402 1192 salutern

148 1222 193 1276 eet
216 1215 295 1276 enim
321 1216 409 1276 huius
433 1218 599 1296 proximum
623 1219 752 1280 alliciam
795 1235 966 1295 promouere
982 1226 1082 1296 queat.
1102 1214 1204 1286 -Qui
1217 1235 1275 1276 nou
1288 1233 1323 1276 ex
1340 1214 1404 1276 hnc

148 1297 197 1373 sit,
221 1317 319 1360 rerum
350 1299 580 1376 theologicarum
609 1301 665 1362 sibi
698 1303 753 1364 de·
794 1303 852 1362 line
871 1300 976 1362 studiis
990 1300 1082 1362 sacris
1097 1297 1320 1374 insudant,non
1337 1308 1403 1358 tani

148 1383 368 1458 mandaterum,
386 1381 582 1460 cognitionem
600 1385 754 1467 discipulis
795 1383 920 1460 laudari,
935 1403 1021 1464 quam
1035 1383 1404 1464 potiusrcprehendime-

148 1465 210 1528 suis
230 1467 358 1538 tradere,
378 1486 437 1528 non
454 1468 552 1530 minor
570 1468 626 1549 ipsi
641 1470 678 1531 de
692 1489 754 1530 mo·
795 1477 906 1530 rentur.
935 1468 1039 1529 Pulcre
1062 1467 1093 1528 in
1117 1467 1192 1528 hauc
1214 1486 1277 1527 rem
1300 1466 1405 1545 loqui-

148 1549 242 1625 rihus,
257 1559 289 1611 et
303 1552 411 1631 pietate
430 1571 501 1614 cura
515 1571 579 1614 esse
591 1552 691 1626 dehet,
705 1554 753 1614 id·
795 1561 842 1613 tur
859 1569 884 1613 s.
905 1552 1080 1614 Bornordur
1098 1553 1158 1630 (3):
1185 1572 1200 1612 ι
1218 1547 1311 1624 Sunt,
1340 1549 1402 1624 ait,

148 1651 243 1713 eoque
255 1635 457 1718 incorruptam
468 1634 631 1714 Religionis
645 1635 755 1699 doctri·
794 1635 845 1716 qui
864 1637 939 1697 scire
964 1637 1066 1697 nolunt
1083 1655 1118 1696 eo
1138 1637 1196 1696 line
1216 1645 1345 1708 teritum,
1365 1646 1405 1695 ut

148 1735 216 1778 nam
254 1718 366 1798 ultique
388 1720 544 1782 ¹uirtutum
589 1723 754 1802 praeceptis
794 1721 909 1795 sciant,
935 1731 963 1782 et
983 1721 1076 1800 turpis
1100 1718 1256 1781 curiositas
1284 1726 1346 1790 est;
1367 1729 1404 1780 et

148 1801 232 1879 quasi
246 1802 436 1864 condimento
452 1805 633 1883 conspergit,
648 1824 752 1886 parum
794 1813 875 1880 suut,
903 1805 953 1884 qui
981 1804 1056 1865 scire
1075 1805 1193 1876 volunt,
1214 1811 1246 1866 ut
1263 1804 1404 1864 sciantur

148 1894 309 1967 reputauS,
337 1887 363 1948 si
388 1887 491 1948 doctos
509 1889 638 1950 efficeret
661 1889 751 1950 disci·
795 1889 863 1968 ipsi,
880 1898 909 1949 et
924 1888 1018 1969 turpis
1032 1888 1145 1948 vanitas
1163 1898 1218 1962 est;
1238 1895 1307 1948 sunt
1323 1889 1403 1947 itern

149 1968 247 2049 pulos,
264 1970 322 2032 uisi
341 1981 370 2031 et
389 1971 508 2050 probuS,
525 1982 555 2034 et
566 1981 685 2034 sanctos
699 1974 755 2034 du·
794 1973 845 2051 qui
863 1973 938 2034 scire
961 1973 1075 2047 volunt,
1093 1981 1124 2032 ut
1139 1971 1293 2034 scientiam
1309 1989 1401 2030 suam

148 2062 231 2128 geret
256 2055 315 2133 (l).
341 2053 412 2116 Cum
441 2075 547 2136 porro,
572 2056 624 2137 qui
649 2057 753 2117 studiis
794 2056 932 2130 vendant,
952 2066 980 2118 et
1001 2056 1094 2134 turpis
1108 2067 1249 2136 quaestus
1266 2062 1320 2116 est.
1338 2053 1403 2116 Sed

147 2136 319 2214 'theologicis
330 2157 450 2218 operam
465 2148 585 2215 navant,
600 2140 637 2201 ad
651 2160 751 2208 curam
793 2150 862 2200 sunt
881 2159 1020 2220 quoque,
1047 2138 1098 2218 qui
1118 2140 1194 2201 scire
1220 2141 1333 2213 volunt,
1354 2136 1402 2200 'ut

148 2221 314 2282 animarum
334 2223 477 2284 destinari
496 2225 623 2296 soleant,
643 2225 710 2286 ideo
729 2225 755 2286 i·
793 2223 966 2298 aedificent,
987 2234 1016 2284 et
1034 2225 1142 2284 caritas
1164 2233 1226 2298 est3
1254 2233 1283 2284 et
1305 2222 1400 2300 item,

147 2304 207 2386 psis
220 2305 305 2367 ualde
321 2308 484 2386 proficuum
499 2316 648 2384 censetur,
669 2309 753 2370 sive·
792 2307 843 2387 qui
862 2307 937 2368 scire
958 2308 1069 2377 vetum,
1089 2317 1121 2370 ut
1140 2309 1345 2378 aedificentur,
1366 2323 1402 2369 et

148 2387 248 2449 ritates
267 2391 447 2467 theologicas
465 2405 536 2452 non·¹
545 2391 583 2452 ad
601 2391 751 2473 propriam
793 2391 949 2471 prudentia
974 2400 1029 2452 est.
1051 2391 1161 2452 llorum
1181 2393 1312 2453 omnium
1339 2394 1401 2453 soli

147 2471 255 2548 solum,
275 2473 327 2534 sed
353 2483 380 2534 et
399 2475 435 2534 ad
460 2476 586 2536 aliorum
607 2477 752 2536 emenda·
793 2474 889 2536 ultimi
908 2476 967 2558 duo
987 2494 1045 2536 nou
1062 2476 1253 2537 inueniuntur
1272 2495 1299 2534 m
1317 2478 1401 2536 ahu-

148 2555 271 2631 tiouem,
296 2577 330 2618 ac
347 2559 472 2620 salutem
496 2559 645 2640 applicare
665 2560 751 2621 addi·
792 2559 876 2620 sione
895 2560 1050 2635 scientiae,
1071 2559 1181 2639 quippe
1200 2561 1251 2640 qui
1276 2559 1312 2622 ad
1339 2559 1403 2622 hue

147 2649 243 2716 scant,
263 2642 342 2720 quod
361 2643 480 2722 quidem
498 2643 559 2718 het,
576 2644 601 2704 si
621 2643 752 2706 theoriae
793 2643 1399 2720 uoluutintelligere,utheuelucinnt.»*

147 2732 342 2804 pertractatae
361 2744 432 2788 usus
446 2736 506 2788 tum
523 2728 673 2803 asceticos,
689 2736 749 2788 tum
831 2725 935 2798 diluo
955 2727 1074 2788 maioris
1092 2727 1307 2808 amplitudinis,
1329 2747 1391 2804 qra-

146 2817 176 2870 ot
186 2810 348 2888 pastoralis
364 2809 492 2872 breviter
506 2810 675 2874 insinuetur
689 2811 748 2893 (ἓ).
791 2810 940 2891 viorisque
966 2812 1108 2874 inanienti
1127 2811 1257 2873 studium
1278 2811 1392 2873 theoh.

394 2934 424 3006 5·
447 2941 499 2988 ¹8.
789 2896 887 2974 gicum
909 2908 965 2963 est,
984 2915 1019 2956 eo
1043 2895 1182 2957 maiorem
1208 2897 1295 2957 etimu
1321 2897 1396 2958 dolo·

788 2981 919 3059 pontiane
936 2979 1088 3060 exposcit,
1112 2981 1176 3042 siue
1194 2999 1253 3059 qua
1270 2998 1307 3038 ue
1327 2999 1399 3040 ιιιει-

146 3117 148 3120 .
185 3115 188 3120 .
789 3063 867 3126 uirua
880 3064 999 3144 quidem
1013 3062 1337 3144 ingenia‚enperientia
1353 3084 1398 3126 ‘e-

163 3191 166 3207 ,
198 3144 377 3226 disciplinas
402 3147 583 3225 theologicas
614 3148 665 3227 qui
693 3147 748 3210 rite
789 3157 845 3224 ste,
866 3149 902 3210 ad
923 3149 1083 3226 perlectam
1106 3147 1285 3224 Tlreologssae
1312 3149 1398 3207 noti-

143 3227 297 3310 addiscere
309 3232 403 3311 cupit,
415 3250 536 3294 necesse
548 3243 604 3309 est,
617 3241 748 3312 utprae-
791 3233 859 3292 tiam
891 3231 1044 3311 peruenire
1072 3239 1203 3310 possunt.
1233 3230 1394 3308 diligenda

143 3313 223 3374 ditus
241 3315 279 3374 sit
297 3316 429 3394 luponio,
442 3316 575 3378 scientiis
591 3324 672 3394 apto,
691 3317 748 3376 hu·
788 3326 886 3376 autem
908 3316 1098 3394 aprudentiu
1115 3316 1194 3392 regi,
1214 3323 1243 3374 et
1261 3313 1394 3376 ordinari

140 3397 330 3460 manierihus
360 3399 484 3474 litteris,
503 3419 538 3460 ae
556 3399 748 3479 Philosophia
788 3400 887 3474 dehet,
901 3418 978 3479 quae
994 3398 1157 3476 theologico
1169 3398 1266 3460 studio
1277 3398 1392 3483 incuru-

143 3481 273 3558 exculto,
289 3483 494 3558 iudiciumne,
510 3503 569 3565 quo
581 3501 678 3544 reraa
694 3485 748 3544 lal-
788 3482 928 3545 heutihus
947 3492 1106 3562 sequentes
1124 3483 1282 3563 praecipue
1302 3499 1396 3559 regu-

141 3565 184 3626 sis
198 3584 367 3643 secernere,
385 3576 414 3628 at
429 3579 625 3647 opportunam
642 3585 746 3647 perce·
788 3567 831 3629 las
850 3567 1126 3648 praescrihit-a)
1145 3565 1324 3647 Praeprimis
1339 3584 1395 3627 re-

142 3657 261 3729 ptarum
281 3652 437 3720 veritatum
456 3651 686 3732 applicationem
706 3651 748 3710 la·
787 3660 851 3711 ctus
875 3651 1040 3712 studiorum
1060 3651 1133 3711 ordo
1153 3650 1315 3712 servandus
1333 3659 1391 3713 est.

143 3750 210 3795 rere
228 3743 335 3814 queat,
354 3754 389 3796 ac
406 3735 525 3798 demum
548 3736 691 3798 ntetnorio
709 3737 747 3796 d·
786 3733 845 3796 Nec
865 3735 966 3794 omnia
984 3735 1072 3794 simul
1091 3733 1148 3794 sibi
1164 3735 1303 3795 discenda
1320 3752 1393 3812 pro-

141 3818 223 3894 deli,
244 3837 321 3898 quae
345 3819 483 3890 veritates
506 3820 608 3881 saltem
630 3819 747 3898 praeci·
788 3826 900 3905 ponant
918 3817 1080 3889 candidati,
1100 3835 1156 3878 uec
1169 3817 1205 3878 ad
1219 3836 1310 3878 unum
1328 3826 1394 3877 tan·

143 3921 229 3984 puas,
250 3903 401 3984 magisque
420 3904 602 3965 necessarias
620 3904 747 3964 retinere
787 3908 848 3962 tum
868 3911 995 3962 mentem
1016 3901 1204 3962 continenter
1227 3901 1389 3981 applicent3

143 3989 249 4066 possit.
269 3987 412 4049 -llisce
438 3987 557 4048 ‹lotihus
585 3987 748 4047 instructus
787 3985 880 4046 nimia
902 4003 1002 4044 rerum
1028 3985 1216 4046 multitudine
1237 4004 1319 4045 inens
1338 3985 1394 4045 oh-

143 4070 310 4148 theologiae
320 4070 500 4136 Curididatus
512 4070 642 4142 studium
664 4070 748 4130 theo·
786 4069 894 4140 ruitur,
919 4069 971 4128 uni
990 4077 1087 4130 autem
1114 4068 1240 4145 longiori
1259 4079 1393 4147 temporo

119 4181 125 4205 ι
143 4153 272 4232 logicum
303 4158 332 4219 l:
357 4174 395 4220 ooo
411 4163 491 4218 recto
510 4154 674 4216 declaratione
691 4171 746 4233 op·
787 4155 872 4216 alllxa
891 4151 1022 4214 hebescit
1036 4152 1146 4234 potius,
1161 4154 1390 4233 quamocuitur.

142 4241 239 4320 predi,
269 4240 300 4302 h:
327 4258 392 4304 corn
415 4237 559 4318 prodenti
593 4238 748 4318 dilipentiu
817 4285 850 4340 (2,
865 4285 890 4332 ν.
906 4285 1035 4332 noumuver
1049 4283 1068 4328 ,P
1091 4285 1114 4331 4·
1129 4283 1149 4344 ἢ,
1163 4285 1192 4330 59
1205 4286 1228 4330 e,
1244 4295 1294 4340 ,ρῳ

165 4343 205 4416 ιιι)
221 4345 246 4394 r.
260 4347 415 4394 menstruam
432 4344 458 4390 r.
472 4343 494 4388 t.
510 4342 530 4404 a.
547 4345 568 4390 a
819 4346 851 4404 t⁵l
868 4346 939 4392 serm.
954 4348 983 4392 so
995 4331 1020 4390 iu
1034 4346 1109 4406 aaut„

147 3041 152 3048 '
223 3041 251 3088 11.
267 3040 346 3088 officia
360 3041 501 3090 discentium
515 3044 677 3103 Theologlam.
