2962 4736
174 189 236 254 5⁰8
574 203 760 253 memores
779 204 943 255 euentus

370 293 401 365 ι
425 293 502 350 m·
777 303 849 349 mur
866 287 922 349 Dei
948 289 1125 370 cupientium
1152 290 1187 354 in
1215 289 1379 374 mpsterio,

776 371 1381 540 truncttctutnlrlc

176 535 208 604 Si
233 538 299 602 iare
316 537 426 602 rationi
445 537 669 615 conceduntur,
696 536 737 600 li·
773 539 945 620 principum
972 541 1062 604 luins
1086 503 1196 607 sucin
1221 545 1380 625 copraocit:
1407 621 1408 628 ἵ

135 622 223 686 mites
251 642 372 705 quoque
391 621 448 703 ipsi
476 622 680 704 praescribere
700 641 737 684 o·
776 623 886 704 quibas
900 623 1010 702 verbis,
1028 639 1061 688 ut
1078 645 1114 688 ex
1131 635 1269 691 contextu
1285 647 1378 709 appe·

134 713 244 790 portet.
263 707 371 770 Ecmnt
389 705 483 783 enim,
502 716 533 768 et
562 705 735 784 grauimime
775 715 833 782 ret,
851 705 962 770 Paulus
976 727 1095 772 causam
1113 710 1379 794 assignaturque

134 791 470 867 emutilationelistec,
488 789 540 871 qui
557 789 739 854 reticuisiu·
775 789 876 854 Iudaei
896 791 1088 872 Evangelium
1109 813 1169 856 nou
1184 805 1375 876 receperunt,

133 877 308 938 caninium
337 875 541 956 amplificant,
572 881 602 936 et
619 873 734 952 dicuat,
775 883 805 937 et
834 873 993 939 Dominum
1013 877 1126 956 gloriae
1152 881 1376 956 crucifixerunt,

134 961 213 1042 quod
239 959 316 1022 retio
347 959 471 1033 omnic,
498 975 576 1040 queo
604 959 735 1021 revelate
775 977 853 1040 quoe
870 979 929 1022 noa
954 960 1012 1022 elic
1036 961 1161 1041 intelligi
1189 971 1297 1044 potest,
1316 964 1378 1026 uisi

134 1052 215 1120 suut,
238 1044 393 1122 indagare,
409 1042 511 1104 omnia
537 1041 735 1124 comprehen·
775 1045 846 1126 quia
861 1043 967 1106 humili
979 1045 1037 1108 sule
1054 1059 1189 1108 carentes
1211 1047 1378 1128 omniaper

133 1129 217 1204 dere,
238 1127 339 1190 omnia
356 1145 374 1190 e
394 1127 457 1189 suis
483 1124 637 1207 principiis
655 1127 735 1188 erol-
774 1127 934 1210 superbam
949 1129 1095 1191 racionem
1124 1147 1208 1193 suam
1233 1130 1376 1210 indagare

132 1229 214 1358 tt?
229 1209 506 1359 tttttltlttt
521 1209 735 1358 iiiiii?
774 1212 1413 1378 titt“iltltltnt'tltttt1

134 1380 210 1442 tioai
229 1398 289 1444 non
308 1377 488 1456 subiicitur,
509 1377 669 1441 scdhuius
689 1378 736 1440 iu·
774 1381 827 1442 sed
846 1397 882 1442 ex
901 1380 1073 1462 operatione
1090 1378 1217 1462 Spiritus
1235 1380 1267 1446 S.
1288 1345 1375 1462 repeZ

134 1464 190 1526 dex
207 1463 357 1526 statuitur.
374 1461 476 1525 'selem
495 1471 595 1526 eutem
611 1471 734 1524 seuten-
776 1463 810 1526 tit
825 1463 884 1546 (i).
908 1463 1045 1546 Denique
1062 1483 1129 1526 cum
1146 1465 1183 1528 de
1210 1467 1300 1527 uariis
1317 1465 1373 1529 Dei

134 1549 206 1612 tiam
226 1548 308 1612 nullo
327 1546 416 1608 modo
432 1546 550 1610 admitti
565 1564 664 1628 posse,
683 1564 735 1628 ep·
774 1547 905 1625 iudiciis,
930 1565 984 1611 seu
1007 1549 1146 1623 decretis,
1177 1569 1254 1631 quae
1283 1551 1372 1613 nabis

134 1640 218 1714 paret
232 1651 267 1695 ex
279 1631 432 1695 doctrinae
446 1625 734 1696 ctituionmmttt·
774 1631 920 1714 patefacte
937 1641 1008 1695 sunt
1035 1651 1089 1714 per
1109 1631 1270 1710 Christum,
1289 1635 1374 1696 locu·

132 1717 246 1792 rrtilete,
265 1735 301 1778 ex
318 1716 372 1780 88.
403 1715 532 1779 Petrum
561 1715 681 1796 effatis,
704 1723 735 1776 et
775 1726 821 1778 tus
836 1727 927 1793 esset,
945 1717 1107 1780 exclamat:
1135 1717 1160 1781 0
1182 1718 1309 1782 altitudo
1321 1720 1371 1781 di-

133 1819 168 1864 er
186 1801 315 1863 rationic
331 1801 478 1863 damonae
490 1798 698 1863 tutenttuun.
773 1801 917 1864 citiarum
935 1802 1099 1882 supientiae
1114 1810 1141 1864 et
1153 1803 1294 1865 scientiae
1303 1803 1371 1865 ileit

176 1885 207 1946 l.
227 1883 359 1948 Christus
378 1884 456 1946 houd
476 1883 603 1945 obscure
621 1881 734 1960 indigi·
774 1901 862 1964 pnam
877 1883 1184 1965 incomprehensibilia
1201 1895 1271 1948 sant
1285 1886 1373 1950 indi-

133 1970 217 2045 terit,
234 1967 442 2031 seductrincm
455 1968 541 2030 telem
555 1985 733 2048 proponere,
773 1970 900 2046 nouus,
909 1978 936 2032 et
943 1969 1229 2050 inoestipodilecoiae
1237 1971 1370 2051 einc(5)l

133 2069 211 2134 quae
221 2071 282 2114 uon
292 2070 346 2133 per
355 2052 513 2134 superbene
526 2050 672 2114 rationem
688 2050 735 2112 in·
774 2072 843 2132 erpo
860 2053 982 2130 iudicia,
1014 2071 1067 2115 seu
1095 2053 1216 2116 decreta
1246 2053 1312 2130 Dei,
1340 2064 1373 2116 et

134 2137 290 2220 opicerda,
302 2135 354 2198 scd
367 2155 420 2218 pec
430 2133 573 2200 humilem
583 2133 671 2197 fidem
684 2153 734 2196 su·
772 2137 850 2216 riae,
873 2155 927 2200 seu
946 2136 1079 2209 notiones
1096 2137 1181 2212 eius,
1197 2138 1268 2200 iicet
1283 2137 1372 2200 nobis

133 2220 286 2368 titii*
300 2220 423 2367 itt*
438 2219 733 2367 illldltii'l
772 2219 1201 2384 ittitttttd'titttt
1220 2221 1371 2387 titt?

666 2347 674 2378 ,
1354 2339 1369 2354 .

134 2397 242 2462 terrae,
263 2349 334 2468 luia
350 2350 528 2452 atsmnatsn·
550 2388 621 2450 llaec
642 2403 730 2449 ata·
771 2399 852 2452 sunt.
887 2387 1173 2454 christinianum
1205 2389 1299 2468 igitur
1322 2400 1370 2452 tu-

133 2473 293 2554 picnlidns,
312 2480 338 2534 et
355 2470 734 2552 penultimarum
771 2473 811 2536 liu
828 2474 1080 2555 continendum
1103 2473 1229 2536 rationis
1250 2484 1369 2554 captum

132 2559 172 2620 eti
185 2575 221 2620 cc
231 2556 380 2637 perculit:
407 2555 540 2636 loquitur
555 2555 604 2616 hic
626 2555 663 2616 de
675 2554 731 2616 do·
771 2558 1041 2637 trnnegrediuntur:
1061 2557 1089 2620 si
1111 2575 1182 2624 vero
1198 2558 1304 2619 horum
1324 2577 1370 2620 ca·

133 2641 238 2704 ctrinis
256 2640 483 2716 insereremus,
500 2657 577 2720 quae
594 2637 732 2701 illisebs·
771 2643 812 2704 tio
827 2641 968 2705 statuitur
990 2641 1091 2720 iudex,
1109 2640 1190 2704 idern
1215 2651 1274 2717 est,
1292 2661 1327 2703 uc
1344 2643 1372 2703 si

133 2725 270 2788 conditae
292 2733 431 2802 tnenent,
454 2723 506 2805 qui
532 2722 731 2804 Piriiosopirc·
771 2743 859 2788 coeco
877 2726 914 2788 de
928 2725 1091 2802 coloribus,
1104 2733 1133 2788 et
1148 2725 1238 2786 surdo
1253 2727 1290 2788 de
1308 2745 1373 2787 mu·

133 2829 200 2872 rum
219 2827 303 2872 more
328 2810 429 2872 omuie
448 2827 501 2889 pcc
515 2807 664 2888 propriam
684 2825 732 2868 ra·
770 2811 832 2872 sica
848 2809 992 2874 iudicium
1004 2811 1219 2883 committatur,
1242 2828 1368 2891 quorum

134 2894 245 2956 tionem
272 2893 414 2971 indagare
432 2902 461 2954 et
483 2893 648 2954 diiudicare
665 2900 730 2952 stu-
769 2901 897 2976 uterque
919 2893 1042 2956 nonnisi
1066 2913 1101 2956 ex
1128 2894 1255 2955 aliorum
1283 2893 1371 2957 testi·

133 2977 216 3054 deut,
236 2977 296 3038 illis
313 2985 411 3040 numm
431 2984 568 3057 prosunt,
587 2975 648 3056 qui
664 2989 732 3055 pcr-
771 2979 880 3041 moniis
896 2979 984 3041 iidem
1002 2979 1159 3059 concipere
1176 2984 1284 3058 potest.

134 3063 268 3124 culorum
280 3059 733 3138 moreeuctoritetitidcmpree·
813 3061 845 3124 2.
864 3060 917 3126 88.
944 3061 1047 3125 Patres
1077 3062 1186 3144 passim
1209 3069 1368 3137 testantur,
1467 3117 1468 3136 ,

133 3143 206 3208 bont
219 3144 310 3208 etism
331 3144 430 3220 iniis,
449 3163 526 3224 quoe
545 3159 604 3206 non
621 3142 732 3204 intelli·
772 3146 802 3209 iu
821 3145 976 3225 Religionis
985 3145 1151 3210 Christiana
1163 3145 1233 3206 talia
1250 3145 1371 3224 dogma·
1467 3185 1468 3229 ,

132 3238 217 3307 gunt.
235 3259 277 3276 -
293 3228 405 3292 Eodem
423 3227 514 3290 modo
528 3226 639 3290 Paulus
654 3227 732 3288 claro
773 3240 802 3293 tc
813 3229 953 3307 inveniri,
973 3249 1051 3312 quae
1069 3249 1122 3313 per
1138 3230 1285 3292 rationem
1311 3231 1371 3291 hu-

133 3311 249 3389 asserit,
277 3312 349 3374 tolia
370 3311 401 3373 in
424 3310 559 3374 doctrine
581 3309 732 3374 cCltristo
773 3333 892 3378 monem
918 3314 1134 3395 comprehendi
1152 3333 1212 3376 nou
1231 3323 1368 3396 possunt,

133 3395 264 3458 revelate
281 3395 441 3471 contineri,
453 3413 530 3477 quae
543 3394 667 3458 rationis
686 3413 734 3456 ca·
773 3408 803 3460 et
819 3399 887 3462 ideo
899 3398 1006 3460 humili
1017 3399 1076 3461 fide
1086 3398 1277 3480 suscipienda
1287 3408 1368 3459 sunt.

133 3488 217 3562 ptum
235 3487 388 3558 superant.
415 3479 465 3541 Ait
489 3479 569 3541 enim
590 3479 654 3559 (i):
678 3479 733 3542 Est
772 3481 820 3545 Sic
835 3483 867 3548 8.
884 3483 1017 3546 Basilice
1033 3483 1084 3563 ’(6)
1103 3483 1160 3545 ait:
1184 3479 1245 3543 (Si
1264 3490 1371 3544 cuncto

133 3573 232 3628 cutem
245 3564 317 3644 fides
330 3565 549 3642 spurcitiarum
568 3563 735 3626 cantantia
773 3567 969 3646 intelligentie
986 3576 1088 3629 nostro
1115 3583 1289 3628 mensurare
1318 3583 1371 3627 va·

133 3665 247 3725 rorum,
274 3656 484 3727 arpmuentum
506 3663 567 3710 nan
584 3663 733 3727 apparent·
773 3651 929 3728 luerimus,
946 3658 976 3712 et
999 3651 1078 3731 quud
1097 3659 1197 3712 mente
1213 3668 1274 3712 nou
1294 3649 1369 3729 cepi·

134 3733 222 3798 tium:
239 3749 310 3811 erpo
324 3731 397 3794 noes
409 3731 480 3792 talia
495 3732 645 3812 proponit,
661 3749 735 3811 quo·
774 3753 852 3811 mue,
873 3734 902 3798 id
926 3734 1001 3796 uiuit
1025 3753 1092 3796 esse
1106 3732 1322 3814 putaverimus
1336 3751 1368 3793 c-

133 3835 199 3878 rum
212 3825 398 3895 argumenta,
412 3833 464 3877 eeu
482 3816 614 3878 rationes
627 3815 735 3878 iatrin·
774 3819 908 3881 mittetur
925 3819 1057 3900 proiectu
1070 3818 1152 3895 fidei,
1171 3818 1328 3879 amittetur
1343 3823 1371 3877 et

135 3919 221 3962 sacae
240 3900 371 3963 humano
393 3895 558 3962 intellectui
588 3917 648 3962 nou
678 3917 734 3979 ep·
773 3903 837 3984 spei
862 3901 1076 3965 remuneratio.
1101 3921 1117 3964 t
1143 3902 1175 3966 S.
1201 3902 1373 3980 Clerpsooto·

135 3991 250 4063 potent.
267 3983 347 4047 Idem
364 3983 411 4063 (3)
429 3983 518 4046 dicit:
549 3982 734 4060 Sapientiam
773 4005 840 4050 ntus
862 3987 910 4068 (l)
928 3986 1038 4067 inquitr
1065 4005 1081 4047 c
1103 3984 1225 4058 Quoties
1243 3984 1324 4047 Deus
1338 4003 1371 4045 a·

134 4083 203 4130 occo
221 4067 386 4130 nmuatm
401 4066 530 4142 soeculi,
558 4067 608 4128 ced
636 4066 733 4144 loom·
773 4070 867 4152 liquid
886 4072 1003 4147 asserit,
1026 4069 1225 4153 quodminus
1246 4067 1372 4130 secutori

191 4279 281 4328 illebr-
295 4282 332 4340 tt,
348 4282 369 4328 t.
803 4287 834 4346 (5)
851 4287 913 4332 Rom.
930 4285 965 4343 tt,
982 4287 1019 4331 et.
1108 4283 1141 4342 (dt
1155 4284 1180 4330 t.
1195 4281 1211 4328 2
1225 4281 1255 4326 ed
1274 4281 1381 4330 Eunoni·
1465 4309 1466 4318 ,

165 4218 197 4394 ἱὲ)
212 4223 291 4269 Mallh.
308 4223 344 4284 ll,
359 4225 396 4272 25.
803 4228 835 4284 (ὃ)
850 4227 909 4274 ibid.
924 4240 946 4273 v.
961 4225 1036 4272 1046.

175 4337 199 4394 ὅ)
214 4339 223 4382 ¹
237 4339 289 4434 ⁸⁶⁰¹·
301 4340 350 4398 λθ
365 4342 410 4388 ⁸1⁶·
678 4359 680 4362 ·
731 4383 733 4387 .
803 4345 836 4404 tit
849 4347 916 4392 iiom.
931 4346 957 4393 tt
971 4346 1001 4392 de
1016 4347 1130 4394 locontur.
1147 4345 1188 4390 ttet
1202 4345 1249 4390 not.
