2910 4732
206 203 249 273 nt
601 206 969 272 maocoorrc'ommncn

163 305 258 382 lenm,
274 304 325 368 sed
344 303 433 370 etiam
450 305 627 388 deprauata,
648 305 782 388 errori-l
799 302 852 376 m,
868 312 1020 385 totamque
1038 301 1221 386 Religionem
1242 301 1411 385 practicam

164 388 279 471 busque
298 391 416 453 referta.
433 389 504 453 Cum
523 409 593 470 ergo
611 391 760 467 notiones,
799 391 881 450 cultu
911 387 1007 470 patrio
1031 387 1183 463 Deorum,
1201 388 1316 450 iustitia
1335 407 1410 470 erga

162 472 253 535 etiam
279 474 405 537 marimo
426 476 542 548 cultae,
562 475 627 536 sine
645 475 760 537 revela·
799 471 890 546 cirea,
907 481 936 533 et
952 471 1148 554 temperantia
1166 491 1235 550 erga
1254 490 1286 534 se
1305 471 1409 554 absol·

164 557 245 619 tione
256 557 293 618 ad
308 566 416 620 rectam
432 557 595 635 Religionis
611 557 760 636 cognitio·
798 553 827 615 ri
847 556 970 638 putarit.
993 589 1031 603 ·-
1045 555 1228 630 Aristoteles,
1247 555 1292 617 uir
1311 557 1410 618 maxi-

164 659 231 703 nem
257 659 315 703 non
341 640 546 723 pervenerint,
566 642 689 704 omnino
711 641 761 702 di·
800 657 866 702 mae
881 639 1055 701 subtilitatis
1068 639 1222 724 bucusque
1239 659 1298 702 nou
1317 659 1409 722 repe-

162 725 288 788 ceudum
308 733 364 799 est,
383 726 527 790 rationem
546 725 603 788 sibi
626 725 758 790 relictam
798 722 850 800 rit,
868 742 885 784 a
903 742 962 806 quo
980 723 1075 786 solide
1092 723 1292 787 vindicaretur
1308 743 1325 785 a
1344 745 1407 806 po-

163 808 387 874 iosofllcientem
408 829 472 872 csse
489 809 527 872 ad
552 809 632 871 illam
659 809 760 872 homi·
799 806 967 886 lytbeismm
980 807 1185 870 aeternitatem
1201 808 1342 870 materiae
1356 829 1407 873 as·

163 891 251 956 nibus
267 893 509 973 comparandam,
529 911 563 954 ac
582 893 705 973 proinde
722 913 759 956 o·
797 890 903 968 seruit,
916 891 1130 971 providentiam
1144 891 1272 954 divinam
1286 893 1323 954 ad
1336 911 1406 958 coe·

162 975 264 1038 mnino
284 977 482 1040 necessariam
507 995 571 1040 esse
592 977 759 1040 institutio·
798 974 883 1036 lestia
902 975 1063 1050 restrinxit,
1082 983 1112 1038 et
1131 969 1405 1040 de‘immoriatna-

162 1079 242 1137 neni,
258 1079 311 1122 seu
329 1059 536 1125 revelationem
556 1059 683 1122 divinam
698 1061 757 1142 (l).
799 1067 827 1119 te
845 1059 962 1122 animae
981 1058 1145 1122 dubitavit:
1167 1060 1196 1120 in
1221 1070 1304 1141 parte
1323 1069 1404 1142 'pra-

202 1143 233 1206 h.
253 1139 284 1206 si
301 1143 401 1205 debita
416 1138 578 1222 Religionis
589 1145 694 1208 notitia
709 1164 761 1226 per
798 1141 874 1204 ctica
892 1142 965 1204 falsa
993 1143 1124 1220 magistri
1149 1143 1195 1206 sui
1214 1153 1325 1206 asserta
1344 1145 1404 1210 de-

161 1227 255 1288 solam
270 1227 416 1290 rationem
435 1226 537 1290 haberi
557 1229 711 1310 potuisset,
726 1229 761 1291 il·
799 1225 910 1301 lendit,
928 1236 957 1288 et
976 1227 1097 1289 virtutes
1115 1246 1174 1290 uon
1192 1238 1251 1291 tam
1272 1231 1404 1293 morales

161 1311 219 1372 lam
247 1320 326 1374 certe
351 1310 551 1374 obtinuissent
570 1313 758 1392 Philosophi,
799 1329 887 1389 quam
908 1310 1007 1390 potios
1022 1310 1157 1391 politicos
1172 1311 1344 1374 insinuarit.
1360 1349 1403 1360 -

162 1394 225 1474 qui,
238 1390 400 1475 perspicaci
416 1394 535 1474 ingenio
547 1397 685 1475 praediti,
699 1417 760 1458 ma·
799 1395 892 1471 Zeno,
913 1394 1031 1457 scholae
1044 1395 1155 1459 stoicae
1164 1404 1277 1472 auctor,
1290 1395 1402 1476 Deum,
1433 1467 1436 1472 ,

161 1478 240 1542 aima
263 1477 414 1555 diligentia
437 1478 574 1544 veritates
597 1479 759 1556 Religionis
800 1478 995 1560 hominesque
1004 1479 1063 1542 lato
1072 1479 1210 1557 subiecit,
1219 1479 1335 1542 virtutis
1346 1501 1403 1543 au-

162 1562 305 1623 naturalis
329 1561 539 1642 inquisierunt.
562 1563 597 1624 nt
615 1565 640 1625 si
659 1563 707 1626 isti
721 1565 761 1625 si·
798 1561 985 1639 steritatem,
1009 1572 1039 1624 et
1063 1564 1227 1640 neglectum
1249 1563 1403 1630 felicitatis

160 1664 193 1710 re
218 1645 298 1708 inter
317 1647 469 1722 Ethoicos,
494 1647 554 1710 sire
572 1647 653 1710 inter
676 1648 762 1711 Chri-
799 1645 1403 1728 praecepit,atquenihitominusborren·

160 1729 274 1794 stiones
297 1729 533 1806 considerentur,
556 1731 642 1794 facile
665 1739 757 1814 patet,
799 1728 868 1790 dum
900 1731 1045 1792 incestum
1071 1729 1183 1793 licitum
1212 1731 1403 1811 declararit,

160 1811 242 1892 ipsos
260 1833 313 1895 per
329 1814 424 1876 solum
444 1814 567 1876 rationis
585 1815 685 1876 lumen
705 1835 760 1878 nec
799 1811 1087 1892 immisericordiam,
1104 1834 1138 1877 ac
1156 1815 1255 1878 illatae
1268 1813 1402 1880 iniuriae

160 1896 241 1974 sibi,
266 1917 321 1960 nec
346 1898 413 1960 aliis
439 1896 569 1960 debitam
597 1897 760 1980 Religionis
797 1895 957 1958 uindictam
989 1898 1226 1969 commendarit,
1246 1908 1278 1960 ut
1306 1901 1404 1964 refert

161 1981 300 2046 notitiam
320 1999 519 2062 comparasse.
799 1977 903 2042 Sextus
921 1981 1035 2061 Empir.
1057 1982 1116 2062 (h).
1147 2017 1188 2028 -
1212 1983 1402 2064 Ppthupur'os

200 2065 232 2145 a)
243 2063 325 2126 blulti
337 2084 409 2126 sane
421 2064 553 2140 fuerunt,
564 2061 614 2146 qui
626 2063 655 2126 in
671 2063 760 2130 Grae·
798 2063 896 2126 sidera
908 2064 1012 2141 coluit,
1025 2051 1230 2128 aeternitatem
1239 2067 1399 2146 materiae,

160 2147 242 2211 ciaet
252 2147 336 2211 Latio
350 2148 760 2229 doctrinafloruerunt,prae-
798 2157 827 2208 et
840 2149 1105 2230 metempsychosin
1124 2151 1332 2233 propugnavit,
1342 2173 1400 2215 oc-

159 2232 296 2313 olaraque
315 2233 425 2313 scripta
434 2231 631 2312 reliquerunt.
653 2229 757 2296 Sede·
798 2234 891 2294 cultas
909 2233 1122 2314 discipulorum
1150 2234 1325 2312 societates,
1344 2237 1402 2299 fini

159 2316 229 2377 tiam
249 2315 368 2382 maximi
398 2316 446 2377 isti
471 2315 526 2378 riri
553 2317 659 2378 multas
675 2315 757 2381 Reli·
797 2313 959 2392 Religionis
979 2317 1055 2378 haud
1074 2319 1285 2382 contrementes
1305 2319 1400 2382 iusti·

159 2400 256 2477 gionis
266 2401 404 2464 veritates
416 2401 600 2478 ignorarunt,
618 2401 691 2463 alias
705 2401 759 2463 du·
798 2398 865 2475 tuit,
879 2419 988 2462 arcana
1000 2401 1158 2477 adornavit,
1172 2411 1201 2464 et
1211 2403 1330 2484 politica
1347 2425 1401 2486 po·

160 2483 289 2548 bitauter
302 2485 397 2546 solum
413 2484 589 2558 docuerunt,
609 2493 638 2546 et
654 2485 683 2545 in
696 2487 759 2565 plu·
799 2483 945 2544 tissimum
966 2486 1089 2546 consilia
1107 2487 1246 2548 ostendit.
1260 2522 1301 2532 -
1314 2489 1399 2570 Pyr·

159 2566 244 2630 ribus
263 2567 412 2648 capitibus
435 2575 496 2628 tum
521 2570 613 2647 partis
637 2569 757 2630 theore-
797 2568 899 2630 rhooo‘o'
923 2569 959 2629 de
990 2567 1128 2630 omnibus
1153 2569 1346 2649 dubitarunt,
1368 2585 1401 2636 et

158 2651 248 2730 tinae,
267 2661 330 2714 tum
345 2652 438 2732 partis
458 2651 615 2732 practicae,
634 2653 759 2732 turpiter
796 2653 958 2730 Epicorroeo'
977 2653 1118 2714 mundum
1143 2673 1176 2716 er
1191 2654 1312 2716 fortuito
1328 2665 1399 2718 ato·

158 2733 756 2811 aberrarunt.SicSocrotcsdocuit‚Reurn
799 2754 912 2796 morum
921 2754 1079 2810 concursu,
1094 2735 1170 2799 Deos
1180 2737 1335 2800 hominum
1352 2737 1401 2802 in·

157 2839 292 2897 nonesse
304 2819 474 2882 distinctum
488 2818 590 2882 abhoc
605 2820 756 2899 universo,
797 2819 897 2881 curios
915 2827 1095 2894 statuerunt,
1115 2830 1144 2882 et
1162 2821 1192 2881 in
1212 2831 1306 2882 morte
1326 2841 1399 2884 orn-

157 2903 195 2966 de
211 2905 329 2970 animae
349 2901 572 2966 immortalitate
592 2902 756 2978 fluctuavit,
798 2903 846 2964 nia
865 2903 942 2966 furiri
963 2913 1112 2984 putavere,
1130 2903 1265 2966 virtutem
1282 2924 1352 2968 vero
1366 2908 1401 2970 in

159 2984 756 3068 nequehumanasuictimasimproborit:
797 2987 938 3050 felicitate
956 2987 1116 3068 prudenter
1133 2989 1273 3050 sectanda
1285 2992 1401 3052 consti-

159 3071 294 3134 doctrina
312 3071 406 3153 ipsius
424 3069 557 3145 moralis,
577 3069 646 3132 licet
665 3073 757 3134 multa
797 3079 927 3132 tuerunt.
948 3073 991 3136 M.
1010 3071 1040 3136 Τ.
1062 3072 1175 3148 Cicero,
1189 3073 1400 3135 maximusin-

158 3157 308 3234 praeclara
327 3154 488 3228 contineat,
508 3161 606 3216 murco
630 3153 756 3217 defecti·
798 3154 1399 3236 terPhilosophusromanos,plurcsDeos

159 3238 213 3300 bus
233 3257 291 3300 noir
312 3247 403 3314 earet3
420 3238 449 3298 in
464 3237 527 3318 ipsa
540 3237 649 3300 etenim
668 3257 756 3318 prae·
797 3237 952 3300 admittere
966 3239 1092 3314 videtur,
1105 3241 1330 3319 praescientiam
1343 3241 1399 3304 Dei

158 3329 276 3402 ceptum
294 3321 331 3382 de
350 3322 431 3382 ttttatt
452 3320 504 3384 bet
516 3331 573 3396 „et
598 3321 756 3386 universali
796 3329 895 3400 negat,
914 3322 1031 3384 anirnae
1043 3323 1296 3386 immortalitatem
1312 3336 1400 3406 optat

159 3404 313 3468 hominum
332 3423 434 3466 amore
448 3405 644 3482 desideratur,
663 3405 755 3468 immo
797 3405 907 3486 potius,
927 3425 1015 3487 quam
1036 3406 1180 3484 agnoscit,
1202 3427 1298 3488 neque
1317 3411 1399 3472 alie-

158 3495 342 3563 contemtus,
371 3496 400 3550 et
435 3489 534 3552 odium
566 3488 755 3552 inimicorum
796 3489 1399 3572 nusvideturametempsychosi3virtu-

158 3571 404 3634 commendatur:
425 3573 557 3634 couniens
581 3572 756 3656 Aesculapio
797 3580 854 3635 tem
873 3573 980 3653 partim
998 3575 1135 3650 stoicam,
1153 3575 1258 3655 partim
1277 3575 1399 3640 civilem

158 3655 269 3732 gallum
282 3655 405 3716 mactari
419 3655 516 3716 iussit.
532 3691 574 3702 -
588 3657 684 3734 Pluto,
696 3659 757 3720 vul·
795 3657 1301 3738 docet,mendacium,etperiurium
1312 3660 1398 3724 hinc·

159 3756 195 3815 go
214 3737 345 3816 divinus,
369 3738 461 3801 Deum
485 3757 540 3800 ceu
567 3741 669 3801 mundi
688 3743 756 3803 ani·
795 3740 865 3802 inde
877 3741 1076 3802 excusandum
1089 3743 1281 3822 putat(3),ac
1294 3744 1324 3805 in
1337 3744 1398 3809 'fu-

158 3839 237 3884 mam
258 3824 423 3903 proposuit,
443 3822 502 3884 Deo
524 3842 665 3902 supremo
681 3824 758 3888 infe·
796 3825 926 3886 scalenis
949 3825 1151 3888 hutocliiriam
1171 3827 1328 3907 approbat.
1354 3865 1397 3878 -·

158 3907 251 3968 riores
272 3906 398 3982 addidit,
418 3915 447 3966 et
465 3906 551 3968 fidem
578 3907 753 3970 immortali·
797 3909 918 3970 Errores
940 3908 1013 3970 istos
1036 3909 1298 3972 celeberrimorum
1318 3913 1397 3976 inter

158 3991 227 4051 tatis
245 3990 345 4054 addito
357 3990 600 4070 metempsychosi
613 3994 756 4073 corrupit;
797 3993 939 4054 Rtboieos
954 3991 1201 4074 Philosophorum
1222 3994 1397 4074 indigitasse

158 4073 331 4136 ebrietatem
351 4075 381 4136 in
404 4073 632 4151 Bacchanalibus,
656 4075 756 4137 intan·
796 4076 915 4152 sufficit3
936 4076 1057 4160 plurimi
1072 4079 1242 4140 aliiadduci
1261 4093 1396 4159 possent,

126 4158 135 4179 ¹
159 4157 233 4219 tium
257 4158 434 4221 deformium
454 4157 681 4237 expositionem,
697 4159 756 4222 imo
797 4178 864 4221 cum
877 4159 1191 4240 ipseTulliusscribat,
1205 4164 1316 4224 nullam
1331 4185 1396 4228 esso

160 4248 190 4304 et
208 4243 446 4321 procurationem
466 4242 588 4304 abortus
608 4244 758 4325 approba·
797 4243 971 4306 sententiam
985 4254 1044 4306 tam
1059 4245 1232 4323 absurdam,
1246 4267 1322 4327 quae
1337 4269 1396 4310 non

190 4343 221 4402 tlt
238 4345 261 4392 V.
274 4346 398 4394 l‘erronet
416 4349 432 4394 1.
443 4358 495 4408 cop.
512 4347 536 4394 tt.
553 4360 619 4408 prop.
635 4349 656 4394 l.
828 4350 859 4404 (2)
875 4351 899 4396 L.
914 4351 938 4396 5.
951 4361 971 4397 c.
983 4350 1020 4396 at.
1081 4351 1110 4411 (ὅ)
1127 4351 1151 4398 l..
1168 4353 1190 4398 5.
1205 4351 1235 4398 de
1249 4351 1288 4399 oli.
1302 4365 1325 4400 c.
1341 4355 1381 4403 2⁰.
