2934 4736
189 182 251 247 266
545 221 548 230 ·
603 199 788 246 rnrouooras
810 195 975 243 eruentus

151 278 256 342 «Visa
271 288 315 343 est
334 279 408 342 mihi
427 298 475 344 res
493 278 583 360 digna
597 279 752 340 consulta·
791 285 836 338 sat
878 276 973 338 solido
1010 274 1182 340 dilemmate
1212 273 1285 370 iam¹
1304 275 1395 341 modo

151 365 231 428 tione
250 373 373 446 propter
391 364 623 445 periclitantium
642 381 752 426 nuttte·
792 362 873 422 otnni
892 361 956 422 iure
975 362 1050 422 ratio
1065 379 1137 421 sana
1151 360 1312 422 concludit:
1333 361 1395 423 lle-

148 467 230 525 rum3
251 449 335 510 inulti
355 449 434 510 enim
455 449 552 510 omnis
574 447 691 522 aetatis,
715 466 751 509 o·
791 444 862 524 ligio
882 445 919 506 ab
943 445 1093 525 Apostolis
1118 445 1311 521 annuntiata,
1332 463 1394 510 nou

148 532 229 595 mois
246 533 373 608 ordinis,
389 532 545 614 utriusque
557 550 644 594 sexus
661 531 750 594 etiam
791 529 946 604 dissoluta,
961 529 1014 590 sed
1028 528 1151 590 mirifice
1163 536 1324 610 propagata
1334 540 1391 609 est,

150 624 295 678 vocantur
312 617 342 678 in
361 617 540 698 periculum,
556 624 586 678 et
599 614 750 677 rocaban-
790 631 860 692 ergo
878 631 938 674 non
959 613 1014 674 init
1031 631 1066 674 ex
1083 611 1272 688 hominibus,
1291 613 1345 675 sed
1374 635 1392 678 a

149 708 209 779 tur;
229 719 287 762 nou
307 701 441 763 civitates
466 708 602 775 tantum,
622 698 674 762 sed
704 699 750 760 ri·
789 696 851 759 lieo
866 697 1022 758 consilium
1039 697 1108 774 hoc,
1128 705 1179 758 aut
1194 716 1279 778 opus.
1296 697 1330 776 h)
1344 698 1394 762 lu·

148 803 199 846 cos
227 784 318 846 etiarn
343 793 432 865 atque
460 803 547 863 agros
571 782 750 846 christianae
789 789 837 842 xta
860 781 979 861 regulas
1004 781 1121 843 criticas
1146 781 1189 842 uti
1215 783 1280 862 ipsa
1298 782 1389 862 lacta,

147 868 747 950 superstitioniscontagiopervagataest3
789 864 831 926 ita
860 873 890 926 et
912 865 1074 943 eorundem
1107 884 1211 928 causas
1239 884 1298 927 aon
1330 878 1390 930 tam

147 970 242 1034 prope
263 952 322 1014 iam
340 952 472 1014 desolata
484 952 595 1034 templa
611 951 747 1030 deorum,
789 967 842 1030 per
859 950 1028 1026 ratiocinia,
1044 968 1132 1031 quam
1152 951 1249 1030 potius
1267 969 1390 1030 perau-

148 1044 177 1099 et
206 1035 352 1098 salernuia
380 1036 431 1098 diu
451 1036 622 1098 intermissa
648 1037 746 1118 (1)».
789 1034 919 1096 theutica
934 1044 1125 1095 monumenta
1136 1036 1286 1096 declarare
1302 1054 1391 1118 opor·

145 1118 217 1182 Post
232 1129 291 1181 tam
308 1121 458 1182 luculenta
472 1128 502 1183 et
518 1119 747 1183 christianorum
789 1125 841 1180 tet.
855 1118 939 1180 Talia
952 1125 1051 1180 autem
1068 1119 1237 1196 ostendunt,
1254 1137 1314 1181 non
1332 1141 1391 1184 na·

146 1204 372 1266 etethaicorum
386 1204 564 1284 scriptorum
578 1205 748 1268 testimonia
788 1203 887 1279 turali,
910 1203 962 1266 sed
980 1205 1197 1283 supernaturali
1216 1204 1304 1265 modo
1327 1209 1388 1269 rni-

146 1288 248 1366 negari
267 1307 387 1369 prorsus
405 1307 465 1350 non
487 1297 595 1370 potest,
614 1288 748 1368 Religio·
787 1305 851 1348 ratu
866 1286 1028 1366 Religionis
1042 1286 1221 1348 christianae
1238 1307 1388 1371 propaga-

146 1390 215 1434 nem
233 1372 426 1434 christianam
452 1371 510 1434 iam
531 1374 625 1435 tribus
643 1374 748 1455 primis
788 1371 898 1432 tionem
911 1372 1070 1451 perlectam
1085 1389 1162 1433 esse.
1177 1407 1219 1418 ·-
1233 1369 1387 1454 Superna-

146 1456 274 1518 saeculis
291 1455 347 1517 sub
363 1456 593 1536 imperatoribus
615 1457 745 1522 inlideli-
787 1457 1208 1518 turaiemeuiruassistentiam
1224 1455 1282 1518 iam
1299 1458 1388 1522 Chri·

145 1538 202 1601 hus
227 1540 382 1602 celerrime
399 1549 488 1622 atque
511 1542 654 1605 latissime
672 1561 747 1626 pro·
786 1549 848 1602 stus
874 1541 938 1621 ipse
968 1541 1116 1622 Apostolis
1142 1542 1321 1623 promiserat
1342 1547 1388 1607 di·

144 1631 280 1704 pagatam
305 1624 408 1686 luisse.
722 1674 725 1680 .
786 1642 874 1686 ceos:
895 1625 1051 1705 decipietis
1077 1627 1217 1688 oirttttem
1244 1645 1387 1707 superue-

186 1707 217 1768 l.
241 1707 430 1770 deterrimam
447 1716 546 1772 autent
569 1710 645 1772 hanc
662 1709 745 1774 Reli·
785 1710 894 1771 aientis
911 1709 1042 1788 Spiritus
1060 1709 1091 1773 S.
1120 1711 1153 1772 itt
1174 1727 1233 1787 ons,
1253 1721 1280 1773 et
1302 1715 1388 1777 eritis

143 1789 428 1868 gionisohristianae
436 1795 677 1875 propagationem
685 1815 745 1857 nort
785 1795 860 1857 milti
877 1802 959 1856 testes
977 1793 1011 1857 t'rt
1027 1795 1241 1870 leuauerant
1258 1797 1388 1862 irtorrtrti

142 1892 208 1936 esse
227 1894 302 1956 opus
328 1877 492 1939 humanum
515 1878 568 1940 sed
590 1880 742 1957 divinum,
784 1879 906 1954 luriaco,
922 1885 950 1940 et
962 1877 1114 1957 Samaria,
1126 1887 1153 1941 et
1169 1897 1261 1959 usque
1278 1884 1319 1944 od
1335 1886 1386 1947 al-

141 1960 222 2022 rutio
237 1959 343 2041 prohat
369 1969 398 2023 et
429 1962 554 2025 historio
575 1965 741 2026 confirmat.
784 1961 891 2024 titaortt
911 1969 1008 2025 terroe
1044 1963 1103 2044 (3).
1131 1962 1210 2024 ldern
1240 1964 1387 2031 miracula

142 2077 184 2090 -
199 2044 230 2123 a)
249 2043 367 2106 Certum
386 2045 466 2107 enim
484 2047 610 2108 rationis
630 2047 744 2127 prinoi-
783 2046 1046 2126 praedixitintidei
1063 2047 1320 2111 confirmationem
1332 2073 1387 2134 pa·

141 2126 225 2209 pium
251 2136 318 2204 est,
339 2147 398 2190 non
427 2130 490 2191 dari
516 2131 654 2192 ellectum
678 2132 743 2195 siue
785 2131 912 2206 tranda3
932 2131 974 2192 ait
1003 2131 1100 2192 enim:
1121 2132 1214 2211 Siptro
1240 2151 1312 2212 eos,
1333 2141 1388 2216 ptri
1459 2203 1460 2206 ,

142 2229 232 2274 causa
243 2212 412 2275 sufficienti.
427 2212 669 2285 Quodsieilectus
681 2234 744 2277 cer·
783 2216 974 2292 crediderint,
998 2216 1068 2278 haec
1084 2225 1256 2295 sequentur:
1274 2219 1309 2282 itt
1326 2239 1385 2284 rto·
1459 2221 1460 2252 ³

73 2329 76 2335 ·
140 2302 190 2356 tus
217 2315 270 2377 per
302 2315 406 2359 causas
423 2298 574 2360 naturales
601 2301 742 2381 explicari
783 2300 942 2362 mirremeo
958 2300 1115 2363 doemonio
1132 2301 1387 2385 eiiciettt,littptti5

141 2382 259 2459 nequit,
278 2381 313 2442 ad
333 2400 452 2443 causam
469 2385 740 2463 supernaturalem,
782 2383 939 2463 loquentur
956 2385 1050 2460 eoois,
1069 2394 1215 2463 serpterttee
1229 2387 1343 2467 tollent,
1358 2402 1386 2454 et

140 2480 193 2523 sau
212 2465 249 2526 ad
274 2466 488 2546 omnipotentis
515 2466 568 2529 Dei
597 2467 740 2529 indutum
781 2468 809 2530 si
822 2469 1011 2547 mortiferam
1029 2469 1100 2546 petiti
1111 2470 1248 2547 diderint,
1264 2490 1327 2534 nort
1342 2478 1385 2538 eie

140 2563 293 2610 recurrere
308 2567 430 2610 necesse
449 2559 504 2612 est.
525 2585 562 2597 -
585 2550 655 2613 Tale
670 2553 742 2634 quid
781 2554 908 2616 aceedit:
926 2570 1137 2633 superpoeproe
1164 2571 1272 2617 monae
1285 2559 1385 2637 impo-

139 2638 238 2692 autem
265 2633 396 2695 occurrit
424 2634 453 2695 in
479 2635 635 2697 celerrima
658 2635 741 2698 Reli·
781 2639 1211 2718 rtemerraticaooetttatm).
1234 2673 1278 2686 -
1301 2639 1385 2712 Quae
1458 2629 1459 2651 ¹

135 2714 235 2793 glottis
249 2716 431 2780 christianae
442 2720 652 2800 propagatione
665 2740 741 2802 quae
781 2719 915 2782 Christus
930 2722 1128 2802 praedixerat,
1144 2723 1234 2784 etiam
1248 2743 1317 2786 mou
1327 2729 1383 2788 ad·

141 2801 318 2861 naturaliter
328 2801 470 2881 explicari
480 2805 595 2884 nequit,
607 2824 674 2866 cum
687 2806 742 2866 irn-
781 2804 904 2884 impleta
919 2805 1013 2866 suere,
1030 2805 1102 2868 Nam
1119 2825 1185 2867 cum
1198 2810 1384 2890 compleren·
1457 2847 1458 2888 ;

139 2883 311 2961 pedimenta
325 2884 486 2947 fortissima
502 2889 665 2967 permedia
681 2908 742 2951 ma·
782 2896 830 2948 tur
847 2889 911 2950 dies
939 2889 1152 2966 pentecostes,
1172 2891 1306 2972 Apostoli
1331 2901 1382 2957 ra·
1457 2901 1458 2957 l

135 2966 215 3028 xime
227 2966 357 3045 intirma,
373 2987 407 3031 ac
419 2970 520 3050 inepta
534 2973 739 3053 superarinon
776 2972 850 3052 ploti
865 2981 934 3036 aaut
953 2991 1052 3036 omues
1070 2974 1186 3054 Spiritu
1203 2976 1236 3039 S.
1266 2977 1319 3057 qui
1336 2980 1382 3040 vi-

136 3051 263 3128 possint.
284 3050 350 3114 lure
372 3054 442 3115 ideo
458 3055 558 3117 Hoolte
575 3056 628 3117 ait:
646 3077 662 3119 t
680 3057 740 3119 ra·
781 3057 862 3118 sibili
872 3057 960 3119 modo
970 3077 1060 3139 super
1072 3059 1152 3139 ipsos
1163 3060 1255 3134 venit,
1276 3070 1303 3123 et
1316 3079 1382 3125 coe·

136 3133 223 3196 cilius
241 3136 410 3217 concipitur
427 3139 611 3220 perturbem
628 3159 739 3221 puero·
775 3152 887 3219 perum
908 3141 988 3219 lopoi
1015 3144 1110 3205 coriis
1138 3143 1270 3224 lieprtt's,
1289 3156 1385 3224 prout
1456 3209 1457 3212 ,

134 3232 201 3277 rum
221 3235 344 3297 regnum
373 3223 520 3302 quoddam
550 3226 737 3305 expugnari,
780 3225 909 3303 Spiritus
926 3227 957 3290 S.
976 3227 1170 3306 uaoatcloqat·
1183 3229 1244 3290 illis
1258 3230 1318 3308 (5).
1336 3231 1381 3292 Ab
1456 3237 1457 3242 ’

135 3318 224 3378 quarn
239 3303 461 3381 perduodecim
475 3306 636 3387 piscatores
652 3327 740 3371 mun·
780 3307 836 3369 hoc
855 3317 988 3391 tempore
1007 3312 1054 3374 illi
1071 3313 1203 3392 ’μωραὶ
1220 3315 1379 3392 praedico·

135 3383 207 3444 dum
225 3385 303 3447 circa
320 3387 494 3466 religionem
518 3391 687 3454 reformari.
707 3393 738 3454 1-
778 3401 885 3456 uerunt
900 3395 1019 3474 adipate,
1044 3396 1171 3458 Domino
1189 3407 1378 3476 cooperante,

133 3465 261 3548 demque
274 3469 415 3532 iudicium
429 3473 488 3534 iam
503 3473 534 3535 in
547 3475 633 3538 initio
653 3496 737 3558 prae·
778 3484 805 3537 et
827 3495 991 3540 emmonem
1017 3479 1210 3560 confirmante
1231 3484 1380 3560 reprtetrtt‘-
1455 3549 1456 3564 ,

133 3549 293 3613 dicationis
304 3556 738 3639 evangelicaesapientissimus
778 3562 830 3624 dua
851 3564 945 3642 sipoto
960 3563 1019 3643 (o).
1041 3563 1146 3626 Petrus
1174 3583 1241 3626 cum
1269 3563 1381 3628 Ioanne

134 3634 280 3698 Guutuliel
297 3639 377 3715 tulit,
401 3641 471 3721 qni,
491 3660 558 3704 cum
586 3643 737 3725 Apostolis
778 3648 942 3710 ascendens
969 3647 1000 3708 in
1029 3649 1172 3728 templum
1197 3649 1337 3711 claudum
1364 3669 1382 3711 a

131 3719 315 3800 praedicatio
331 3724 518 3788 severissime
540 3727 736 3793 interdicere·
777 3731 880 3791 matris
892 3739 988 3806 utero,
1005 3729 1140 3794 invocato
1159 3732 1282 3794 nornine
1298 3733 1380 3812 lesu,

132 3811 193 3882 tur,
221 3805 342 3888 publico
365 3805 396 3868 in
424 3810 550 3873 concilio
575 3812 667 3874 dixit:
685 3814 736 3878 St'·
776 3815 892 3876 sanavit
909 3815 969 3896 (l).
1001 3813 1106 3878 Postea
1126 3817 1164 3878 ad
1181 3815 1303 3878 Petrum
1332 3819 1380 3879 ai·

130 3888 194 3952 trite
215 3891 296 3965 illos;
315 3893 455 3970 quonium
477 3895 506 3959 ai
526 3904 569 3959 ert
586 3915 625 3960 aa
637 3898 736 3962 homi·
776 3897 912 3960 serebant
929 3915 1032 3979 uepres
1051 3908 1078 3962 et
1099 3908 1219 3963 reuolue
1244 3902 1380 3982 aspiri·

128 3972 217 4036 aidus
234 3975 393 4040 rotrsitittm
411 3978 475 4056 hoc,
495 3988 547 4043 out
565 3997 650 4060 opus,
671 3983 735 4045 die-
775 3981 853 4044 titas
865 3983 1038 4060 immundis,
1051 3984 1104 4062 ptri
1115 3985 1379 4048 rurohorttrtrom-

128 4057 286 4134 calcetam¹
311 4060 340 4122 si
365 4079 433 4125 uero
451 4065 565 4126 caelico
592 4074 644 4143 est,
672 4085 735 4130 nort
774 4082 826 4128 rtet
851 4065 909 4147 (8).
942 4065 991 4129 Sic
1015 4069 1103 4128 etiarn
1124 4087 1178 4149 per
1195 4067 1328 4145 sudaria,
1349 4078 1380 4131 et
1453 4121 1454 4148 ,

125 4143 262 4218 poteritis
277 4145 433 4209 dissolvere
450 4147 526 4210 illud
539 4147 598 4228 (h).
619 4150 661 4213 Ex
677 4151 734 4213 hoc
773 4151 958 4213 semicinctia
977 4150 1062 4214 Pauli
1089 4153 1260 4216 recedebunt
1282 4154 1319 4216 oh
1337 4155 1380 4218 et'a
1453 4151 1454 4180 i

158 4270 188 4330 pt
202 4273 226 4318 t.
244 4274 279 4328 to,
297 4275 369 4334 aput.
383 4279 421 4325 rr.
530 4283 577 4326 ter.
592 4284 614 4343 a,
629 4283 666 4330 se.
803 4285 833 4343 (tt
844 4285 919 4333 aaa
1129 4287 1150 4344 a
1167 4287 1237 4334 tram.
1253 4286 1289 4344 to,
1306 4281 1346 4331 ao.

35 4394 96 4424 ι
157 4329 327 4390 latratas.
481 4273 513 4394 hh
531 4340 705 4392 tramenta.
803 4346 833 4403 (tt
850 4287 964 4394 read*
1118 4289 1247 4402 hiteta
1264 4343 1302 4391 tu.
1452 4419 1453 4426 ἵ
