2918 4734
205 197 245 261 98
566 211 569 218 ⁴
603 219 788 266 rnaonootsa
811 217 973 266 cananaeis

163 289 260 372 llopse
278 292 378 358 scribi.
396 293 469 358 Nam
489 305 592 360 auctor
606 295 764 362 Pentateu·
804 298 833 374 l,
848 297 867 359 ἓ
884 306 913 359 et
927 297 977 360 l'l.
992 293 1137 360 -Sicuti
1153 304 1252 360 autem
1268 293 1340 358 alibi
1357 315 1405 360 re·

163 374 212 436 chi
229 376 361 456 loquitur
372 378 409 441 de
419 378 516 462 Mopse
529 391 560 443 ot
575 381 611 444 de
626 383 696 459 alia,
710 401 762 444 seu
803 391 848 442 cte
867 380 904 443 de
922 400 953 442 se
971 381 1002 442 iu
1020 382 1108 443 tertia
1133 400 1260 462 persona
1284 381 1406 443 locutus

163 457 199 521 de
215 461 301 520 tertia
316 480 452 542 persona:
471 475 623 545 praeterea
640 466 714 528 alios
728 465 765 526 li·
802 474 858 541 est,
872 464 976 527 eadem
993 465 1108 527 ratione
1122 465 1218 546 potuit
1236 464 1329 526 libros
1341 483 1359 526 a
1372 485 1404 527 se

163 543 232 604 bros
250 556 428 609 memorata
447 547 760 642 llopse'conscriptos,
802 549 990 611 elucubratos
1015 557 1157 630 tauquam
1180 548 1294 610 alienos
1316 565 1405 609 com-

162 628 253 690 ueluti
271 631 397 707 alien0s3
414 651 521 713 nempe
539 634 648 696 librum
662 633 762 712 (ocde-
802 651 979 709 memorare,
992 652 1173 714 quamquam
1185 631 1339 715 probabile
1351 633 1407 694 ad·
1445 709 1446 718 ἵ

162 715 217 792 ris,
236 713 289 774 Ex.
313 713 412 787 XXIV,
436 717 465 793 l,
489 717 599 780 librum
621 718 762 780 bellorum
802 717 922 779 modum
943 726 999 794 est,
1020 736 1072 778 eos
1088 715 1181 778 libros
1200 735 1259 778 non
1274 715 1369 777 luisse
1388 737 1406 778 a
1445 721 1446 724 ’

163 799 234 874 llec‘,
253 795 340 860 llum.
359 797 439 876 XXl,
462 800 521 877 ll,
544 801 653 864 librum
677 801 758 880 lepis,
800 799 1001 862 Pentateucho
1029 800 1195 862 distinctos.
1225 799 1298 861 Nam
1327 800 1406 863 liber

162 883 248 945 beot.
268 880 373 958 XXXI,
394 885 430 945 e:
452 903 512 945 nou
536 893 634 946 antem
653 884 760 946 lauda·
799 884 925 963 foederis
943 904 1002 946 non
1020 893 1065 946 est
1082 883 1140 945 uisi
1155 883 1289 946 collectio
1309 902 1404 963 prae·

163 977 266 1029 reutnr
283 966 313 1026 hi
333 966 401 1028 libri
421 975 454 1028 ut
472 967 582 1044 alieni,
602 969 627 1029 si
649 967 759 1048 Penta·
800 977 951 1048 ceptorum
965 967 1109 1045 decalogi,
1123 978 1153 1031 et
1167 968 1305 1043 aliorum,
1322 987 1404 1048 quae
1445 995 1446 998 ¹

163 1052 290 1114 teuchus
309 1059 386 1111 tutus
403 1051 506 1112 luisset
528 1051 632 1113 eadem
656 1049 760 1132 Mopsls
789 1053 830 1112 in
846 1061 946 1113 monte
960 1049 1042 1114 Sinai
1058 1051 1147 1114 aDeo
1159 1052 1360 1133 promulgata,
1374 1062 1404 1114 et
1445 1049 1446 1080 ³

163 1155 253 1197 manu
272 1142 420 1196 exaratus.
441 1134 572 1212 llccedit,
592 1135 622 1196 in
637 1154 672 1196 eo
692 1154 759 1198 sae·
799 1136 836 1197 ab
848 1135 988 1197 lsrae'litis
999 1145 1150 1217 acceptata
1161 1145 1241 1210 sunt,
1253 1136 1327 1198 liber
1338 1137 1406 1212 bel·
1445 1161 1446 1166 ¹

163 1218 331 1301 piuselogia
343 1217 448 1298 Moysis
460 1219 657 1296 celebrari,nt
669 1217 756 1282 llum.
799 1221 897 1282 lor-mn
909 1221 1031 1282 Dorrtini
1045 1239 1104 1280 non
1119 1228 1163 1281 est
1182 1220 1238 1281 nisi
1257 1220 1406 1281 historica
1445 1235 1446 1252 ¹

162 1304 224 1380 Xll,
246 1305 276 1366 5:
295 1305 503 1382 ErotMogses
524 1303 760 1366 uirmitt'ssimoo
799 1305 930 1365 narratio
949 1303 1104 1365 bellicum
1124 1303 1406 1385 Amalecitis,quue
1445 1299 1446 1338 l

163 1406 249 1470 snper
262 1405 360 1450 omme
374 1387 515 1463 bomincs,
532 1387 583 1465 pol
597 1389 759 1450 moroboo-
799 1389 830 1448 in
848 1387 947 1450 Exodo
966 1387 1146 1464 continetur;
1164 1387 1237 1450 tiber
1251 1388 1404 1469 legionen
1445 1383 1446 1422 l

163 1483 213 1538 tur
227 1474 259 1534 in
279 1481 374 1544 terrm·
388 1478 417 1531 et
431 1469 516 1532 Dent.
531 1469 657 1547 XXXlll,
675 1473 689 1532 l
706 1492 759 1533 vo·
799 1481 844 1533 est
862 1472 938 1533 alius
957 1489 1044 1551 quam
1065 1470 1340 1536 Deuteronomium.
1358 1508 1405 1520 -

163 1566 246 1619 catur
264 1556 348 1618 bomo
366 1555 420 1617 Dei
430 1578 444 1628 ;
468 1562 497 1617 et
521 1553 595 1616 ibid.
616 1575 681 1635 cap.
702 1557 756 1620 ult.
799 1554 828 1617 Si
841 1555 1073 1636 lloysisuirtntes
1087 1555 1117 1616 in
1129 1555 1331 1618 Pentateucho
1344 1575 1405 1618 ce·
1445 1553 1446 1628 l

162 1663 188 1703 v.
206 1641 256 1703 m:
272 1647 297 1700 ct
312 1656 374 1700 non
386 1640 521 1700 surremit
534 1640 615 1702 ultro
627 1641 758 1718 Prophe·
799 1640 962 1716 lebrantur,
977 1638 1112 1701 nonnulli
1124 1647 1241 1720 potant,
1252 1638 1324 1702 istos
1335 1642 1407 1703 lau·
1445 1639 1446 1678 Τ

162 1733 192 1788 to
216 1727 250 1786 in
272 1723 380 1798 lsrael,
402 1724 477 1786 sicut
495 1724 627 1802 illapsam
644 1733 673 1784 at
690 1743 758 1787 uero
799 1724 850 1784 des
867 1742 926 1784 non
941 1743 958 1785 a
973 1725 1073 1804 Mopse
1091 1723 1227 1802 scriptas,
1244 1723 1296 1785 sed
1315 1725 1405 1787 alo·
1445 1753 1446 1760 κ

162 1809 229 1889 quis
242 1807 490 1883 credat,voluisse
501 1805 618 1887 Moysen
632 1807 689 1868 sibi
703 1807 758 1888 ipsi
798 1825 861 1883 auc,
877 1808 923 1868 uel
945 1807 982 1869 ab
1000 1808 1099 1871 Esdro
1117 1807 1243 1885 additas,
1263 1807 1351 1869 sicuti
1372 1819 1407 1870 et
1445 1809 1446 1848 l

162 1895 216 1956 has
234 1891 336 1954 laudes
354 1891 501 1952 tribuere?
518 1886 652 1972 Deniq'ne
670 1891 756 1953 Dent.
800 1892 858 1953 alia
886 1892 1031 1972 quaedam
1056 1911 1072 1952 a
1099 1891 1243 1971 scriptore
1266 1891 1405 1972 quodam

161 1997 227 2058 cap.
249 1977 303 2037 ult.
324 1974 531 2036 describuntur
549 1993 628 2036 mors
654 1985 683 2037 et
708 1994 759 2038 se·
799 1973 1407 2057 hagiograpbopostmortemllloysisPen-
1445 1987 1446 1990 ’

161 2063 280 2144 pultuna
297 2057 413 2138 Moysis,
432 2068 494 2120 tum
509 2059 644 2139 planctus
661 2058 758 2121 lsrad-
799 2060 936 2121 tateuclro
952 2059 1050 2121 addita
1068 2051 1181 2134 luisse,
1197 2059 1316 2139 quidem
1336 2060 1406 2122 cri·
1445 2063 1446 2138 ἦ

161 2146 293 2219 litarnm,
308 2143 368 2204 imo
383 2143 530 2204 successio
545 2141 630 2204 losue
648 2143 678 2204 in
694 2143 758 2206 eius
800 2143 850 2204 tici
866 2144 1058 2204 contendunt.
1076 2139 1131 2204 Sed
1149 2143 1256 2204 omissa
1273 2143 1330 2204 hac
1346 2163 1407 2206 re-
1445 2159 1446 2190 t

161 2230 280 2305 locum;
301 2236 330 2288 et
346 2245 374 2287 v.
395 2228 413 2289 6
430 2227 567 2288 additor:
587 2236 614 2290 ct
631 2245 693 2289 non
708 2245 758 2290 co·
799 2227 958 2307 sponsione
980 2235 1059 2289 recte
1078 2227 1136 2287 dici
1160 2235 1276 2308 potest,
1296 2229 1403 2308 quod,

162 2312 259 2394 prtoott
275 2312 358 2374 bomo
372 2311 537 2391 sepulcrum
550 2312 613 2373 eins
623 2328 713 2391 uspnc
724 2313 758 2374 in
799 2312 875 2372 sicut
889 2309 919 2373 S.
934 2309 1043 2372 Paulus
1057 2310 1083 2372 ll
1097 2309 1164 2372 Cor.
1177 2330 1243 2392 cap.
1257 2310 1295 2372 Xl
1305 2319 1336 2372 et
1347 2309 1406 2374 Xll
1445 2319 1446 2354 r

161 2405 338 2477 praesentem
357 2396 451 2458 diem:
471 2415 547 2476 quae
566 2395 656 2457 uerba
675 2395 758 2455 iudi·
799 2394 927 2475 seipsum
942 2395 1054 2470 laudat,
1066 2403 1094 2456 et
1106 2392 1136 2456 S.
1150 2394 1320 2457 loannesse
1333 2415 1407 2475 pas-

161 2489 249 2557 cant,
273 2479 391 2540 nonnisi
416 2481 503 2558 longo
533 2487 665 2560 tempore
693 2487 759 2560 post
799 2479 853 2538 sim
872 2487 956 2540 vocat
975 2477 1167 2558 discipulum,
1188 2497 1272 2558 prtem
1288 2479 1406 2558 dilige·
1445 2499 1446 2502 ¹

161 2563 276 2644 lloysen
298 2563 371 2624 haec
389 2563 498 2643 scripta
515 2563 616 2624 luisse.
799 2565 845 2626 bct
864 2563 954 2638 lcsrts,
974 2563 1016 2624 sic
1034 2563 1121 2624 etiam
1138 2561 1253 2643 lloyses'
1265 2563 1309 2624 rel
1330 2582 1406 2624 rno-

201 2649 287 2727 Rcsp.
306 2647 498 2708 Difficultates
513 2647 618 2708 allatae
633 2645 758 2708 antben·
799 2647 852 2707 rali
871 2646 997 2727 quadam
1022 2647 1196 2708 necessitate
1225 2646 1406 2727 compulsus

161 2731 303 2794 ticitatem
332 2730 525 2792 Pentateuclri
554 2749 613 2790 non
641 2730 757 2792 lahela·
798 2741 831 2790 ut
850 2731 1052 2792 anctoritatem
1073 2729 1129 2791 sibi
1148 2730 1332 2806 conciliaret,
1350 2734 1405 2794 vel
1445 2729 1446 2736 '

160 2824 251 2878 etant.
276 2815 347 2876 Nam
371 2816 527 2876 innumera
545 2824 704 2876 occurrunt
723 2833 757 2876 e·
799 2814 897 2894 potius
926 2815 1022 2876 altiori
1052 2814 1193 2874 instinctu
1222 2823 1405 2895 permotuS,
1445 2857 1446 2860 κ

160 2902 276 2980 rempla
295 2899 492 2979 scriptorum,
512 2897 563 2977 qui
581 2897 617 2958 de
635 2916 667 2958 se
684 2899 758 2979 ipsis
798 2897 949 2979 praeclara
963 2899 999 2960 de
1014 2917 1045 2959 se
1060 2898 1222 2978 scripserit,
1236 2897 1306 2979 quia
1317 2897 1406 2961 Deus

160 2984 191 3044 in
208 2985 294 3046 tertia
309 3001 435 3064 persona
453 2982 543 3042 locnti
562 2989 642 3058 sunt,
655 2983 757 3044 utXc-
798 2981 908 3058 uoluit,
927 2981 1073 3060 egregiam
1093 2983 1169 3043 serui
1192 2983 1239 3042 sui
1258 2982 1405 3045 virtutem

159 3069 278 3148 nopboo
291 3067 320 3128 io
337 3066 390 3127 lib.
405 3065 441 3126 de
454 3063 517 3146 Cyri
533 3065 651 3145 exped,
664 3066 759 3128 lulius
799 3065 937 3127 omnibus
955 3075 1053 3127 notam
1070 3065 1146 3126 lieri.
1160 3064 1283 3146 Scripsit
1295 3073 1407 3128 autern

161 3153 272 3216 Caesar
285 3151 314 3211 iu
331 3144 499 3212 'Commeat
521 3149 557 3210 de
577 3149 654 3210 bello
671 3149 757 3228 galli·
800 3149 873 3212 baec
891 3148 1002 3229 llopses
1025 3150 1089 3211 sine
1111 3150 1187 3210 lustu
1207 3158 1236 3211 et
1252 3149 1405 3227 elatione,

160 3225 207 3311 cb,
226 3238 284 3299 los.
300 3235 421 3297 Fluctus
437 3233 467 3294 in
486 3232 540 3294 lib.
561 3234 597 3295 de
616 3232 693 3294 bello
709 3235 767 3294 iu«,
799 3252 864 3295 cnm
886 3252 944 3296 non
965 3233 1063 3294 minus
1080 3234 1281 3295 infirmitatem
1300 3241 1331 3294 et
1346 3237 1435 3326 er-'²

160 3320 245 3380 daico
265 3325 336 3394 etc.;
358 3326 386 3380 et
409 3326 507 3378 tamen
527 3316 649 3378 istorum
668 3336 758 3398 opera
799 3335 895 3378 rorem
915 3336 1001 3378 sunm
1018 3336 1036 3378 a
1053 3316 1113 3378 Deo
1130 3317 1265 3397 punitum
1284 3315 1414 3397 scripto¹

159 3402 196 3464 ab
223 3401 362 3463 omnibus
389 3409 422 3461 ut
446 3401 575 3478 genuina
599 3401 756 3462 habentur.
799 3400 1004 3480 publicaverit.
1023 3399 1166 3472 —Quod
1190 3399 1325 3462 ultimam
1349 3399 1415 3482 art-j

161 3485 251 3548 Multo
271 3485 364 3564 magis
388 3484 459 3545 illud
485 3484 562 3546 idem
583 3485 685 3546 aviris
705 3486 758 3546 ba·
799 3486 872 3546 tinet
888 3484 1100 3560 difficultatem,
1113 3484 1279 3546 communis
1292 3493 1339 3545 est
1353 3483 1417 3596 iul

160 3569 331 3648 giographis
348 3568 411 3630 fieri
431 3568 537 3649 poluit,
556 3569 659 3648 quide
678 3588 709 3630 se
727 3578 760 3630 ut
801 3577 959 3650 terpretum
979 3571 1136 3643 sententia,
1150 3575 1239 3649 caput
1256 3567 1408 3630 ultimum

161 3653 197 3712 de
217 3653 303 3713 tertia
322 3671 446 3733 persona
465 3653 554 3713 locuti
574 3661 653 3728 sunt,
674 3663 705 3714 ut
723 3672 759 3715 o·
801 3655 917 3738 proprie
930 3654 964 3715 ad
978 3653 1238 3714 Deuteronominm
1252 3671 1310 3712 non
1325 3621 1416 3732 per-l

160 3736 352 3812 stenderent,
376 3755 407 3798 se
433 3754 491 3796 non
517 3737 634 3816 proprio
656 3756 757 3811 sensu,
802 3737 906 3812 tinere,
923 3737 972 3798 sed
992 3737 1107 3798 initium
1127 3755 1192 3798 esse
1210 3735 1277 3796 libri
1294 3718 1418 3801 losuer'

160 3820 211 3881 sed
225 3820 322 3880 divino
333 3820 450 3880 afflante
460 3817 569 3900 Spiritu
583 3820 677 3900 loqui:
691 3820 760 3882 binc
799 3819 1060 3882 Deuteronomium
1074 3820 1152 3882 enim
1165 3820 1276 3900 optime
1291 3821 1418 3896 termi-¹

161 3905 249 3966 etiam
269 3902 299 3965 S.
320 3903 482 3986 llattlrneus
499 3923 564 3985 cap.
577 3901 626 3979 lX,
638 3923 665 3964 v.
679 3906 697 3966 9
713 3904 758 3964 sui
801 3915 888 3964 natur
904 3923 955 3985 per
966 3905 1113 3966 solemnes
1132 3903 1237 3984 lloysis
1247 3903 1411 3984 precatio-

161 3989 381 4049 couversionem
397 3999 540 4049 memorat
554 3989 583 4048 in
598 3987 681 4047 tertia
695 4005 761 4066 per·
801 4006 865 4064 nes
880 4007 955 4068 quae
973 3990 1068 4068 capite
1082 3989 1243 4068 penultimo
1262 3986 1409 4050 eiusdem

161 4091 245 4132 sorra:
262 4073 344 4134 lesus
361 4073 435 4133 cidit
454 4072 601 4134 bominem
617 4072 760 4132 sedentem
800 4071 867 4132 libri
892 4074 1039 4150 leguntur.
1059 4069 1141 4143 Qrtod
1161 4081 1258 4132 euntem
1278 4071 1410 4134 abstra-

160 4155 195 4216 c'n
211 4157 330 4234 telonio,
350 4157 532 4221 Mottbocom
553 4154 682 4213 nominc.
703 4153 759 4214 de·
800 4164 878 4215 ctum
899 4156 986 4218 lurerit
1006 4157 1062 4216 boc
1079 4156 1230 4216 exordium
1250 4152 1320 4215 libri
1345 4154 1409 4216 lo-

162 4245 256 4298 terum
282 4239 392 4320 lllopses
417 4239 503 4298 etiam
525 4236 554 4295 iu
575 4235 669 4314 prima
688 4255 760 4315 per·
799 4258 864 4315 sue,
878 4249 907 4301 et
919 4240 1146 4301 Deuteronomio
1162 4239 1321 4310 adiectum,
1339 4257 1411 4302 uon

160 4339 235 4396 sonu
249 4323 285 4385 de
303 4344 335 4387 sc
350 4323 481 4404 loquitur
495 4319 581 4382 Dent.
599 4339 664 4403 cap.
678 4319 717 4398 ll,
730 4342 758 4384 u.
800 4324 859 4386 alia
877 4323 991 4386 videtur
1009 4324 1083 4386 ratio
1098 4324 1202 4401 luisse,
1216 4340 1304 4405 qurum
1318 4331 1354 4384 ut
1369 4325 1409 4386 in
