2930 4736
184 159 247 220 438
583 173 768 220 mosomus
790 169 953 218 omniura

144 253 176 315 io
196 251 377 314 adstruenda
395 249 509 314 unitate
520 250 673 314 Ecclesiae
685 253 745 315 vel·
784 267 890 312 omnes
902 269 937 312 ex
949 267 1046 330 aequo
1065 267 1173 312 munus
1185 251 1382 331 apostolicum

142 337 187 398 uti
211 337 319 397 motivo
335 382 344 410 ,
362 353 416 396 cnr
439 334 573 399 Christus
599 337 636 398 ad
657 337 742 400 illum
783 334 1384 417 acceperunt,omnesamplitudinempo

142 419 360 482 instituendum
380 428 532 500 permotus
550 419 602 482 eit.
785 417 900 480 testatis
925 418 1107 499 apostolicae
1125 417 1313 496 habueruut,
1332 439 1383 501 per

184 505 263 567 Note
287 503 318 565 2.
350 504 553 582 drgumeuto,
583 503 661 586 quod
689 522 742 585 pro
783 520 874 582 quain
894 501 1006 583 ubique
1021 501 1169 566 Christum
1188 507 1395 581 annuntiare,

141 584 220 650 Petri
236 586 364 670 primatu
385 587 563 650 adducimus
580 607 615 650 ex
633 587 741 651 Tradi·
782 585 929 648 Ecclesias
939 585 1077 662 laudare,
1091 583 1284 649 Sacramenta
1294 589 1382 650 mini·

141 671 241 748 tione,
260 671 340 733 caria
359 671 505 734 obiiciunt
521 671 738 749 Protestantes,
781 667 1381 750 strare,SpiritumS.dare,etaliaomnia

140 773 218 838 quae
245 754 376 820 breviter
401 757 505 818 saltem
535 757 674 819 refellere
703 775 739 819 o·
780 771 919 819 erescere
929 762 1080 834 poterant,
1090 773 1167 835 quae
1179 755 1216 816 ad
1229 755 1379 836 publicum

140 846 250 922 portet.
780 836 930 902 Ecclesiae
944 838 1078 916 regimen
1099 841 1265 902 necessaria
1283 851 1378 903 erant.

183 924 249 988 oti.
271 923 300 984 l.
321 921 449 985 Tantum
468 922 570 1000 abest,
587 931 621 985 nt
636 922 739 988 Patres
779 918 835 986 Sed
857 923 925 984 ideo
945 925 1115 984 nullatenus
1137 933 1270 1002 negant,
1294 924 1380 986 Petro

138 1003 227 1069 Petro
247 1009 408 1088 primatum
427 1007 642 1070 iurisdictionis
653 1009 749 1072 adin·
779 1006 865 1068 solia
883 1003 1001 1070 Christo
1020 1007 1180 1088 primatum
1205 1027 1379 1072 concessum

139 1091 318 1168 dicaverint,
333 1093 476 1173 utpotius
498 1091 737 1172 frequentissime
779 1090 897 1166 tuisse,
930 1109 1019 1173 quem
1056 1091 1128 1152 alibi
1164 1093 1251 1155 claris
1282 1093 1380 1155 verbis

138 1184 360 1252 contestentur,
380 1193 484 1238 omnes
506 1176 664 1257 Apostolos
682 1196 736 1258 pa·
779 1175 965 1255 profitentur.
979 1209 1021 1222 -
1035 1174 1069 1236 ld
1086 1176 1269 1238 luculentius
1285 1188 1378 1260 patet,

68 1335 76 1346 ἱ
139 1277 278 1339 rem,sen
291 1261 443 1342 aequalem
457 1259 598 1322 habuisse
609 1269 738 1342 potesta·
777 1257 803 1320 si
820 1259 885 1322 loca
903 1259 991 1323 nobis
1010 1259 1127 1323 obiecta
1143 1261 1311 1324 accuratius
1326 1282 1378 1324 en-

137 1351 210 1408 tem.
235 1345 279 1408 lta
301 1345 333 1409 8.
355 1345 524 1425 Cypriacae
541 1346 589 1426 (l)
604 1363 673 1407 cum
692 1347 738 1409 di·
778 1343 950 1425 planantur.
964 1345 996 1408 S.
1013 1345 1184 1424 Cyprianus
1197 1345 1331 1427 loquitur
1342 1348 1378 1408 de

136 1429 396 1506 risset,Christnm
410 1438 476 1510 post
487 1431 736 1494 resurrectionem
778 1435 923 1508 potestate
933 1437 1056 1510 peccata
1070 1429 1239 1491 remittendi
1256 1438 1288 1494 ei
1304 1434 1377 1492 reti·
1399 1452 1401 1465 ¹

136 1511 286 1594 Apostolis
310 1513 451 1576 omnibus
472 1533 573 1595 parem
603 1522 735 1596 potesta·
777 1511 1402 1594 nendi,quamClrristusexaequoomui-l

137 1606 197 1658 tem
222 1596 379 1675 tribuisse,
404 1596 474 1660 iude
498 1597 604 1660 infert:
634 1597 735 1661 clloc
778 1595 834 1658 bus
861 1595 1010 1677 Apostolis
1041 1597 1179 1674 tradidit,
1211 1606 1241 1658 et
1265 1596 1376 1660 ibidem

136 1689 222 1742 erant
249 1681 352 1762 utique
381 1680 536 1763 Apostoli,
567 1682 647 1763 quod
679 1682 736 1745 luit
778 1680 944 1761 perspicuis
962 1681 1059 1745 verbis
1083 1682 1240 1762 profitetur
1263 1683 1376 1762 prima-

135 1760 259 1842 Petrus‚
286 1766 349 1847 pari
373 1769 523 1829 consortio
550 1766 678 1847 praediti
705 1775 736 1830 et
778 1772 859 1842 tum;
875 1765 917 1826 ait
928 1764 1026 1828 enim:
1045 1763 1208 1837 «Quamvis
1227 1765 1376 1846 Apostolis

135 1845 258 1911 honoris
278 1859 308 1912 et
329 1852 493 1930 potestatis.
510 1871 526 1913 n
546 1852 577 1915 8.
603 1849 733 1914 Ainbro·
776 1849 916 1912 omuibus
934 1858 1002 1930 post
1021 1850 1269 1912 resurrectionem
1290 1870 1375 1912 suam

135 1933 199 1995 note
217 1933 264 2016 (2)
282 1935 400 2016 inquit:
421 1953 438 1996 c
457 1935 510 1998 llic
527 1934 652 2010 Petrus,
681 1935 733 1996 uhi
776 1951 877 2012 parem
898 1942 1074 2014 potestatem
1098 1934 1209 1996 tribuat
1226 1942 1255 1996 et
1274 1935 1372 1998 dicate

135 2017 267 2094 audivit,
290 2037 342 2080 vos
365 2028 489 2095 autem,
519 2018 591 2100 quid
616 2035 663 2080 me
684 2018 733 2080 di·
774 2016 905 2096 Accipite
918 2017 1066 2097 Spiritum
1083 2018 1114 2082 8.
1135 2026 1208 2096 ele,
1226 2025 1326 2082 tamen
1343 2029 1377 2082 ut

134 2099 227 2162 citis?
258 2103 357 2164 statim
395 2103 452 2165 loci
487 2121 548 2164 uon
576 2102 734 2164 immernor
775 2099 1377 2180 unitatemmanilestaret‚unitatiseius·

133 2184 180 2244 sui
193 2184 354 2265 primatum
382 2187 458 2266 egit:
480 2187 640 2267 primatum
663 2203 734 2249 con·
771 2183 842 2246 dem
866 2185 1011 2263 originem
1031 2187 1068 2248 ab
1094 2206 1154 2248 uno
1179 2186 1374 2268 incipientem

133 2267 273 2330 sessionis
300 2270 416 2350 utique,
429 2289 488 2331 non
517 2270 650 2347 honoris,
674 2271 734 2351 pri·
773 2285 829 2330 sua
846 2271 1023 2332 auctoritate
1038 2269 1196 2352 disposuit.
1213 2269 1276 2332 Hoc
1290 2282 1377 2334 erant

133 2360 245 2414 matum
264 2353 344 2430 fidei,
366 2373 426 2415 non
445 2354 577 2431 ordinis3
596 2373 612 2416 r
637 2363 666 2416 et
684 2354 732 2434 (3)
774 2352 879 2434 utique
895 2353 1051 2435 Apostoli,
1071 2355 1150 2435 quod
1168 2355 1225 2418 luit
1242 2353 1373 2436 Petrus,

133 2434 195 2499 eit:
215 2456 230 2497 ‹
251 2435 385 2518 Denique
399 2437 469 2499 audi
483 2438 643 2500 dicentem:
670 2439 733 2502 Tibi
773 2439 838 2516 pari
858 2438 1008 2502 consortio
1026 2440 1163 2519 praediti,
1191 2448 1222 2500 et
1251 2439 1374 2504 honoris

132 2519 205 2583 ᾱαῠο
226 2519 371 2584 eleum...
394 2521 472 2603 quod
498 2521 586 2585 Petro
610 2522 730 2601 dicitur,
772 2530 802 2581 et
818 2523 989 2600 potestatis:
1010 2523 1063 2586 sed
1074 2524 1229 2588 exordium
1248 2524 1287 2585 ab
1306 2525 1374 2586 uni-

132 2603 238 2666 ceteris
257 2605 406 2687 Apostolis
428 2605 583 2668 dicitur.»
612 2607 644 2670 S.
658 2607 730 2670 Hie·
772 2611 835 2666 tate
851 2605 1069 2685 proficiscitur,
1099 2615 1133 2669 nt
1160 2608 1296 2670 Ecclesia
1312 2628 1375 2672 una

133 2702 278 2769 roupmos
296 2689 344 2770 (l)
366 2689 490 2752 scribit:
522 2689 680 2753 «loannes
702 2701 732 2752 et
772 2698 954 2752 monstretur
969 2710 998 2752 n.
1021 2724 1066 2740 -
1086 2692 1118 2755 S.
1143 2690 1319 2755 Ambrosius
1341 2693 1372 2754 in

131 2768 276 2849 lacobus,
307 2773 378 2856 quie
407 2775 473 2855 plus
497 2775 604 2837 ceteris
627 2775 730 2855 petio·
771 2772 864 2852 priori
889 2773 955 2837 loco
984 2773 1072 2838 nobis
1098 2794 1157 2839 nou
1182 2777 1371 2856 adversatur,

46 2845 55 2864 ³
131 2864 213 2931 runt,
233 2876 293 2919 uon
315 2859 566 2938 impetraveruut3
587 2866 731 2922 ettamen
771 2857 822 2936 qui
846 2857 936 2920 etiam
962 2858 1147 2940 profitemur,
1167 2858 1371 2922 Petrumnon

132 2955 192 3001 nou
216 2951 261 3002 cst
279 2959 381 3002 eornm
406 2943 534 3021 dignitas
558 2941 729 3019 imminuta,
770 2939 972 3005 utPrimatcm
985 2942 1092 3005 Christi
1103 2942 1288 3007 divinitatem
1300 2963 1373 3008 con·

131 3024 202 3102 quia
216 3025 500 3106 reliquisllpostolis
517 3027 658 3107 aequales
669 3027 732 3088 lue·
769 3022 880 3088 fessum
899 3045 975 3102 esse,
995 3025 1066 3107 quia
1087 3028 1275 3091 solummodo
1298 3048 1373 3108 pru·

131 3117 212 3168 runt.
226 3127 242 3168 r
257 3109 289 3172 S.
311 3109 443 3189 Ggia'llus
459 3111 546 3173 Aloe.
561 3111 622 3191 (5),
640 3110 728 3173 dicit:
770 3115 836 3188 pter
847 3109 923 3172 bano
934 3111 1150 3174 consessionem
1164 3113 1310 3193 primatus
1321 3113 1371 3176 iu·

132 3188 288 3252 «Petrum
311 3202 341 3254 et
362 3191 502 3256 loannem
533 3195 625 3256 luisse
643 3212 730 3274 pares
769 3191 950 3258 risdictionis
974 3194 1030 3275 ipsi
1053 3195 1216 3274 promissus
1237 3197 1307 3259 luit.
1338 3197 1372 3260 ln

130 3271 162 3334 in
184 3272 297 3337 honore
317 3295 352 3342 ac
373 3277 528 3355 dignitate.
547 3297 563 3338 s
582 3278 615 3342 S.
636 3279 731 3342 isido-
770 3277 928 3355 posteriori
956 3277 1022 3342 loro
1049 3277 1079 3340 S.
1105 3277 1215 3342 ltoctor
1237 3281 1372 3362 loquitur

129 3373 185 3419 ros
205 3359 290 3439 Hisp.
311 3361 358 3441 (6)
381 3361 455 3422 baec
480 3360 587 3432 habet:
613 3361 730 3426 ‹Cete-
770 3359 807 3422 de
840 3369 985 3442 potestate
1017 3363 1189 3426 remittendi
1222 3375 1368 3446 peecata,

129 3440 307 3522 ridpostoli
326 3463 395 3507 cum
408 3443 507 3507 ¹Petro
530 3465 585 3527 par
603 3464 729 3510 consor·
770 3444 909 3510 omnibus
935 3439 1086 3526 Apostolis
1107 3465 1143 3508 er
1170 3465 1267 3529 aequo
1294 3468 1369 3512 con-

131 3524 204 3585 tium
228 3525 349 3589 honoris
372 3536 404 3590 et
425 3529 578 3609 potestatis
602 3549 728 3612 aeoepu-
769 3546 869 3606 cessam
887 3529 1041 3592 contendit
1058 3530 1139 3593 enim
1159 3532 1368 3594 contraNora·

68 3609 73 3619 '
129 3618 210 3671 runt.
227 3629 243 3671 n
263 3609 341 3690 Ergo
359 3608 410 3673 SS.
431 3612 534 3676 Patres
549 3614 663 3676 nullasu
680 3632 731 3695 po·
770 3613 1171 3694 lianos,potestatem,quanu
1180 3626 1299 3678 exercet
1309 3615 1369 3680 uc-

129 3693 255 3771 testatis,
270 3713 323 3757 seu
342 3695 555 3760 iurisdictionis
566 3716 728 3781 praeroga·
768 3696 860 3766 clesia
880 3697 911 3759 in
929 3697 1115 3761 remittendis
1138 3699 1281 3778 pecca-tis,
1307 3719 1370 3762 nou

92 3795 103 3806 “
118 3777 218 3842 'ticam
235 3779 265 3842 in
281 3777 367 3844 Petro
382 3791 559 3862 agnoscunt.
768 3798 834 3844 osse
848 3790 1033 3862 usiirpatam,
1045 3782 1097 3844 sed
1109 3781 1138 3845 ei
1150 3801 1168 3844 a
1178 3781 1295 3848 ¹Christo
1307 3785 1370 3844 oul-

169 3867 256 3947 Rcsp.
277 3863 329 3929 SS.
352 3865 455 3929 Patres
480 3866 511 3928 in
538 3865 610 3926 locis
631 3863 740 3927 citatis
768 3865 855 3926 latam
872 3873 934 3927 turn
951 3864 981 3927 in
999 3864 1099 3942 Petro,
1113 3873 1177 3927 turn
1198 3866 1228 3928 in
1242 3868 1369 3948 reliquis

100 4001 103 4011 .
128 3953 242 4011 tanturn
262 3955 411 4028 asserunt,
432 3969 519 4030 pares
537 3950 628 4014 luisse
644 3949 726 4034 Apo·
766 3947 926 4032 Apostolis.
939 3949 1009 4014 -S.
1017 3950 1220 4029 Hieronymus
1233 3951 1271 4014 de
1284 3950 1371 4032 Apo·

89 4029 102 4064 ¹¹
128 4033 219 4094 stolus
234 4034 264 4095 in
277 4033 453 4097 auctoritate
469 4034 643 4115 apostolica,
656 4037 727 4118 quia
767 4033 849 4096 stolis
864 4034 894 4096 in
910 4050 1017 4114 genere
1037 4033 1181 4114 loquitur,
1197 4042 1227 4094 et
1247 4035 1277 4094 id
1298 4043 1370 4096 tan-

128 4117 383 4180 orunesaChristo
399 4120 492 4180 vocati
506 4125 535 4180 et
550 4118 724 4196 missisunt,
768 4128 828 4180 tum
848 4118 996 4194 observat,
1016 4116 1157 4180 loannem
1178 4125 1207 4180 et
1224 4117 1371 4184 iacobum

168 4243 188 4296 Ι)
200 4246 224 4293 la.
233 4246 264 4294 de
273 4252 332 4296 uult.
342 4253 401 4299 ecel.
430 4251 461 4308 (2t
474 4252 496 4296 L.
508 4251 538 4296 de
548 4251 725 4299 incumbet.
805 4250 826 4308 5)
843 4250 868 4296 ln
885 4251 957 4309 Epist.
973 4249 1001 4296 ad
1015 4249 1158 4298 Nestorium.

164 4303 187 4360 ὅ)
203 4307 227 4350 ln
244 4307 279 4352 Pe.
295 4309 330 4354 58.
431 4310 461 4372 (l)
479 4310 533 4356 ido.
548 4310 621 4356 lovlu.
805 4313 827 4366 u)
843 4309 892 4356 Lib.
907 4312 922 4356 2
937 4309 967 4358 de
982 4307 1042 4356 offic.
1059 4321 1079 4355 c.
1096 4311 1118 4356 5.
