2934 4736
211 217 272 282 ‘allii
610 229 795 277 ansonocma
813 225 975 273 oensnnnrs

209 318 240 380 6.
271 313 406 398 lienique
430 301 639 394 antiquissimu
661 328 770 373 mouu-
810 305 988 369 creditor.»
1011 339 1050 352 -
1068 299 1154 368 llatlo
1177 299 1268 366 buius
1290 302 1423 386 regulae
1462 313 1463 348 t

166 407 278 475 menta,
298 401 340 461 uti
354 419 382 464 e.
403 417 431 477 g.
452 395 637 479 epigraphia,
653 413 706 457 seu
724 393 770 456 in·
810 399 867 467 est,
888 389 958 471 quia
977 397 1118 452 constans
1128 396 1158 450 et
1169 387 1349 450 universalis
1362 389 1423 452 lic·

166 485 355 568 scriptiones,
378 483 532 566 picturae,
548 490 663 542 statuae
682 487 768 542 retu·
810 473 918 536 clasiae
934 473 1094 535 'consensio
1113 471 1191 534 circa
1206 473 1339 553 aliquam
1360 474 1421 535 do-

165 578 243 647 stae,
257 569 437 631 numismata
452 566 767 649 priorumtemporum
810 558 935 630 ctrinam
949 557 1089 641 explicari
1101 575 1160 617 non
1172 564 1280 640 potest,
1296 555 1358 618 nisi
1375 557 1422 619 di-

165 661 196 715 et
221 654 280 717 alia
305 651 445 715 hincinde
471 648 614 711 inservire
645 653 770 730 possunt
810 650 910 721 catur,
928 641 1009 726 ipsos
1026 639 1182 723 Apostolos
1201 639 1276 702 hanc
1297 641 1422 721 praedi·

165 736 202 800 ad
225 738 332 802 ueteris
358 733 510 800 Ecclesiae
533 731 624 796 iidem
654 749 767 812 cogno-

165 824 307 888 scendam
321 822 382 904 (l).
470 919 473 924 Ι

360 983 532 1036 Ansscvzus
545 981 577 1031 7.

254 1098 398 1150 Traditlonls
413 1095 507 1144 dlvlnae
521 1085 679 1142 characteres.

402 1197 433 1269 ς.
453 1201 532 1252 eoo.

206 1309 290 1376 Sicut
307 1309 408 1388 magni
426 1304 571 1368 momenti
585 1310 650 1382 est,
662 1310 768 1371 utnon

164 1395 333 1480 Scripturas
352 1391 528 1475 apocriphas
546 1407 601 1471 pro
616 1387 769 1450 canonicis

164 1497 354 1554 veneremur,
374 1477 417 1539 sic
431 1476 521 1537 etiam
541 1473 703 1556 plurimum
718 1472 767 1534 in-

164 1574 271 1642 terest,
288 1571 322 1625 ut
340 1580 401 1624 non
426 1559 599 1621 traditiones
621 1557 769 1619 humanas

164 1658 195 1714 et
215 1648 334 1731 spurias
353 1663 405 1730 pro
425 1644 533 1705 divinis
554 1641 766 1722 suscipiamus.

164 1731 422 1806 Quemadmodum
438 1735 537 1790 autem
559 1727 768 1805 characteres,

138 1839 145 1859 ³
165 1839 218 1882 sou
236 1817 357 1898 regulae
367 1819 478 1889 extant,
493 1809 675 1892 Scripturam
694 1829 769 1892 apo·

167 1903 336 1988 cryphama
354 1898 455 1962 divina
466 1894 656 1972 secernendi,
669 1894 712 1956 sie
727 1901 771 1956 et-

164 1989 225 2050 iam
237 1983 437 2060 characteres,
449 2000 503 2043 seu
515 1980 634 2058 regulae
647 1978 767 2058 dantur,

166 2071 277 2154 quibus
292 2067 468 2132 traditiones
479 2064 597 2126 divinae
609 2063 646 2124 ab
659 2061 769 2124 bume-

164 2157 213 2219 nis
226 2163 255 2216 et
266 2151 375 2234 spuriis
387 2151 612 2230 dignoscantur.
628 2146 672 2208 Ad
682 2145 711 2206 id
724 2146 770 2209 di·

809 745 904 804 oasse,
924 734 954 788 et
972 725 1006 787 ad
1024 724 1203 787 credendum
1218 730 1252 784 ut
1267 723 1341 787 lidei
1360 725 1420 787 do-

809 807 1421 892 gmaproposuisse.——lmostatutaregu

702 928 706 935 -
809 896 837 956 la
855 893 1043 958 infallibilem
1070 891 1236 954 traditionis
1253 893 1420 956 characte-

808 995 871 1040 rem
886 977 1016 1054 exhibet,
1036 977 1061 1038 si
1077 975 1356 1058 attendntm(quod
1370 977 1420 1040 in·

810 1061 903 1124 serius
919 1060 1082 1143 probatur)
1103 1060 1166 1122 fieri
1182 1079 1241 1121 non
1261 1078 1367 1144 posse,
1385 1069 1420 1124 ut

808 1145 961 1208 Ecclesiae
973 1163 1076 1208 omnes
1093 1143 1226 1206 omnium
1241 1151 1417 1228 temporum

809 1237 839 1292 et
855 1229 989 1292 locorum
1007 1229 1037 1290 in
1053 1228 1182 1290 errorem
1200 1227 1269 1290 lidei
1287 1230 1419 1312 opposi-

809 1321 873 1374 tum
882 1315 1087 1396 prolabantur,
1099 1313 1185 1374 velut
1196 1320 1340 1393 tanquam
1351 1331 1421 1374 ver·
1464 1327 1465 1330 ’

808 1395 879 1460 bum
899 1397 952 1470 Dei
966 1397 1118 1460 venditent
1134 1396 1290 1478 opiniones
1308 1395 1421 1459 huma-

809 1499 881 1558 nas,
901 1480 1072 1544 institutave
1090 1498 1172 1541 mere
1193 1479 1417 1544 ecclesiastica:

809 1565 888 1647 quod
903 1585 1056 1648 nunquam
1077 1565 1153 1640 lore,
1166 1564 1238 1624 certi
1257 1583 1366 1626 sumus
1383 1585 1419 1627 er

809 1649 917 1712 divinis
948 1647 1196 1731 promissionibus
1215 1647 1282 1729 (3):
1304 1649 1420 1712 Portae

809 1733 902 1816 iraseri
932 1752 994 1796 noro
1022 1731 1235 1816 praevalebunt
1271 1734 1419 1796 adversus

809 1836 884 1881 enm.
899 1815 1011 1897 Regula
1026 1825 1124 1879 autem
1140 1814 1288 1878 Vincentii
1300 1815 1417 1896 Lirim,

809 1911 843 1963 ut
860 1910 940 1964 recte
959 1902 1135 1986 applicetur,
1147 1899 1354 1964 declaratione
1371 1901 1420 1963 in·

808 1986 889 2064 diget
902 1985 961 2066 (4).

863 2070 892 2132 l.
913 2067 950 2134 Ut
968 2067 1104 2133 doctrina
1132 2065 1273 2130 divinitus
1303 2068 1419 2131 tradita

809 2161 976 2230 censeatur,
990 2160 1059 2215 ante
1077 2152 1177 2214 omnia
1192 2169 1267 2232 opus
1281 2161 1328 2214 est
1345 2162 1382 2215 ut
1402 2173 1419 2216 a

164 2238 358 2303 iudicandum
374 2236 451 2297 duae
469 2232 588 2312 regulae
608 2230 696 2291 statui
717 2249 768 2292 so-

808 2236 923 2300 Christo
942 2245 972 2300 et
982 2236 1131 2318 Apostolis
1149 2234 1293 2314 originem
1309 2235 1416 2301 ducat.

164 2325 240 2400 lent,
259 2339 385 2404 quarum
412 2317 495 2402 prior
509 2315 657 2398 position,
676 2315 769 2378 altera

808 2320 877 2384 ldeo
896 2321 926 2384 in
946 2322 1048 2400 regula
1066 2321 1175 2383 dicitur
1192 2319 1222 2381 id
1241 2339 1294 2402 pro
1313 2323 1417 2386 tradi·

164 2407 303 2492 negativo
321 2404 380 2467 dici
398 2409 506 2485 potest.
810 2404 890 2468 tione
910 2405 1010 2470 divina
1028 2404 1198 2468 habendum
1213 2423 1279 2466 esse
1299 2407 1417 2487 «quod

808 2505 926 2573 semper
940 2490 1085 2552 creditum
1102 2497 1176 2553 est)
1195 2495 1225 2550 et
1242 2489 1417 2572 antiquita·

399 2546 429 2618 ς’
456 2552 536 2600 ²⁰¹·
808 2583 869 2636 tem
888 2593 943 2637 nos
965 2575 1051 2655 sequi
1077 2573 1197 2636 debere.
1217 2571 1282 2634 Non
1309 2583 1419 2638 autern

344 2646 362 2693 ¹·
373 2645 463 2700 ΜΨ
478 2642 588 2701 ⁹⁰¹¹²¹”⁴
809 2677 884 2738 opus
900 2667 956 2737 est,
976 2667 1009 2720 ul
1028 2658 1160 2719 omnium
1180 2658 1373 2720 saeculorum
1402 2681 1420 2721 a

205 2745 347 2825 Regulam
374 2739 553 2822 P⁰⁸iiilaffl2
581 2755 659 2822 quae
688 2743 768 2799 cella
809 2741 924 2805 Christo
943 2761 1037 2822 usque
1057 2742 1092 2804 ad
1110 2760 1164 2805 nos
1179 2741 1250 2803 lldes
1268 2744 1419 2808 ostenda-

167 2829 334 2895 traditionis
351 2825 469 2889 divinae
487 2823 606 2886 criteria
624 2822 767 2900 assignat,
810 2835 868 2905 tur,
883 2827 934 2888 sed
951 2826 1058 2888 sufficit
1070 2835 1101 2887 ut
1112 2844 1275 2888 consensus
1287 2825 1418 2890 Petrum

166 2917 270 2978 statuit
285 2911 455 2978 Vincentius
465 2907 659 2985 Lirio.,dum
674 2906 768 2968 insuo
808 2918 860 2972 aut
877 2910 1076 2973 Ecclesiarum
1089 2910 1192 2988 trium,
1208 2919 1259 2973 ant
1277 2910 1420 2993 quinque

151 2995 399 3064 1C01hm0nil0ri0
418 2995 501 3070 dicit,
527 2992 559 3055 id
577 2991 690 3072 absque
708 2991 769 3052 ulla
809 2995 940 3076 priorum
956 2996 1143 3056 saeculorum
1163 2995 1329 3072 evincatur,
1345 2999 1421 3078 qui.

166 3083 352 3147 dubitatione
371 3097 435 3142 esse
456 3076 659 3152 credendum,
679 3083 768 3157 atque
808 3079 864 3142 bus
887 3079 1006 3142 traditio
1024 3079 1308 3160 divino-apostolica
1331 3081 1420 3162 opti-

166 3188 222 3230 ceu
244 3167 352 3246 dogma
376 3162 519 3225 divinitus
535 3161 710 3236 revelatum,
730 3159 767 3221 ad
808 3182 856 3225 me
880 3163 1020 3225 innotuit.
1044 3161 1154 3235 Quodsi
1175 3163 1332 3243 probatum
1353 3164 1417 3244 sit,

166 3253 296 3314 diuinam
309 3247 499 3311 traditionem
514 3245 705 3307 meritissime
717 3262 768 3305 re·
808 3247 935 3309 eandem
959 3247 1059 3323 iidem,
1076 3265 1153 3328 quae
1171 3245 1285 3309 inistis
1302 3266 1420 3312 saecu·

167 3335 239 3398 ferri
259 3341 409 3416 oportere,
426 3329 537 3412 ‹quod
551 3329 676 3410 ubique,
689 3327 767 3408 quod
808 3330 845 3393 lis
867 3331 975 3410 riguit,
997 3331 1105 3393 nostris
1124 3349 1243 3412 quoque
1262 3333 1418 3415 tempori·

161 3436 298 3500 semper,
318 3415 399 3498 quod
418 3414 455 3477 ab
470 3414 609 3476 omnibus
623 3413 767 3474 creditum
809 3415 864 3476 bus
878 3415 988 3494 rigere,
1003 3413 1064 3478 iam
1082 3413 1188 3478 exinde
1202 3423 1329 3490 constat,
1350 3416 1416 3478 do-

169 3509 225 3566 est.
249 3500 335 3574 Quod
358 3499 481 3582 quidem
500 3501 543 3576 nt,
563 3497 588 3559 si
608 3513 770 3577 sequamur
808 3501 935 3562 ctrinam
962 3500 1120 3562 revelatam
1146 3499 1178 3561 in
1206 3500 1334 3562 saeculis
1356 3499 1415 3562 in-

167 3581 651 3664 universalitatem,antiquitatem
661 3588 769 3642 etcon-
809 3584 962 3646 termediis
979 3595 1150 3665 corruptam
1164 3601 1225 3648 non
1241 3583 1345 3648 luisse.
1359 3583 1418 3647 Ce·

168 3664 770 3735 sensionem.›Cumbocellaloconrenit
808 3676 904 3732 terum
920 3666 1039 3730 traditio
1063 3667 1197 3732 omniurn
1223 3668 1416 3732 saeculorum

169 3747 769 3832 eliamsententias.Attpuslini,qui(2)
809 3752 959 3836 usquead
983 3751 1136 3815 saeculum
1166 3751 1417 3834 decimumquar-

169 3841 262 3904 dicit:
282 3837 394 3911 (Quod
414 3835 553 3898 universa
570 3840 651 3896 tenet
669 3833 771 3896 llccle·
809 3845 871 3898 tum
895 3837 974 3899 circa
993 3837 1135 3917 pleraque
1164 3835 1302 3914 deginata
1326 3835 1418 3898 exbi-

169 3924 227 4001 sia,
245 3943 300 3987 nec
318 3941 336 3985 a
353 3919 493 3984 Conciliis
510 3917 697 3994 institutum,
717 3917 768 3980 sed
810 3919 899 3983 betur
915 3922 946 3982 in
965 3918 1418 3989 rtescorodoccti..1dcmlere

170 4025 290 4088 semper
302 4013 451 4068 retentum
463 4009 518 4076 est,
532 4002 652 4064 nonnisi
670 4009 771 4064 aucto·
809 4023 904 4086 usque
916 4005 953 4066 ad
963 4002 993 4068 S.
1012 4004 1195 4068 bernardum
1215 4011 1347 4086 praestat
1362 4003 1420 4067 lli·

126 4134 128 4138 -
170 4090 259 4152 ritate
272 4087 435 4170 apostolica
451 4085 591 4147 traditum
606 4085 771 4148 rectissime
810 4085 1175 4151 bliothecamanualisSSr
1186 4085 1306 4149 Petrum
1320 4108 1337 4149 a
1351 4089 1422 4153 lbi·

809 4173 912 4236 coletio
930 4173 1021 4234 edita.

174 4245 400 4362 eab'.)tlc‘e‘tpse.mne
410 4245 439 4290 de
449 4244 507 4290 lools
522 4242 596 4291 theol.
606 4240 666 4302 pli,
676 4243 733 4288 sect
742 4242 771 4302 ll,

167 4353 170 4360 ’
205 4362 235 4419 (2)
252 4363 325 4408 cren
341 4361 370 4407 ee
382 4361 446 4420 capr,
458 4372 510 4420 cap,
524 4359 563 4414 ῃ,
578 4372 601 4405 ῃ,
616 4357 655 4405 3,
840 4301 873 4356 (a)
888 4300 968 4348 naeth.
983 4301 1021 4361 rc,
1036 4301 1075 4352 ta.

841 4357 872 4418 lt)
889 4360 915 4403 V.
926 4359 1016 4420 lllirplel
1032 4361 1121 4420 Proleg.
1137 4361 1157 4424 ἕ.
1171 4363 1208 4412 5³.
