2930 4736
216 189 283 274 ΗΒ
561 258 564 266 ,
620 211 807 260 mutuarer
820 209 986 258 emunata

174 284 259 348 dicit:
280 307 297 349 r
321 287 353 352 In
369 287 457 356 Petro
471 288 524 366 Ilei
547 290 681 359 Ecclesia
704 291 780 356 coli·
823 287 907 362 iluud
922 289 1058 353 Christus
1075 287 1166 370 digito
1185 287 1307 352 exterso
1327 287 1424 354 sein·

175 369 274 449 datur‚
297 373 348 456 qui
369 375 449 438 iuxta
464 377 702 458 praerogatiuam
718 373 780 440 sihi
823 374 978 451 dicaverit,
999 374 1106 436 nullibi
1130 371 1249 451 legiuir.
1278 371 1352 434 ldeo
1370 375 1424 438 lli-

174 473 192 514 u
213 453 341 520 Domino
360 478 533 525 concessam
554 461 653 538 timna,
681 468 711 524 ct
728 477 780 522 sa·
823 458 935 524 rlradlis
953 458 1002 540 (l)
1025 459 1082 522 ait:
1108 477 1125 520 r
1148 457 1227 519 lnter
1244 465 1377 537 petram,
1397 467 1424 521 ct

175 537 324 607 lidissima
340 552 495 623 petraest,
514 541 783 626 minorquamSal·
823 551 936 623 mrum
962 541 1156 621 distinguere,
1179 561 1215 603 ac
1234 541 1351 620 dicere,
1371 561 1424 625 pe-

173 631 258 685 rator
274 624 439 690 Ecclesiam
460 628 638 697 aedificarit.
656 647 725 688 r-
744 626 780 692 S.
823 635 897 692 tram
913 645 978 690 uass
989 625 1151 704 Christum,
1165 625 1340 706 ipsumque,
1353 627 1423 692 dum

173 707 353 774 Ambrosius
379 711 426 793 (l)
450 719 601 790 testatur,
629 709 779 777 Christum
822 709 952 773 diceret:
972 719 1000 772 rt
1016 727 1106 792 cuper
1130 711 1206 774 horu
1226 717 1350 790 petrum
1365 717 1421 774 etc.

173 787 261 853 Petro
282 811 407 874 regnum
429 796 589 873 dedisse,‹
609 815 780 877 quomrum
822 793 918 874 digito
938 801 1063 856 extenso
1078 811 1112 856 sa
1136 793 1298 870 indicasse,
1316 807 1365 857 est
1380 797 1426 856 in·

173 873 293 938 Petram
314 877 407 958 dicit,
427 879 653 945 tundamentum
674 877 780 944 Ecclc-
822 878 996 961 terpretatio
1023 877 1200 940 horrendam
1231 876 1374 940 indicans
1400 879 1425 941 i·

173 958 397 1042 siasindicarit.
410 963 514 1028 r-S,
523 965 723 1046 Hieronymus
731 964 779 1044 (2)
820 961 1019 1040 gnunntiaru,
1037 971 1067 1024 ct
1085 961 1194 1041 dicitas
1214 962 1425 1045 niaximupar-

174 1043 235 1106 uit:
258 1064 273 1105 c
295 1041 332 1109 Ut
349 1045 432 1110 Plato
454 1049 511 1112 luit
538 1049 677 1133 princeps
705 1047 779 1110 unt,
821 1045 894 1108 tium
910 1047 1013 1108 studio
1025 1045 1193 1108 laborantis
1204 1045 1421 1128 interpretis.»

177 1128 385 1210 losuphorum,
401 1132 443 1195 itu
455 1132 777 1214 Petrnsdpostolnrum
818 1161 860 1178 -
878 1130 912 1212 h)
930 1129 1041 1192 Paulus
1066 1130 1114 1213 (8)
1134 1149 1194 1191 uun
1222 1129 1364 1210 loquitur
1389 1132 1425 1192 de

137 1253 141 1263 ·
173 1210 243 1289 luit,
266 1232 358 1296 super
379 1235 468 1297 quem
496 1216 629 1280 Ecclesia
658 1215 777 1280 Domini
819 1221 1028 1295 parumper
1048 1233 1139 1295 quam
1165 1213 1301 1277 Christus
1320 1213 1425 1278 Eccle-

174 1296 275 1358 stabili
294 1299 372 1361 mule
402 1300 526 1364 lundata
544 1309 601 1379 est,
620 1319 697 1383 quae
721 1319 777 1364 occ
818 1299 893 1360 siam
908 1299 1086 1375 aedificavit,
1100 1298 1152 1360 sed
1169 1297 1207 1359 de
1220 1307 1306 1380 petra
1318 1317 1425 1380 usqua

175 1379 290 1463 impetu
304 1383 449 1462 huminis,
463 1403 518 1450 ucc
530 1385 591 1450 ulla
601 1393 778 1466 tempestate
818 1382 855 1444 ad
877 1381 1098 1463 percussionem
1120 1381 1226 1463 ldoysis
1247 1381 1278 1442 in
1301 1381 1424 1446 deserto

173 1467 345 1530 concutitur
368 1468 427 1549 (3).
446 1484 462 1530 t
818 1485 895 1547 aqua
912 1466 1061 1543 scaturiit,
1075 1475 1201 1547 ctqnarn
1221 1464 1335 1529 Christi
1346 1467 1423 1545 ligu-

217 1549 307 1612 Noto.
340 1550 448 1614 Contra
467 1561 674 1632 argumentum
698 1551 777 1614 istud
818 1550 1423 1633 ramnppellat3ineptissimeergorerba

174 1632 277 1695 uariae
307 1633 495 1700 difficultates
524 1635 635 1700 mareri
656 1637 777 1714 solent,
818 1633 903 1696 Pauli
935 1635 971 1696 ad
1000 1635 1176 1718 exponenda
1209 1633 1422 1698 rerbaChristi

176 1734 252 1797 quas
271 1717 603 1802 iamsolrereoportct.
818 1717 922 1782 Matth.
958 1717 1021 1780 XVI
1046 1719 1237 1782 adhibentur.
1273 1718 1305 1799 c)
1336 1717 1421 1792 Quod

218 1800 779 1887 Ohc'.l.Perpetrum‚snpraquamac·
819 1801 1422 1884 Paulus(9)dicit,Cathulicinullatenus

174 1881 314 1948 dihcatur
342 1887 474 1952 Ecclesia
501 1909 561 1952 non
587 1889 707 1967 Petrus,
725 1888 778 1952 scd
820 1898 946 1966 negant:
973 1887 1109 1950 Christus
1125 1887 1204 1949 euim
1224 1896 1282 1962 ost,
1306 1897 1339 1948 et
1359 1907 1421 1950 ma·

173 1967 309 2033 Christus
329 1970 515 2052 intelligitur,
535 1973 585 2054 qui
605 1973 697 2053 digito
724 1992 777 2036 cx·
819 1980 869 2034 net
882 1990 1000 2052 semper
1008 1972 1158 2034 Ecclesiae
1168 1980 1283 2047 auctor,
1297 1981 1330 2032 st
1342 1991 1422 2033 sunr-

173 2061 260 2116 tenso
282 2074 315 2118 sc
338 2055 435 2136 ipsum
461 2057 614 2133 iudicavit,
641 2075 708 2120 cum
728 2056 776 2119 di·
819 2074 899 2117 mum
916 2064 1017 2137 capot,
1033 2065 1122 2138 atque
1141 2055 1210 2118 idco
1226 2056 1291 2116 iure
1304 2057 1421 2136 prima-

175 2146 268 2200 cerct:
289 2139 477 2220 supernam
498 2151 694 2220 petromctc.
715 2141 776 2202 Er·
817 2139 895 2202 rium
927 2140 1008 2204 illius
1040 2140 1267 2202 tundamentum
1295 2140 1419 2218 dicitur,

174 2239 276 2302 presse
291 2223 320 2286 id
333 2224 419 2289 docet
431 2223 540 2289 Paulus
553 2225 613 2306 (d),
626 2224 773 2288 scribens:
816 2224 895 2304 quod
921 2243 1009 2286 nemo
1039 2233 1155 2286 mutare
1180 2232 1292 2304 potest.
1313 2221 1373 2286 Sed
1392 2225 1420 2286 id

174 2306 265 2370 Pctrc
290 2315 389 2372 cutem
417 2317 481 2374 erm
512 2309 661 2374 Cicirrus.
692 2308 773 2372 Idem
815 2307 895 2370 Petri
915 2308 1057 2389 primatui
1077 2307 1267 2370 nullomodo
1288 2309 1420 2389 opponi-

174 2388 333 2474 dpostulus
352 2402 457 2471 negat,
484 2393 564 2457 aliud
593 2393 774 2456 fundamen·
817 2400 874 2454 tur.
894 2391 1027 2455 Christus
1043 2393 1144 2468 enim,
1163 2393 1215 2473 qui
1244 2401 1291 2453 cst
1315 2393 1420 2455 Eccle-

175 2482 238 2536 tum
252 2475 367 2538 admitti
384 2495 470 2557 possa
484 2475 772 2560 praetchhristum;
815 2475 877 2539 siae
896 2485 1012 2552 auctor,
1029 2485 1059 2538 et
1077 2477 1168 2538 otiam
1182 2485 1252 2558 nost
1270 2481 1421 2541 ascensio·

175 2577 244 2620 nam
270 2560 325 2641 (5),
344 2560 397 2623 ait:
424 2561 666 2626 Fundamentum
690 2563 775 2628 uliud
814 2579 882 2622 nom
903 2561 933 2621 iu
961 2561 1077 2622 coelum
1104 2570 1204 2622 meoet
1233 2560 1317 2621 illius
1335 2581 1419 2622 sunr-

174 2659 261 2720 nemo
275 2652 499 2725 potestponere,
511 2647 682 2725 praeteriri,
697 2647 775 2726 quod
815 2663 897 2706 mum
915 2653 1022 2726 caput,
1041 2654 1071 2709 et
1090 2646 1320 2707 tundamentum
1341 2645 1419 2706 inci·
1457 2705 1458 2730 ,

173 2729 300 2806 positum
318 2737 371 2805 est,
391 2731 519 2809 quadrat
532 2730 668 2796 dimum
681 2731 770 2796 lesus.
814 2729 914 2803 sibile,
934 2729 1039 2804 voluit,
1057 2735 1090 2791 ut
1108 2729 1184 2790 adsit
1202 2728 1293 2790 etiam
1315 2739 1417 2809 caput,
1457 2753 1458 2788 ι

173 2809 244 2874 Ideo
257 2831 364 2892 magno
380 2831 527 2881 consensu
540 2814 629 2879 ctiam
651 2812 702 2878 SS.
720 2815 774 2876 Pa·
815 2821 844 2874 et
859 2813 1086 2876 tundamentum
1103 2813 1232 2889 risibile,
1249 2823 1281 2874 et
1298 2812 1354 2876 lroc
1367 2813 1421 2874 Pe-

175 2904 237 2958 tros
256 2907 449 2978 perpetrant,
468 2917 666 2980 superquam
688 2899 772 2964 aedi·
816 2907 894 2959 trum
921 2898 1096 2973 constituit,
1126 2906 1158 2958 nt
1175 2897 1300 2960 allatum
1330 2916 1419 2974 argu-

175 2979 282 3041 srcatur
306 2981 451 3060 Ecclesia,
480 2982 630 3046 Christum
659 2983 773 3048 intelli·
815 2990 947 3044 mentum
966 2980 1417 3063 prohat.d)llequealiter1‘a·

174 3073 259 3140 gunt,
279 3072 312 3126 ut
329 3064 538 3148 Hieronymus,
554 3066 772 3144 Theodoretus,
815 3075 874 3128 tres
890 3063 1076 3144 intelligendi
1093 3073 1182 3143 sunt,
1212 3066 1283 3126 dom
1304 3075 1415 3146 petmm

174 3145 268 3224 Beda,
299 3150 409 3213 etalii.
439 3149 503 3216 imo
534 3150 719 3231 Augustinus
737 3172 773 3212 u·
814 3149 963 3212 Christum
977 3169 1043 3214 esse
1056 3151 1170 3214 dicunt.
1184 3147 1414 3212 Solemne'cnim

175 3231 278 3293 mnino
298 3245 401 3312 negat,
433 3253 488 3319 per
504 3243 618 3316 petram
648 3235 774 3313 intelligi
815 3245 860 3296 est
872 3233 1023 3311 Patribus,
1036 3243 1069 3296 ut
1082 3234 1112 3296 in
1132 3231 1162 3296 S.
1183 3231 1359 3314 Scripturas
1372 3235 1416 3295 lu·

175 3333 262 3395 posse
275 3311 408 3394 Petrum,
425 3338 492 3384 nam
513 3319 560 3400 (u)
576 3319 659 3382 dicit:
680 3317 774 3382 ‹lluu
814 3317 857 3380 ris
876 3337 935 3380 non
954 3327 1080 3397 negato,
1106 3319 1158 3380 aed
1177 3317 1311 3380 admissu
1330 3337 1414 3380 sensu

175 3398 286 3460 dictum
305 3411 349 3464 est
366 3402 420 3465 illi:
438 3403 708 3483 acceptumst:
731 3405 774 3467 Tu
815 3402 935 3465 litterali
954 3402 1045 3464 alium
1061 3421 1180 3484 quoque
1194 3401 1411 3476 sublimiorem,

175 3498 204 3544 cr
224 3481 341 3564 Petram,
364 3495 449 3568 petra
467 3497 567 3550 autem
594 3496 657 3553 crat
684 3487 773 3554 Chri·
814 3505 867 3550 scu
885 3486 1042 3569 mysticum
1061 3496 1220 3568 quaerant.
1239 3486 1312 3548 ideo
1329 3486 1413 3547 iidem

176 3574 239 3628 stus
260 3585 289 3630 r.
710 3631 713 3640 ,
814 3569 916 3634 Patres
931 3570 1020 3633 modo
1035 3581 1215 3652 perpetrem
1231 3569 1351 3632 Petrum
1368 3569 1412 3629 in·

215 3649 303 3736 Rcsn.
328 3652 360 3732 a)
379 3651 567 3736 Perpetuam
592 3653 623 3722 in
643 3655 708 3720 loro
728 3654 773 3724 ri·
816 3655 963 3734 talligont‚
996 3656 1040 3716 uti
1069 3655 1134 3716 luca
1159 3655 1251 3716 citata
1275 3653 1413 3736 probant,

176 3742 237 3798 tato
257 3755 316 3800 non
331 3735 466 3816 Petrum,
493 3739 545 3805 sed
563 3741 659 3804 solum
685 3739 773 3806 Chri-
816 3740 902 3802 modo
918 3748 1030 3820 petram
1042 3739 1191 3802 Christum
1210 3739 1330 3815 diccunt,
1346 3738 1416 3818 quia

176 3827 254 3882 stum
274 3819 453 3900 intelligere,
476 3833 533 3900 cst,
553 3832 586 3888 ut
604 3843 639 3890 ex
662 3824 773 3906 proha·
815 3822 961 3886 Christum
987 3832 1020 3886 ut
1050 3823 1278 3885 tundamentum
1306 3822 1417 3903 prinna-

167 3903 214 3968 :tis
242 3913 381 3984 constat,
407 3917 511 3970 contra
539 3927 643 3972 ornnes
671 3927 773 3988 gram·
814 3907 945 3988 rium,et
960 3907 1120 3984 invisibile,
1140 3907 1260 3969 Petrum
1276 3924 1347 3968 reru
1364 3923 1415 3966 seu

177 3989 301 4052 maticas
327 3998 357 4056 ct
379 3991 618 4059 hermencuticas
643 3995 772 4072 regulas.
815 3991 1042 4054 tundamentum
1072 3991 1297 4068 secundarium,
1321 4000 1352 4052 ct
1376 3989 1416 4050 ri·

216 4111 239 4170 t)
254 4112 278 4160 ι,
294 4113 353 4160 ra,
368 4113 424 4174 ΜΘ,
439 4126 459 4164 0,
476 4115 499 4174 5¹
514 4128 538 4161 n.
554 4116 591 4162 54,
815 4075 1193 4158 sihilurcuerantur,qu0d
1203 4091 1415 4137 orunernsuum
1454 4109 1455 4122 ι

215 4170 237 4227 2)
252 4170 305 4216 hdr.
321 4171 397 4230 Pelag.
410 4186 432 4218 n.
449 4175 481 4219 tt.
1454 4139 1455 4175 l

207 4228 240 4282 td]
254 4227 287 4273 cl.
308 4229 417 4276 Brtsllium
439 4233 463 4277 ln
484 4243 538 4290 cap.
555 4232 572 4278 2
587 4231 645 4286 tort..
660 4234 776 4282 chersoni.
847 4233 876 4293 (l)
893 4236 966 4281 teor.
982 4235 1021 4295 lh,
1033 4235 1056 4282 t.
1186 4231 1218 4290 til
1234 4233 1243 4280 1
1258 4233 1348 4293 curm
1367 4231 1403 4279 tt.

178 4282 246 4330 θοι·
261 4287 275 4330 2
291 4286 315 4356 tr
332 4289 366 4334 ιε.
383 4291 419 4342 ⁵⁰.
436 4289 513 4347 creir.
529 4290 590 4334 snex„
601 4291 642 4337 ne
656 4293 681 4338 n
697 4293 777 4342 nanu.
794 4293 800 4390 ι
847 4295 880 4353 (ur
892 4295 917 4340 ι.
928 4295 936 4340 ι
948 4294 1155 4355 sterneremus.
1187 4293 1217 4350 ιι)
1234 4293 1258 4338 ι.
1270 4305 1292 4338 c.

180 4351 201 4389 ⁶-
215 4341 253 4402 ιι,
266 4345 382 4403 aprpuon.
395 4347 462 4393 flur·
477 4349 515 4407 5⁹,
530 4359 554 4394 o.
569 4349 612 4395 ⁷··
847 4354 878 4410 rs>
894 4355 966 4401 icor.
983 4353 1019 4414 ru,
1034 4355 1057 4402 r.
1188 4353 1218 4413 (c)
1234 4353 1243 4398 ι
1258 4353 1312 4397 cor.
1327 4351 1350 4410 s,
1366 4348 1407 4400 ιι.
1453 4403 1454 4410 ¹
