2934 4736
76 2621 85 2640 ⁹
181 2634 238 2703 ost,
255 2645 342 2708 quam
357 2628 494 2708 gracilius
508 2630 778 2709 rerbiascriptnra·
819 2626 1331 2704 intelligendamsubsidiisinstructi
1342 2629 1412 2702 sint,

226 181 288 246 822
571 159 577 165 .
618 201 803 248 nmaootaa
822 199 985 248 emmaus

184 278 293 358 inisse,
313 278 363 362 qui
382 277 448 344 illas
465 280 601 345 lldelihus
618 301 782 362 cotuma-
820 281 942 344 salutari
962 278 1093 341 ddeliom
1114 275 1182 340 usai
1209 275 1419 340 accommoda·

184 363 223 426 tis
234 372 264 426 et
297 367 482 444 roelegemnt
496 376 525 427 et
538 367 784 429 declararunt.-
820 375 936 428 motor.
951 364 1083 426 Eminuit
1098 363 1152 425 bac
1172 362 1203 422 in
1220 379 1253 422 re
1268 361 1418 440 8..wa-

187 447 218 509 5.
237 465 252 508 ι
268 383 406 510 Εοιιιιιιιε
422 458 574 531 praeterea
589 460 634 513 est
650 449 782 514 Christus
819 456 973 522 costumas,
989 448 1040 529 qui
1053 448 1120 510 ideo
1137 453 1183 508 sat
1195 444 1368 526 irequenter
1382 445 1416 506 sr-

184 531 336 594 auditores
347 535 518 607 suos,nullo
529 534 783 615 personarumde·
819 534 902 595 deles
919 533 1105 608 adhortatur,
1124 539 1156 592 ut
1175 529 1269 605 domi,
1288 547 1366 610 quae
1383 546 1418 590 ea

184 614 260 676 lectu
274 614 387 692 habito,
403 626 435 678 ut
445 618 575 698 legerent
590 627 679 699 atque
692 632 779 679 scra·
820 617 966 698 scriptura
983 616 1154 689 audierunt,
1173 613 1317 690 relegant,
1331 620 1361 673 et
1375 612 1415 674 sic

183 706 320 760 tarentur
337 697 515 782 Scripturas,
532 701 646 764 dicens:
660 702 782 766 Scruta-
819 719 887 762 cnm
906 699 1071 781 scripturae
1090 697 1187 760 vorbis
1211 695 1345 784 eipsdem
1365 715 1416 758 et-

183 783 260 845 mini
273 783 534 865 mensurato.»
548 821 587 832 -
603 787 686 866 llerp.
699 784 781 848 Chri·
820 785 1000 866 positiones,
1023 791 1052 846 et
1069 782 1210 844 deductas
1235 779 1343 842 exinde
1364 799 1416 841 ex-

182 875 246 929 slus
260 867 334 930 haec
346 868 447 930 dicens
466 887 524 930 uon
540 869 647 931 idiotas
664 870 778 931 allocu-
820 869 1001 930 hortationes
1013 867 1127 928 firmius
1137 865 1220 928 cordi
1230 863 1412 945 imprimant.

183 957 231 1012 tos
253 959 315 1027 est,
334 952 386 1014 sed
419 951 567 1033 principes
590 971 778 1034 synagogae,
818 953 913 1014 -Ex
929 951 1015 1013 dictis
1029 959 1163 1031 apparet,
1176 966 1264 1030 quam
1281 949 1359 1010 male
1373 967 1416 1010 as-

182 1033 357 1116 pharisaeos
370 1044 400 1096 et
414 1036 611 1118 legisperitos,
630 1037 710 1120 quod
728 1057 780 1118 ap·
818 1045 898 1099 serta
915 1035 1036 1096 Petrum
1053 1034 1161 1095 nostris
1176 1032 1362 1112 temporibus
1375 1033 1415 1092 in·

185 1126 270 1199 paret
288 1137 322 1180 ex
340 1118 436 1180 verbis
450 1119 707 1201 praecedentibus:
726 1123 781 1183 Vos
819 1118 1046 1182 discriminatim
1068 1116 1399 1196 accommodenturtl).

183 1201 306 1265 misistis
323 1203 362 1265 nd
372 1202 569 1283 loannem)
586 1205 700 1266 collatis
711 1224 778 1266 cum

183 1283 226 1348 to.
243 1284 268 1363 t,
289 1287 339 1349 to.
353 1287 435 1348 -o
450 1286 580 1368 apostoli
598 1290 780 1369 pantenu·
1060 1257 1183 1328 5¹⁸⁸·
1224 1360 1229 1370 ,

122 1399 125 1406 ·
184 1367 267 1431 dium
299 1369 417 1448 legendi
445 1389 544 1434 sacras
572 1372 685 1434 litteras
720 1391 779 1434 non
962 1359 1277 1406 ⁰⁸⁰⁸⁶⁰⁰¹‘¹⁰⁸⁶¹ffl‘¹'¹³⁶·

183 1452 389 1534 improbarunt
406 1453 436 1517 in
455 1453 667 1519 Berorensibus
686 1456 745 1536 (3).
762 1475 778 1518 t
861 1452 892 1532 a)
914 1451 1045 1516 Coelestc
1071 1471 1097 1514 s.
1126 1449 1344 1532 Scripturarum
1363 1452 1415 1514 do-

186 1537 269 1616 llcsp.
287 1535 347 1598 lam
363 1537 427 1619 ipse
444 1556 470 1600 s.
490 1547 585 1601 textus
599 1541 778 1601 contutatio-
820 1555 890 1598 num
910 1555 976 1598 cum
994 1554 1097 1615 magna
1113 1535 1278 1597 reverentia
1299 1546 1330 1598 et
1347 1555 1412 1598 auru

183 1638 251 1682 nem
265 1619 353 1682 huius
367 1624 533 1700 argumenti
546 1625 576 1684 in
592 1625 778 1701 secontinet3
819 1621 919 1682 debito
937 1619 1124 1700 gratitudinis
1146 1637 1234 1680 sensu
1265 1621 1412 1702 recipien-

184 1721 252 1765 nam
270 1705 377 1784 legitur
388 1706 446 1767 ibi:
462 1707 504 1770 lli
517 1715 614 1769 orclem
627 1715 712 1769 erent
724 1727 780 1770 tto·
820 1703 890 1764 darm
908 1714 952 1766 est
969 1723 1030 1767 noa
1048 1712 1080 1767 ot
1101 1706 1220 1766 corbum
1237 1704 1412 1780 homirnam,

183 1787 301 1851 hiliores
316 1806 418 1852 eornm
435 1792 486 1869 pai
503 1799 574 1854 soret
595 1791 781 1854 Thessaloni·
817 1789 868 1850 -red
885 1789 961 1851 sicot
977 1796 1018 1851 est
1040 1805 1123 1864 cere,
1142 1789 1263 1850 oerhnrn
1287 1789 1354 1850 Dei.
1381 1789 1412 1867 b)

183 1887 243 1948 coe,
260 1872 312 1952 pai
324 1881 511 1953 susceperunt
525 1877 647 1938 uerbum
664 1893 731 1938 cnm
745 1895 780 1937 o·
819 1870 969 1934 Pastorem
989 1872 1167 1946 animarum,
1178 1872 1226 1932 cui
1239 1889 1349 1932 munus
1359 1871 1412 1933 do-

184 1957 248 2018 mni
274 1956 433 2033 aviditate,
463 1959 592 2036 qnotidie
617 1967 781 2022 acrrttentcr
818 1956 904 2017 cendi
919 1955 1082 2033 incumbit,
1101 1955 1241 2017 continno
1263 1955 1347 2018 decet
1366 1975 1413 2017 sa·

181 2039 372 2120 Scripturas,
391 2041 417 2102 n‘
433 2043 504 2103 hnec
520 2043 563 2104 ite
585 2060 614 2104 se
627 2043 777 2106 baberent.
819 2057 898 2100 cram
919 2037 1099 2120 Scriptorum
1120 2041 1228 2118 legere,
1242 2041 1367 2100 scrutari
1385 2048 1414 2100 et

184 2122 440 2202 Ergortobiliorca,
457 2127 780 2189 necessariaeruditio·
820 2123 969 2203 meditari,
989 2133 1138 2202 ntpotcns
1160 2124 1413 2188 eiterhorteriin
1459 2183 1460 2190 ,

185 2225 224 2268 ne
240 2208 377 2288 praediti,
394 2216 424 2270 et
439 2208 564 2290 iamper
581 2209 780 2291 praedicatio·
816 2207 953 2270 doctrino
969 2225 1068 2285 suno,
1084 2214 1110 2269 ct
1127 2225 1197 2282 coc,
1216 2208 1269 2284 ptri
1293 2216 1414 2270 cotttrn·
1459 2233 1460 2238 ¹

184 2309 250 2354 nem
268 2293 457 2373 apostolicam
477 2293 554 2356 circa
573 2303 685 2357 rectum
698 2293 780 2356 Scri·
818 2291 930 2368 dictant,
946 2309 1072 2372 anparere
1083 2292 1141 2372 (5).
1168 2291 1197 2369 c)
1214 2288 1313 2352 Laicis
1338 2311 1413 2372 quo-

183 2384 287 2456 pturae
305 2394 424 2438 sensum
443 2376 577 2440 instructi
603 2378 777 2454 laudantur,
817 2393 876 2455 que
893 2393 919 2437 s.
941 2376 1082 2438 librorum
1104 2374 1191 2437 lectio
1213 2383 1242 2436 et
1263 2375 1414 2436 meditatio

183 2459 260 2540 quod
280 2467 310 2522 ot
333 2458 389 2541 ipsi
411 2479 436 2523 a.
463 2458 630 2544 Scripturas
657 2463 778 2528 scrutati
819 2477 877 2520 tion
897 2459 968 2520 satis
985 2459 1186 2520 commendari
1203 2467 1315 2540 potest,
1326 2461 1413 2519 ‹lum-

183 2542 354 2605 luerint.-·
367 2545 396 2606 l.
410 2562 426 2605 a
441 2542 494 2606 llis
506 2547 624 2608 deinum
637 2547 693 2607 dici
711 2556 778 2627 pot·
821 2544 907 2604 modo
926 2543 1102 2606 necessariis
1125 2543 1163 2604 ad
1187 2561 1211 2604 s.
1231 2540 1414 2624 scripturam
1458 2585 1459 2647 ,

182 2727 247 2771 tttttt
271 2711 435 2773 divinarum
455 2713 585 2774 studitun
603 2713 779 2794 legendique
819 2710 863 2771 tel
881 2711 1115 2790 expositionibus
1141 2719 1170 2772 et
1192 2711 1417 2772 commentariis

183 2794 384 2856 assiduitatem
415 2795 586 2858 christianis
615 2797 777 2874 omnibus,
818 2795 988 2856 orthodoxis
1007 2802 1136 2856 utantur.
1157 2791 1301 2872 d)0ntnis
1315 2804 1413 2855 autem

180 2879 778 2943 etiamfoeminisinculcarintreterisllo·
818 2877 986 2940 sollicitudo
1003 2877 1138 2940 habenda
1150 2887 1250 2952 osam
1263 2878 1416 2939 versiones
1457 2917 1458 2954 ι

182 2961 288 3024 elesino
300 2961 412 3038 Patres,
431 2965 652 3044 Cltrpcoatomtn
666 2965 780 3045 praeei-
818 2960 849 3021 iu
859 2962 960 3041 lingua
973 2961 1083 3040 uulgari
1096 2963 1133 3024 ab
1148 2961 1333 3023 heterodoxis
1344 2981 1414 3022 con-

181 3063 239 3190 pue
258 3054 287 3107 et
308 3047 517 3127 Hieronymus.
536 3067 552 3108 r
568 3048 704 3128 -tteep
724 3046 776 3112 SS.
818 3044 912 3107 lectae
930 3054 959 3106 et
976 3063 1096 3126 sparsae
1109 3065 1127 3108 a
1141 3045 1279 3108 fidelibus
1296 3046 1416 3127 penitus

204 3136 282 3190 atres
291 3130 453 3211 scripturas
467 3131 605 3212 legendas
622 3149 778 3194 corttmcn-
818 3138 1035 3191 removeantur.

181 3211 289 3274 darunt
308 3215 350 3274 vel
364 3214 393 3275 in
414 3223 492 3276 textu
514 3215 662 3293 originali,
685 3218 731 3278 tel
748 3218 778 3278 in

164 3293 167 3310 '
181 3293 401 3372 Vulgatalatina
415 3298 590 3360 abllcclesia
603 3300 776 3381 approbata.
1024 3299 1150 3349 ΟΜΝ
1166 3301 1206 3350 ΙΙ·

179 3377 338 3442 Praeterea
354 3377 454 3442 Patres
468 3382 629 3462 loquuntur
646 3385 682 3445 nd
698 3386 779 3446 oltri-
989 3413 1025 3452 aa
1056 3413 1242 3452 raaorrrora

181 3461 781 3548 atianos,optimeinhale-perquotidia·
903 3526 905 3531 .
1017 3513 1020 3518 -

180 3563 236 3608 nas
246 3545 307 3608 t'ere
321 3547 532 3624 institutiones,
547 3548 778 3614 ltomilinsetex-
1051 3517 1081 3588 ς’
1106 3521 1180 3569 ¹⁸⁴⁹

180 3627 367 3692 hortationes
379 3663 395 3678 ·
410 3631 586 3710 instructos,
606 3636 723 3698 acideo
743 3637 778 3698 ad
860 3634 956 3716 lingui
975 3634 1116 3698 momenti
1140 3633 1275 3716 quaestio
1293 3642 1356 3706 est.
1375 3645 1418 3696 an*

180 3712 388 3794 intelligendas
407 3715 566 3795 scripturas
581 3720 720 3782 idoneos:
737 3719 779 3783 sic
819 3739 845 3782 s.
868 3718 1018 3800 Scriptura
1035 3721 1073 3780 sit
1092 3719 1198 3780 unicus
1215 3717 1412 3781 deselationis

180 3797 213 3862 S.
229 3799 429 3880 Hieronymus
447 3800 596 3876 luentinis,
614 3803 736 3865 seientia
751 3813 780 3866 et
819 3804 999 3866 christianae
1017 3804 1082 3865 lons
1095 3847 1103 3878 ,
1118 3805 1166 3864 nel
1184 3821 1221 3863 an
1241 3805 1319 3864 alius
1337 3822 1419 3884 ‹prro-¹
1454 3863 1455 3870 ι

181 3882 292 3963 pietate
311 3884 492 3964 eottspiouis,
512 3886 713 3967 qttotidionam
729 3907 779 3949 sa·
820 3907 877 3970 que
896 3890 961 3950 lons
979 3888 1104 3964 existat,
1124 3896 1152 3949 et
1171 3887 1341 3949 necessario
1359 3886 1419 3946 nd-·

178 3984 298 4028 crorum
309 3966 451 4029 librorum
465 3970 620 4035 lectionem
631 3989 781 4032 commen·
819 3972 980 4033 mittendus
996 3973 1046 4046 sit,
1063 3970 1212 4032 ut'oruuia
1229 3972 1414 4032 doctrinaea

182 4049 243 4111 dat.
264 4050 388 4114 liemaro
422 4071 493 4114 aevo
523 4053 641 4115 Petrum
666 4056 779 4136 cultique
819 4053 933 4118 Christo
960 4056 1045 4116 nubis
1069 4057 1213 4116 revelatae
1237 4055 1334 4135 capita
1359 4055 1412 4114 ha·

183 4134 275 4226 moris
293 4142 369 4210 errat,
383 4142 414 4194 ut
427 4155 451 4198 s.
467 4133 713 4216 Scripturnelibri
725 4157 780 4218 pu·
821 4140 955 4202 beatitur.
977 4137 1037 4201 llac
1064 4142 1093 4200 itt
1114 4156 1146 4200 re
1169 4139 1370 4201 l'rotestantes
1396 4155 1413 4197 a
1453 4099 1454 4175 i

178 4214 261 4277 bltce
283 4218 312 4277 iu
339 4218 470 4280 humiliis
487 4231 724 4299 exponerentur,
751 4231 780 4284 et

215 4321 365 4383 (lib-W·
426 4327 539 4386 μηδι
600 4327 688 4388 [meh
701 4328 790 4387 t7,tt.1
817 4331 924 4376 -t'oar.
940 4333 962 4377 9.
1192 4329 1224 4391 (ὅ)

850 4271 880 4330 tto
893 4269 925 4316 cl.
942 4271 1042 4319 l’errooe
1056 4271 1086 4320 de
1100 4274 1144 4320 loc.
1157 4271 1229 4318 thart.
1239 4283 1268 4376 p.
1283 4267 1309 4320 tt.
1323 4279 1376 4328 cap.
1390 4265 1416 4314 l.

1259 4331 1285 4374 o.
1299 4327 1321 4389 t,
1335 4335 1358 4374 a.
1452 4393 1453 4396 Ἴ
