2918 4734
423 223 497 269 rans
518 223 551 269 n.
576 221 678 268 sceno
699 222 719 268 1.
744 221 838 268 cunm
859 200 891 269 rt.
1192 209 1250 274 l33

64 301 130 384 quod
151 299 363 384 pertractatur,
382 301 519 388 discipuli
536 302 646 367 Christi
685 299 810 381 Tiberii;
830 300 970 365 Ioannem
991 322 1111 390 quoque
1127 303 1289 388 baptistam

64 388 270 466 dignoscuntur.
685 386 872 468 praedicasse
896 387 952 449 sub
971 387 1165 453 Procuratore
1184 391 1289 456 Pontio

96 471 120 532 2.
141 470 230 533 Iidem
259 480 396 534 auctores
421 479 492 533 sunt
513 479 599 553 pecte
620 479 646 534 et
686 469 792 549 Pilato,
811 469 866 532 sub
886 467 1055 535 Tetrarchis
1070 473 1198 550 lierode,
1215 474 1289 538 Phi-

61 555 476 636 ralipioaeludeei,otomnes,
491 555 646 618 Pauloex-
686 555 767 637 lippo
797 562 826 617 et
848 554 993 636 Lysonis,
1013 557 1069 617 suh
1096 556 1290 622 Pontificibus

60 649 151 718 cepto,
184 639 333 702 illiterati.
356 637 466 701 Verum
488 641 589 719 lingna
618 647 647 702 et
686 639 772 701 Anna
793 645 823 699 et
840 637 962 720 ilaipba3
988 639 1112 702 Paulum
1132 641 1168 703 ad
1191 643 1289 704 tribu-

60 723 132 784 stilus
156 723 314 785 manifeste
336 725 496 786 ostendunt
512 733 599 802 pente
618 731 648 785 et
687 723 766 784 nalia
785 721 905 784 ductum
924 723 1017 795 luisse
1041 722 1213 788 Praesidum
1230 725 1288 788 Fe·

59 806 188 884 religione
202 806 340 869 ludaeos.
351 806 462 870 Graece
471 809 645 889 loquuntur,
687 805 753 868 licis
765 805 893 884 etF'esti,
903 814 975 882 etc,
988 807 1062 869 duas
1074 808 1153 870 iuter
1163 805 1289 872 ludaeos

59 890 164 968 sedita,
186 899 220 952 ut
238 890 351 972 ubique
370 891 507 954 homines
523 891 647 953 iudaeos
687 908 809 968 magnae
827 890 1011 952 auctoritatis
1032 901 1127 954 sectas
1146 891 1288 970 extitisse,

60 972 260 1054 deprehendas,
277 975 329 1056 qui
344 976 433 1038 etiam
452 974 484 1036 in
501 993 606 1053 graeco
619 975 647 1035 i·
686 973 912 1036 Pharisaeorum
924 981 955 1036 et
968 972 1287 1053 Sadducaeornmplu·

60 1056 171 1119 diomate
184 1058 303 1140 patriae
320 1059 438 1137 linguae
451 1059 647 1139 proprietates
686 1057 777 1119 dacos
815 1058 958 1138 templum
995 1059 1288 1140 hierosolymitanum

61 1141 243 1220 retinuerunt3
270 1142 464 1225 quamobrem
490 1142 521 1204 in
544 1160 646 1205 eorum
688 1159 794 1220 magno
814 1141 926 1204 honore
941 1141 1094 1218 habuisse,
1107 1153 1137 1204 et
1157 1143 1186 1205 in
1199 1143 1283 1206 lestis

60 1224 158 1306 scriptis
174 1227 349 1308 frequenter
366 1226 539 1302 hebraismi,
555 1237 647 1287 etro·
687 1223 870 1286 solemnibus
886 1225 1018 1306 undique
1036 1228 1071 1288 ad
1088 1227 1160 1289 illud
1172 1228 1289 1290 eonllu-

60 1325 97 1369 ces
128 1310 385 1390 spru-chaldaicae
409 1319 578 1373 occurrunt.
598 1307 648 1372 Si·
687 1307 1288 1392 xisse,iugiautemllomauorumpertae·

60 1392 228 1455 altitudines
244 1413 375 1476 quoque,
391 1393 548 1476 parabolae
562 1401 591 1456 et
602 1396 647 1456 nl·
687 1410 747 1468 sos,
759 1401 788 1454 et
798 1393 835 1454 ad
849 1392 1043 1455 rebellionem
1052 1395 1137 1456 valde
1145 1395 1289 1476 proclives

59 1475 184 1553 lusiones,
205 1477 318 1558 quibus
340 1487 481 1553 utuntur,
501 1477 542 1540 ita
562 1496 647 1540 com·
687 1476 790 1540 luisse.
819 1474 919 1538 Talem
948 1485 1046 1538 autem
1071 1479 1163 1540 luisse
1189 1496 1287 1540 rerum

60 1569 163 1637 paratae
179 1569 264 1638 sunt,
277 1569 311 1622 ut
324 1563 424 1624 statim
436 1561 648 1623 videanturiu·
687 1569 715 1622 et
733 1578 925 1640 personarum
944 1568 1052 1622 statum
1075 1562 1154 1624 circa
1179 1563 1288 1625 saeculi

59 1643 199 1706 daiccsolo
211 1654 311 1706 natae.
324 1645 644 1726 Frequentesdemum‚
687 1643 775 1726 primi
791 1645 948 1706 dimidium
964 1644 994 1705 in
1012 1645 1138 1726 imperio
1151 1665 1287 1724 romano,

59 1736 80 1786 et
92 1738 243 1790 accuratae
263 1727 299 1791 V.
321 1728 355 1790 Τ.
373 1729 528 1791 citationes
547 1738 649 1790 aucto·
686 1735 716 1789 ct
728 1727 899 1808 specialiter
917 1728 945 1788 in
962 1727 1141 1805 Palaestina,
1158 1748 1226 1792 cum
1240 1730 1288 1793 lo·

58 1811 644 1875 resiudaeosmanifestissimeostendunt.
686 1811 885 1892 sephol'lavio
901 1811 990 1874 etiam
1004 1812 1116 1874 ethnici
1128 1813 1288 1895 scriptores

58 1891 166 1956 Eosdem
185 1915 260 1958 uero
285 1915 375 1958 sanae
400 1897 519 1978 quidem
540 1897 647 1958 mentis
687 1896 786 1957 coaevi
808 1904 963 1958 testantur.
987 1894 1105 1958 Certum
1123 1897 1286 1976 igiturest,

58 1980 154 2042 etrecti
171 1980 343 2056 cordis,sed
359 1981 526 2055 illiteratos,
541 1990 569 2041 et
582 1999 648 2061 pro-
687 1979 776 2059 priori
794 1987 925 2060 tempore
942 1979 1035 2042 libros
1048 1979 1083 2042 N.
1100 1981 1135 2043 Τ.
1156 1990 1288 2043 exaratos

58 2060 176 2124 lanarum
197 2064 391 2126 scientiarum
415 2072 557 2146 apparatu
576 2065 647 2126 nul·
686 2081 744 2124 non
759 2082 836 2140 esse3
855 2064 906 2126 sed
922 2083 1019 2144 neque
1039 2065 1194 2145 posteriori
1210 2074 1286 2126 tem-

58 2144 159 2208 latenus
170 2148 323 2228 praeditos
336 2148 441 2224 luisse,
456 2156 536 2230 patet
550 2166 583 2210 ex
597 2167 645 2226 eo,
686 2166 757 2226 pore
769 2148 871 2229 scripti
890 2157 970 2209 sunt.
987 2147 1059 2210 Nam
1075 2148 1105 2208 in
1121 2148 1287 2228 Evangeliis

59 2229 116 2306 quia
128 2231 204 2294 lacta
221 2231 311 2293 etiam
330 2232 487 2313 stupenda,
508 2251 584 2312 quae
596 2251 648 2313 per
685 2229 834 2307 Matthaei,
855 2230 944 2294 Narci
964 2240 992 2293 et
1009 2230 1106 2294 Lucae
1120 2233 1288 2294 reseruntur
1305 2239 1308 2245 ’

59 2330 130 2376 sanos
147 2333 254 2377 sensus
272 2315 479 2394 observarunt,
496 2316 560 2377 siue
578 2335 646 2379 ver·
686 2315 824 2378 vaticinia
851 2314 958 2379 Christi
976 2317 1013 2379 de
1035 2316 1138 2397 templi
1157 2327 1186 2378 et
1204 2317 1287 2379 urbis

59 2393 147 2458 horum
178 2398 269 2475 luco,
290 2408 319 2460 et
344 2400 410 2461 siue
434 2399 646 2462 reflexionibus
685 2397 1107 2480 Hierosolymaeexcidimnec
1125 2401 1287 2482 quidquam

58 2477 643 2564 philosophicissimplicimodoenarrant.
685 2483 804 2546 additur
815 2485 852 2546 de
865 2483 1099 2566 praedictionum
1116 2486 1287 2564 completio·

59 2557 128 2626 Solus
141 2565 265 2642 Paulus,
277 2586 294 2628 a
305 2567 524 2648 sapientissimo
541 2567 647 2631 Gama·
686 2585 735 2644 ne;
755 2586 790 2628 ex
807 2587 866 2650 quo
886 2568 1075 2630 manifestum
1095 2577 1151 2646 est,
1170 2569 1235 2630 illos
1252 2569 1287 2631 li·

58 2645 113 2708 liele
134 2650 286 2726 eruditus,
307 2651 533 2714 humanioribus
551 2653 647 2714 scien·
685 2649 832 2714 bresante
845 2652 927 2714 urbis
942 2660 970 2713 et
986 2653 1089 2733 templi
1106 2653 1287 2715 destructio·

59 2729 97 2792 tiis
109 2752 137 2795 se
151 2734 301 2796 imbutum
320 2735 461 2812 ostendit,
471 2738 646 2803 neruoselo·
684 2754 751 2796 nent
771 2735 897 2817 scriptos
914 2755 990 2798 esse.
1012 2735 1044 2796 ln
1062 2736 1142 2798 Actis
1160 2737 1286 2817 Aposto-

59 2817 154 2893 quitnr,
167 2818 291 2880 subtilia
307 2819 456 2883 hincinde
472 2829 645 2896 argumenta
677 2821 780 2882 lorum
801 2820 926 2882 historia
945 2819 1029 2881 Pauli
1049 2817 1141 2900 usque
1161 2821 1197 2880 ad
1222 2819 1287 2899 pri·

60 2901 171 2978 profert,
199 2903 436 2964 adversariorum
463 2904 645 2967 abiectiones
685 2923 765 2966 mum
778 2904 843 2966 eius
858 2906 887 2966 in
906 2904 1010 2966 urbem
1030 2903 1152 2964 Romam
1173 2903 1285 2964 adven-

59 2985 179 3064 proponit
195 2995 356 3049 etstreuue
372 2988 491 3065 relellit,
504 3005 538 3049 ac
549 2989 646 3050 ethni·
685 2997 746 3049 tum
759 2987 926 3066 deducitur,
946 2988 1023 3069 quod
1042 2987 1159 3067 probat,
1176 2984 1284 3047 librum
1295 2989 1308 3012 ⁸

59 3083 144 3129 corum
170 3088 292 3150 quoqne
313 3072 489 3152 scriptorum
510 3072 644 3134 notitiam
685 3073 797 3134 editum
822 3072 913 3134 luisse
939 3080 1008 3132 ante
1032 3070 1116 3131 Pauli
1138 3089 1155 3132 a
1181 3069 1286 3152 primis

59 3151 152 3231 prodit3
168 3163 352 3235 quapropter
366 3155 460 3235 ipsius
473 3155 646 3237 epistolaea
685 3156 810 3219 vinculis
836 3154 1027 3231 solutionem3
1052 3153 1178 3234 scriptor
1205 3153 1285 3228 euim

58 3234 166 3314 reliquis
190 3235 227 3298 N.
248 3237 282 3308 T.
313 3238 399 3300 libris
420 3239 525 3302 iisdem
548 3240 643 3302 linea·
686 3239 857 3320 posterioris
867 3237 972 3300 aetatis
984 3257 1031 3300 res
1044 3246 1142 3316 gestas
1153 3237 1286 3319 Apostoli

59 3321 151 3381 mentis
168 3321 411 3400 distinguuntur,
430 3324 540 3403 quibus
561 3324 645 3404 Apo·
686 3324 810 3385 ulterius
822 3323 1022 3404 protraxisset.
1042 3322 1152 3384 Eadem
1172 3321 1287 3385 ratione

58 3401 136 3464 stolus
151 3403 217 3484 ipse
239 3425 256 3466 a
272 3405 395 3486 reliquis
412 3408 520 3468 differt.
541 3405 645 3485 Negari
683 3405 779 3483 Pauli,
797 3414 827 3468 et
843 3406 969 3467 aliorum
995 3406 1203 3487 Apostolorum
1219 3406 1286 3487 epi-

59 3500 115 3560 crgo
132 3507 190 3549 non
215 3497 328 3568 potest,
349 3492 502 3554 rnateriam
528 3499 557 3552 et
582 3492 645 3553 lor·
684 3489 1285 3571 stolaesnamproductaetatem.-Cum

60 3583 123 3630 uam
136 3571 281 3634 librorum
296 3571 332 3634 N.
348 3573 382 3635 Τ.
396 3571 464 3637 cum
476 3575 645 3638 charactere
684 3576 774 3654 igitur
785 3593 888 3636 ornnes
900 3582 988 3636 notae
1000 3573 1231 3636 authenticitatis
1243 3574 1288 3635 in·

60 3651 240 3734 scriptorum,
260 3675 387 3736 quorum
413 3659 534 3720 nomina
557 3678 645 3739 prae·
687 3661 842 3735 trinsecae‚
857 3659 966 3740 quibus
985 3657 1174 3737 criticirulgo
1193 3657 1287 3718 libros

59 3735 186 3812 scierunt,
207 3740 420 3820 perlectissime
433 3743 601 3804 conuenire.
685 3743 831 3822 genuinos
849 3763 866 3804 a
885 3742 1046 3823 suppositis
1066 3749 1236 3816 secernunt,
1255 3740 1286 3800 in

90 3819 116 3880 3.
135 3819 243 3884 Libros
259 3823 294 3885 N.
312 3823 347 3887 T.
366 3827 480 3890 saeculo
494 3829 594 3906 primo
612 3827 645 3889 ia
686 3826 770 3889 libris
787 3826 823 3888 N.
849 3826 885 3888 Τ.
908 3827 950 3888 ita
973 3826 1170 3908 reperiantur,
1191 3832 1223 3885 ut
1241 3823 1287 3883 vix

60 3897 134 3965 lucem
141 3906 299 3985 prodiisse,
313 3909 412 3970 omnia
427 3909 647 3973 adimtctatem·
685 3911 716 3972 in
745 3910 844 3990 aliquo
870 3910 946 3972 libro
970 3928 1074 3971 ornnes
1101 3918 1159 3969 tam
1185 3914 1287 3986 aperte

61 3987 126 4059 poris
142 3990 315 4067 ostendunt,
335 4011 411 4073 quae
436 3994 466 4055 in
488 3994 547 4056 illis
565 3995 645 4057 rele·
686 3993 893 4076 promineant,
921 4012 1009 4056 neum
1033 3991 1182 4073 prolecto,
1198 3987 1288 4050 ‚cuius

61 4079 161 4134 rantur.
178 4071 226 4134 Sic
243 4087 366 4136 narrant
377 4076 523 4139 Christum
542 4087 645 4140 natum
686 4099 746 4140 non
771 4079 843 4140 lalsa
869 4077 1056 4159 philosophia
1085 4089 1203 4134 omnem
1228 4071 1288 4133 reri

60 4154 174 4217 essesub
189 4156 372 4238 Imperatore
383 4161 514 4240 Augusto
525 4172 554 4223 et
567 4161 646 4238 Rege
663 4145 668 4174 ¹
685 4174 802 4240 gustum
827 4179 1007 4240 sensumque
1025 4156 1167 4237 corrupit,
1187 4154 1288 4251 'legiti-

60 4229 160 4300 Nerode
183 4239 236 4315 N„
258 4243 347 4304 vitam
368 4254 466 4306 autem
497 4246 645 4326 publicam
686 4246 904 4308 moslibrcrum
921 4244 1043 4305 istorum
1062 4241 1175 4302 natales
1185 4258 1222 4306 ru
1232 4239 1288 4302 du·

61 4321 179 4400 coepisse
193 4343 271 4387 auno
290 4326 510 4410 decimoquinto
528 4329 644 4407 imperii
687 4330 769 4395 bium
788 4347 893 4391 vocare
908 4327 1026 4410 poterit.
