2930 4736
422 187 498 232 cras
514 187 557 232 ιιι.
578 185 679 232 succro
696 186 729 232 ιι.
748 185 841 231 carun
859 187 893 232 ιι.
1167 166 1229 229 393

53 279 85 326 ec
99 263 232 342 hicterio,
252 271 281 328 et
298 283 337 332 ca
362 267 529 332 rollonidae
556 267 634 330 tlteo·
674 274 736 328 stus
752 265 816 348 ipse
839 266 886 347 (3)
900 267 1022 330 stultum
1039 264 1153 328 vocarit
1170 263 1269 328 homi·

55 347 296 428 lopicispetuntuc.
673 367 765 425 nero,
788 349 874 412 cuius
900 350 1007 412 domus
1032 368 1067 412 ex
1088 349 1271 411 irruentibus

86 432 111 492 l.
133 431 266 496 Christus
282 433 400 496 Petrum
419 441 453 496 ut
470 431 631 498 Primatem
671 433 819 496 imbribus
836 442 865 496 et
881 433 1022 496 llantiltus
1040 433 1135 496 nentis
1150 433 1270 510 cecidit,

31 512 76 596 ¹in
90 517 304 580 successorihus
322 536 441 599 semper
457 518 631 582 existentem
673 518 743 598 quia
755 518 834 578 illam
849 536 908 579 non
927 535 1017 598 super
1027 517 1143 578 sirmam
1156 526 1268 596 petram

35 598 258 679 ‘alloquensaitz
278 601 359 666 lires
376 605 493 678 Petrus,
507 611 634 682 etcuper
672 602 890 675 aedificaverat,
910 601 961 664 sed
987 601 1085 682 potius
1103 600 1272 662 inordinate

53 681 114 746 hooc
137 685 259 748 Petram
286 687 444 766 oedificabo
472 687 633 751 Ecclesium
672 701 763 766 super
779 704 899 748 arenam
919 693 1096 748 extruxerat.
1117 683 1271 746 Absonum

52 783 142 843 neom,
164 777 191 830 et
201 777 308 848 purtuc
321 771 415 850 inseri
429 789 490 832 non
503 789 632 851 moeno-
673 787 743 846 erpo
761 779 806 832 est
818 770 930 846 dicere,
949 768 1098 834 Christum
1115 769 1154 831 ita
1170 767 1272 829 Eccle·
1291 797 1293 802 v

51 849 134 913 lehuttt
150 853 292 916 aduersus
309 872 384 918 eom.
404 853 544 916 Nonnulli
559 857 632 917 ulti·
673 852 747 914 siam
771 871 854 916 suam
878 853 1098 928 construxisse,
1119 859 1153 914 ut
1171 850 1272 913 aedili-

51 951 115 994 nam
134 953 253 999 vocem:
280 956 345 1002 eom
368 938 502 1000 referunt
519 939 556 1002 ed
574 939 632 1002 Pe·-
673 937 752 999 cium
771 936 891 1018 quidem
911 936 1111 1000 indelectibile
1134 935 1184 1012 sit,
1199 935 1271 997 luu-

51 1022 126 1093 tram,
143 1037 195 1081 seu
214 1020 252 1082 ad
272 1022 358 1084 sidem
375 1020 468 1094 Petri,
488 1029 518 1084 et
535 1023 630 1100 aiunt,
673 1021 843 1082 darttentum
860 1031 958 1084 autern
978 1020 1149 1083 labefactari
1165 1019 1269 1100 possit:

50 1099 180 1164 Christum
194 1104 243 1166 his
255 1105 352 1168 verbis
362 1105 449 1168 Petro
459 1107 569 1168 donum
582 1107 632 1168 in·
674 1104 832 1171 dicendum
853 1105 952 1186 potius
966 1113 1021 1181 est,
1038 1104 1200 1179 Christum,
1219 1103 1271 1182 qui

52 1186 200 1266 errantiae,
229 1208 283 1252 seu
311 1190 379 1252 fidei
407 1189 485 1252 Petri
515 1191 632 1253 indele-
674 1187 837 1250 Ecclesiam
857 1208 941 1250 suam
962 1188 1162 1263 iniallihilem,
1179 1186 1271 1250 etin-

51 1268 220 1334 ctihilitatem
241 1275 426 1354 promisisse,
446 1275 634 1355 quiaporloc
675 1272 874 1336 defectibilem
903 1273 1019 1348 voluit,
1053 1272 1107 1332 hac
1137 1272 1201 1351 ipsa
1234 1269 1271 1332 de

51 1351 139 1432 ιἰιιιι.
157 1375 210 1418 seu
230 1365 355 1420 conatus
368 1359 545 1420 daemonum
565 1359 632 1420 Pri·
673 1374 763 1417 cause
785 1357 875 1420 etiam
900 1357 1092 1424 fundamento
1112 1354 1270 1417 indefecti-

53 1448 144 1500 nntern
161 1439 342 1502 Ecclesiaea
360 1440 474 1505 Christo
490 1443 634 1505 constitu·
674 1439 837 1517 bilitatem,
863 1459 916 1502 seu
943 1441 1062 1522 primati
1091 1439 1201 1501 donum
1220 1438 1271 1500 in·

51 1521 633 1588 turninerroremhdeicontrariumindu·
673 1525 823 1586 errautiae
856 1525 1050 1587 concessisse.
1087 1521 1199 1590 Crescit
1227 1521 1271 1582 ris

52 1619 106 1666 cere
121 1625 272 1688 nunquam
287 1618 436 1690 poterunt.
453 1609 496 1672 lta
506 1611 539 1674 S.
555 1611 633 1674 Am·
674 1608 852 1686 argumenti,
868 1607 893 1669 si
908 1608 966 1672 alia
979 1606 1088 1671 Christi
1097 1608 1187 1669 rerba
1201 1625 1270 1686 per·

51 1685 270 1771 lroritrstl)ait:
289 1692 631 1771 «deucalionemne,
673 1693 850 1773 pendantur.
877 1691 951 1754 Nam
971 1692 1018 1772 (l)
1036 1692 1155 1769 legitur,
1184 1690 1271 1754 Chri-

52 1771 92 1830 sed
115 1775 147 1836 de
163 1777 222 1856 fide
247 1777 326 1858 Petri
347 1778 458 1840 dictum
478 1788 543 1855 est,
562 1779 633 1860 quia
673 1786 750 1838 stum
768 1776 856 1838 Petro
874 1776 1000 1838 dixisse:
1021 1775 1135 1855 nopoot
1155 1791 1213 1854 pro
1231 1785 1269 1852 tc,

52 1860 251 1930 portocmortis
265 1859 363 1923 eicon
377 1863 598 1942 praevalebunt.
615 1882 630 1925 ι
672 1870 774 1923 utnon
787 1861 901 1942 deficiet
914 1861 984 1942 fides
995 1868 1057 1923 ιιι.
1072 1859 1195 1921 Divinus
1210 1857 1271 1921 Re-

51 1933 81 1997 Εῑ
103 1940 131 2004 S.
160 1945 296 2024 Cprilloc
321 1945 409 2010 Alea.
437 1946 484 2027 (3)
514 1947 629 2027 inquit:
673 1945 808 2025 deceptor
829 1944 949 2008 Petrum
968 1943 1016 2010 hic
1034 1943 1195 2024 alloquitur
1211 1961 1271 2005 non

53 2019 198 2113 ¹(Petram,
216 2029 337 2110 opinor,
354 2029 428 2091 nilril
447 2031 528 2092 aliud
543 2047 631 2110 quam
673 2036 706 2091 ul
719 2047 876 2109 personant
888 2028 1043 2108 puritatem,
1055 2027 1106 2088 sed
1119 2034 1151 2089 ut
1165 2025 1270 2088 Pasto-

51 2120 241 2174 tnconcussam
262 2121 292 2175 et
314 2114 513 2176 firmissimam
539 2115 631 2176 disci·
672 2132 733 2176 rem
760 2133 812 2174 seu
831 2111 991 2179 Primatem
1011 2108 1179 2186 Ecclesiae:
1202 2109 1270 2172 ideo

54 2189 102 2263 puli
118 2193 200 2256 sidem
226 2197 355 2272 vocarit,
373 2198 404 2260 in
424 2217 482 2278 qua
500 2195 633 2262 Ecclesia
672 2197 739 2279 ipsi
755 2197 900 2275 iniungit,
927 2205 961 2258 ut
988 2196 1142 2260 confirmet
1166 2195 1271 2256 iratres

53 2267 140 2338 Christi
157 2279 198 2340 ita
212 2281 349 2358 lundata,
366 2291 396 2343 et
412 2281 527 2344 firmata
542 2291 630 2360 esset,
672 2300 754 2357 suos,
772 2282 850 2362 quod
869 2280 996 2362 pertinet
1015 2279 1050 2340 ad
1067 2276 1195 2341 officium
1212 2277 1271 2343 ro·

54 2362 79 2414 ut
93 2377 144 2420 non
165 2363 336 2442 laberetur,
362 2375 392 2428 et
413 2374 491 2440 essct
504 2367 632 2448 inexpu-
672 2366 771 2442 sloris,
796 2375 825 2427 et
842 2365 963 2448 Capitis.
980 2364 1055 2441 Ergo
1071 2381 1130 2425 nou
1147 2382 1200 2445 pro
1217 2362 1272 2426 Pe·

54 2441 163 2512 erabilis
179 2449 365 2511 infernorum
386 2450 489 2532 portis.
511 2451 631 2514 ›Com·
672 2459 717 2512 tro
738 2458 872 2527 tantum,
892 2449 984 2511 sedin
1005 2465 1113 2526 genere
1132 2467 1185 2529 pro
1203 2447 1271 2509 Pri-

55 2527 165 2590 utuniter
192 2533 313 2612 quidem
344 2543 493 2614 postrema
522 2535 630 2598 rerba:
674 2542 751 2597 mate
770 2533 903 2597 Christus
917 2533 946 2594 id
960 2532 1139 2614 impetravit,
1158 2540 1192 2592 ut
1206 2531 1271 2594 eius

54 2616 137 2679 portua
152 2615 247 2696 inseri
269 2636 329 2680 ooo
346 2619 558 2697 proc-colebant
576 2621 632 2682 ud·
673 2619 747 2682 sides
762 2637 821 2684 nou
838 2617 967 2692 deficiam
983 2615 1076 2678 oratio
1095 2616 1173 2682 enim
1189 2614 1271 2677 Chri-

54 2703 136 2756 ucrcos
148 2715 225 2776 enm,
247 2719 306 2762 nou
325 2703 362 2764 ad
377 2711 508 2782 petram,
528 2703 579 2764 sed
594 2704 631 2766 ad
673 2701 709 2763 sti
724 2720 843 2782 semper
854 2702 953 2764 ellicar
967 2709 1012 2762 est
1023 2701 1082 2779 (5).
1099 2697 1188 2760 Recte
1202 2697 1269 2759 ideo
1298 2775 1303 2782 .

55 2767 196 2843 Ecclesiam
210 2785 392 2847 reseruntur.
406 2786 458 2848 Ast
469 2787 557 2848 etiam
579 2788 634 2850 hac
673 2785 728 2846 hac
739 2785 852 2846 utimur
862 2784 1129 2863 argumentatione:
1143 2781 1189 2843 llli
1200 2800 1271 2844 cen·

54 2855 163 2954 adunisse
178 2867 427 2950 interpretatione
439 2870 541 2932 eadem
558 2890 633 2933 con·
673 2869 758 2932 sandi
770 2878 840 2931 sunt
854 2868 884 2928 in
903 2866 1129 2948 quaestiouibus
1142 2865 1224 2941 fidei,
1240 2873 1270 2926 el

55 2937 130 3039 clusio
144 2951 252 3027 prodit.
271 2952 342 3014 Nom
361 2954 390 3015 in
411 2951 507 3016 citatis
525 2955 632 3019 Christi
674 2971 790 3014 morum
806 2951 990 3029 infallibiles,
1003 2969 1056 3031 pro
1067 2949 1175 3030 quihus
1188 2947 1271 3012 Chri·

55 3024 134 3090 terhrs
148 3033 281 3098 Ecclesia
295 3037 440 3114 aedilicio,
459 3037 564 3101 Petrus
577 3059 633 3100 au·
673 3047 737 3100 stus
753 3037 857 3112 orarit,
870 3055 907 3101 na
919 3053 1021 3098 eorum
1034 3034 1106 3096 fides
1118 3034 1267 3109 deficeret,

55 3110 101 3167 len
124 3113 315 3182 laudamento
343 3131 543 3203 comparatur.
576 3120 633 3186 Sed
674 3141 741 3184 cum
772 3120 905 3185 Christus
935 3138 988 3201 pro
1024 3118 1190 3179 reverentia
1215 3136 1269 3179 sua

57 3204 195 3264 corruente
217 3204 411 3268 laudamento
436 3225 558 3269 necesse
575 3216 631 3285 est,
673 3215 791 3287 semper
817 3205 906 3267 luerit
931 3202 1085 3266 exauditus
1100 3202 1159 3282 (6).
1179 3199 1270 3282 Atqui

54 3279 203 3368 ticorrnat
221 3289 311 3350 etiam
340 3289 520 3352 aedilicium.
540 3291 633 3353 Aedi·
673 3289 805 3353 Christus
819 3308 872 3370 pro
890 3287 991 3363 Petro,
1010 3285 1134 3365 eiusque
1148 3303 1269 3348 succes·

56 3352 137 3451 fidum
148 3386 213 3433 raro
223 3373 304 3434 iuxta
314 3373 540 3454 promissionem
553 3373 636 3438 Chri·
674 3375 791 3436 sonibus
805 3371 947 3434 Romanis
958 3369 1151 3432 Pontificibus
1164 3371 1268 3448 orarit,
1301 3447 1302 3452 ἵ

55 3447 83 3498 ιιι
92 3463 242 3535 ιιιιιιιιιι,
261 3476 314 3520 ιιι
337 3476 441 3520 arere
458 3455 564 3521 Christi
577 3459 634 3521 do·
675 3477 712 3519 ne
727 3475 829 3520 eorum
849 3455 921 3520 [ides
940 3455 1096 3530 deficeret,
1125 3455 1270 3537 iussitque

56 3531 134 3620 ctrina
147 3534 289 3617 deiicere,
309 3560 361 3603 seu
386 3541 417 3602 in
436 3560 551 3604 errores
568 3562 636 3623 pro·
675 3560 726 3603 eos
742 3541 848 3603 iratres
875 3558 946 3601 suos
973 3540 1172 3602 coniunxere:
1199 3557 1269 3618 ergo

55 3599 103 3669 hh
119 3633 174 3681 non
190 3632 303 3703 potest,
335 3644 403 3703 ergo
432 3626 510 3688 idem
530 3627 635 3692 diceu-
674 3624 790 3700 Petrus,
807 3625 931 3704 eiusque
941 3641 1127 3685 successores
1138 3623 1168 3684 in
1181 3641 1271 3704 quae·

56 3683 110 3752 ⁰¹¹¹ss
140 3719 256 3788 quoque
283 3717 328 3772 est
359 3710 396 3772 de
427 3710 632 3776 fundamento.
676 3709 823 3771 stionihus
842 3708 911 3770 hdei
933 3716 1096 3770 etmorum
1120 3716 1190 3768 sunt
1220 3707 1269 3766 in-

55 3763 80 3830 l¹¹
95 3793 237 3854 conmuni
262 3793 341 3855 enim
368 3793 523 3856 hominum
545 3814 634 3858 sensu
676 3792 835 3854 iullibiles:
857 3789 990 3855 Christus
1008 3792 1087 3854 euim
1107 3789 1200 3853 orarit
1217 3806 1269 3868 pro

54 3866 103 3954 ¹,¹.⁰¹¹
129 3879 219 3950 petra,
238 3895 291 3938 seu
309 3877 536 3940 tundamentum
562 3879 636 3940 soli·
675 3875 762 3938 Petro
773 3876 804 3938 in
819 3875 929 3938 bonurn
942 3875 1102 3938 Ecclesiae:
1120 3891 1188 3951 ergo
1201 3889 1270 3932 curu

55 3947 158 4031 uitatem
183 3958 416 4044 firmitatemque
431 3981 515 4024 suam
534 3962 571 4024 ab
585 3981 636 4024 ae·
675 3958 780 4023 Petrus
798 3959 975 4022 immortalis
990 3979 1049 4024 non
1061 3957 1162 4029 luerit,
1178 3963 1207 4016 et
1218 3953 1271 4016 bo·

56 4017 138 4113 dulcio
155 4044 292 4122 acquirit,
321 4045 372 4108 scd
391 4064 565 4109 econverso
588 4065 637 4108 ae·
676 4063 746 4106 num
765 4044 916 4108 Ecclesiae
944 4044 1055 4122 eriget,
1077 4049 1108 4102 ut
1125 4038 1270 4100 infallibi-

56 4099 169 4181 trucium
190 4145 206 4187 a
223 4128 429 4193 laudamento.
458 4127 534 4192 Hinc
548 4127 635 4193 Chri·
675 4127 734 4190 lem
751 4128 855 4210 quovis
878 4139 1010 4210 tempore
1034 4124 1141 4186 habeat
1159 4123 1189 4184 in
1204 4142 1270 4186 ma-

78 4227 139 4354 gii·
152 4251 181 4300 ne
193 4257 284 4306 incarn.
299 4272 350 4322 ιιι.
364 4261 387 4319 ι,
403 4271 427 4304 n.
442 4257 479 4306 at.
705 4260 737 4322 ιι)
749 4261 805 4307 ιιι.
819 4259 857 4319 ιι,
871 4257 909 4305 aa.
1026 4255 1057 4316 ιι)
1074 4255 1108 4302 ιο.
1125 4255 1160 4316 ιι,
1174 4253 1211 4304 ιι

86 4303 106 4357 ·l
118 4303 141 4350 l·
155 4312 167 4356 t
179 4315 207 4363 uc
223 4319 307 4366 ιιιιιι
382 4319 413 4378 ιι)
428 4317 509 4366 noctu.
524 4319 546 4403 n,
561 4318 599 4368 ao.
706 4321 737 4381 ιι)
752 4321 822 4368 ueta.
838 4324 861 4379 a,
874 4320 897 4365 ι.
