2928 4734
19 719 22 728 .
124 670 246 754 impleta
255 684 469 756 cognoverant,
484 675 521 738 de
532 677 609 738 lacta
623 675 729 736 divini·

196 111 258 176 184
521 163 736 228 JBROIMBE
756 171 919 224 ntdsnntts

136 239 244 332 ¹⁰¹3&
266 232 319 296 ἕω
334 233 430 317 ipsum
444 240 566 336 fliium?
579 238 734 336 ”liminum
770 253 838 320 dem
855 252 965 335 popolo
982 267 1188 324 conservam,
1212 256 1245 313 ut
1267 243 1388 326 singu·
1451 261 1452 292 ³

136 321 213 420 ¹5⁸¹?
236 338 307 382 ⁵⁰³⁰
329 329 526 397 0¹00⁰i⁰l¹0¹¹¹2
554 324 681 386 liidfflem
707 332 735 387 θ*
771 337 972 402 larisdivinae
992 335 1193 417 providentiae
1211 333 1324 397 indicia
1344 351 1389 394 u·
1451 343 1452 410 j

134 409 279 470 Vind¹⁰0ffl
302 410 462 472 ⁰⁰¹¹Sfiiuii·
485 445 529 462 ···
549 412 640 486 Siculi
664 430 734 490 isto
770 422 860 504 bique
874 428 1047 503 appareant.
1064 419 1101 482 lit
1118 419 1161 481 sic
1175 417 1300 481 historia
1313 415 1390 477 lie·

133 494 222 578 Hopsi
237 498 335 560 coaevi
357 518 410 580 per
434 501 585 578 miracula,
601 519 675 582 quae
688 501 732 563 vi·
770 503 1057 586 ligiouismosaicae,
1067 521 1120 566 scu
1134 503 1234 584 populi
1249 497 1385 564 lucbraei

134 583 247 670 derant,
260 587 303 648 sic
317 587 426 664 posteri
438 607 490 665 per
498 588 643 665 vaticinia,
658 603 751 708 queep
768 589 951 670 Religionem
971 589 1047 650 banc
1065 587 1251 666 profitentis,
1282 601 1386 661 argu-

770 683 869 738 menta
892 673 928 735 de
947 673 1046 736 divina
1066 671 1153 734 buius
1170 671 1287 750 origine
1305 685 1385 728 nra-

123 766 170 818 tus
184 760 364 823 revelatione
376 759 595 824 evidentissime
607 778 729 842 persue-
767 759 846 820 xime
867 756 1034 820 confirmat.
1055 791 1098 804 --
1116 754 1243 816 Historia
1270 759 1382 816 antem

122 840 186 904 deri
206 842 385 906 debuerunt.
767 842 834 917 ista,
847 861 943 905 annos
953 841 1070 903 circiter
1082 839 1163 902 1500
1170 839 1385 920 complectens

165 927 255 990 Nolo.
275 925 383 991 Contra
400 926 489 990 citata
503 923 609 1006 Moysis
625 924 728 990 vatici·
766 925 797 988 iu
813 934 874 990 tres
888 925 1016 1007 dispesci
1027 923 1156 1005 epochas
1171 930 1276 1003 potest,
1292 937 1382 1001 qua·

123 1007 173 1072 nia
191 1009 233 1072 nil
262 1011 350 1074 solidi
368 1020 398 1074 et
416 1018 519 1074 uolatu
544 1010 624 1089 digni
644 1009 727 1074 Reli·
765 1029 832 1074 rum
843 1012 944 1090 prime
962 1009 1082 1072 heroica
1093 1008 1138 1069 vel
1157 1007 1273 1082 bellica,
1294 1003 1383 1066 alo·

120 1093 218 1169 gionis
241 1095 388 1160 revelatae
411 1094 572 1156 adversarii
593 1113 724 1176 uuquam
765 1113 819 1156 sue
848 1113 943 1177 usque
967 1093 1005 1155 ad
1026 1090 1213 1166 Samuelem
1239 1091 1381 1153 eemtttda

14 1227 16 1232 .
120 1177 256 1256 prolerre
276 1185 447 1259 potuerunt.
467 1177 555 1240 Aliud
573 1186 672 1240 autern
691 1198 725 1241 eu
765 1177 843 1256 regia
867 1187 897 1240 et
916 1176 1099 1259 prophetica,
1125 1173 1295 1240 aSamuele
1313 1192 1381 1234 us·

119 1259 229 1326 Genesi
246 1262 417 1324 vaticinium
433 1261 536 1338 citant,
556 1262 634 1343 quod
654 1281 726 1324 cra·
765 1280 825 1342 que
837 1262 873 1326 ad
893 1260 1119 1334 zorobabelem
1137 1259 1224 1323 tertio
1237 1257 1381 1320 chaldai-

119 1353 167 1408 eto
182 1345 270 1408 modu
284 1346 439 1426 impletum
452 1365 511 1408 uon
524 1364 589 1408 esse
607 1346 722 1410 dicunt.
765 1341 1380 1425 ca-graeeaazorobaoateusqueaocuri-

119 1428 198 1492 Deus
210 1430 288 1492 euim
304 1429 474 1493 abrahamo
486 1429 559 1492 dixit
574 1431 633 1510 (l):
646 1430 725 1494 Scito
765 1438 843 1492 stum
861 1430 959 1493 durat.
980 1427 1095 1510 Ubique
1107 1426 1382 1509 deprehenduntur

81 1509 86 1516 '
118 1531 313 1593 praenoscens
331 1516 407 1593 qnod
421 1515 622 1595 pereprinum.
637 1516 723 1595 [eto-
765 1523 887 1576 eventus
905 1512 1056 1576 mirabiles
1082 1512 1240 1594 specialem
1259 1509 1312 1572 liei
1331 1511 1380 1574 de

122 1614 192 1662 rom
210 1599 247 1661 sit
268 1615 365 1660 semen
389 1606 474 1661 tunm
501 1598 536 1660 in
559 1606 643 1662 terro
665 1616 726 1662 note
764 1596 905 1660 Hebraeis
927 1595 1377 1681 curram*aecedentes-nimi-

120 1699 187 1758 sno,
204 1691 230 1745 et
244 1683 454 1745 subiicienteos
470 1683 619 1759 sanitati,
639 1690 666 1745 et
679 1684 726 1763 us·
765 1700 830 1743 rum
856 1683 888 1763 a)
912 1682 990 1759 oiri,
1015 1680 1159 1759 singulari
1191 1680 1377 1743 auctoritate

118 1765 223 1846 slipenl
241 1767 465 1848 pnedrinperttis
481 1767 572 1829 onmis
582 1789 597 1840 ,·
613 1784 724 1847 -pe-
766 1765 958 1844 moseismum
977 1773 1103 1846 tuentes,
1125 1773 1155 1826 et
1170 1763 1202 1842 b)
1221 1763 1287 1842 sete
1308 1783 1377 1826 tta-

120 1850 274 1912 nerotionc
291 1859 388 1914 entem
411 1859 517 1930 pacato
540 1857 727 1913 renotentur
765 1849 855 1912 tionis
872 1850 917 1912 vel
937 1849 1110 1925 tristium}
1136 1848 1214 1911 laeta
1228 1865 1296 1908 curn
1315 1848 1378 1909 ub·

122 1933 180 1996 dno
200 1933 258 2017 (H).
284 1931 341 1996 Sed
369 1933 398 1995 iu
418 1933 519 1996 Exodo
538 1934 586 2014 (3)
604 1933 725 1996 Israeli·
765 1933 941 2008 servatione,
961 1935 1005 1996 vel
1025 1931 1275 2013 praevaricatione
1295 1932 1375 2010 legis

121 2028 168 2079 tae
181 2036 237 2098 per
253 2017 314 2080 430
328 2037 422 2080 annos
439 2019 471 2079 in
487 2017 619 2099 Aegypte
639 2035 726 2080 com·
765 2017 869 2079 intime
891 2016 1132 2080 connexa-iusta
1156 2015 1331 2079 vaticinium
1355 2036 1375 2083 a

121 2102 229 2164 moreti
247 2120 311 2163 esse
333 2101 483 2165 dicuutur.
503 2099 643 2167 -Nulla
667 2120 724 2162 au·
765 2099 860 2182 Hopse
874 2103 1022 2182 prolatum
1041 2100 1101 2182 (5).
1331 2112 1334 2120 ’

121 2183 181 2246 tem
210 2185 401 2248 contradictio
419 2185 467 2247 hio
486 2185 636 2262 occurrit;
656 2203 724 2246 nam
1057 2231 1123 2280 m

121 2269 304 2350 computatio
317 2269 572 2350 temporisabeo
584 2268 726 2330 determi·
1008 2227 1038 2298 ς’
1123 2261 1132 2279 ’

121 2352 196 2430 uati,
215 2353 355 2435 quoniam
374 2354 410 2417 de
429 2353 543 2416 semine
555 2370 652 2414 sermo
667 2361 724 2428 est,

121 2435 301 2502 anativitate
315 2436 405 2499 isaaci
418 2436 509 2516 incipi
523 2435 622 2511 debet,
638 2455 726 2517 aqua
808 2438 838 2502 l.
856 2434 946 2516 Mopsi
965 2435 1107 2501 successit
1124 2436 1218 2514 losne,
1240 2457 1299 2500 nou
1319 2439 1376 2500 os-

121 2540 218 2602 usque
235 2521 395 2588 aderitum
409 2521 607 2584 Israelitarum
621 2520 725 2582 eer-
765 2522 833 2584 bcio
850 2530 978 2598 tautum,
992 2521 1045 2583 sed
1059 2528 1088 2581 et
1105 2520 1223 2601 spiritu,
1243 2522 1295 2602 qui
1308 2521 1376 2584 Pa-

120 2613 207 2686 gypto
222 2605 368 2668 insuunt
382 2604 572 2678 transierunt,
588 2623 640 2683 pro
655 2603 725 2684 qui·
765 2607 919 2668 laestiuam
932 2603 1098 2666 ·lsraiilitis
1111 2605 1227 2666 iamdiu
1237 2606 1377 2688 promis-

121 2688 194 2766 bns,
217 2698 252 2751 ut
269 2688 387 2770 saepius
413 2689 445 2750 tn
464 2687 495 2748 in
520 2685 551 2749 S.
575 2685 726 2768 Scriptura
765 2709 828 2752 sam
854 2707 914 2750 nou
935 2689 999 2750 siue
1017 2689 1188 2765 miraculis,
1207 2690 1292 2753 victis
1313 2690 1374 2751 tri·

121 2791 264 2836 uumerus
281 2773 425 2836 rotundus
439 2772 501 2834 too
518 2772 648 2851 ponitur.
666 2769 725 2834 Ge·
765 2774 847 2852 ginta
861 2773 922 2834 iere
931 2773 1061 2850 regibus,
1072 2774 1236 2852 occupavit.
1244 2772 1375 2837 -Cum

120 2857 236 2920 uenatio
255 2865 353 2920 autem
371 2874 423 2926 pro
441 2857 582 2931 longaeva
598 2854 727 2916 Patina
765 2857 844 2920 enim
863 2854 1014 2920 Israelitae
1031 2856 1070 2918 ed
1086 2856 1240 2918 lordauem
1266 2859 1375 2920 venis-

125 2943 246 3006 charum
259 2945 318 3007 vita
331 2943 391 3007 lOO
400 2959 493 3005 anuos
504 2942 724 3024 complectitur.
765 2950 835 3003 sent
855 2949 987 3022 tempore
1006 2940 1123 3016 messis,
1142 2959 1201 3021 quo
1224 2941 1303 3021 ripas
1322 2943 1373 3004 al·

124 3032 157 3094 ln
171 3033 271 3095 Exodo
297 3043 394 3109 autem
422 3031 491 3093 anui
517 3041 727 3111 computantur
765 3026 811 3086 vei
829 3025 875 3088 sui
893 3024 1067 3106 impleverat
1086 3025 1145 3105 (d),
1170 3033 1314 3088 steterunt
1332 3044 1375 3089 u-

125 3121 161 3184 ab
176 3141 297 3200 egressu
324 3121 482 3183 Abraham
506 3121 630 3200 spania
659 3141 724 3195 sua,
765 3126 840 3188 pone
857 3110 1060 3172 descendentes
1074 3109 1109 3170 in
1126 3109 1272 3184 locouno,
1284 3117 1312 3172 ct
1331 3111 1377 3173 ed

125 3211 241 3292 quiaab
262 3211 317 3272 use
332 3221 463 3291 ternpore
478 3209 508 3270 u
528 3220 605 3272 veru
628 3210 726 3272 atiena
766 3194 863 3256 insto
879 3193 986 3254 montis
1008 3193 1228 3290 nutrimentu
1242 3211 1374 3273 ornare-

125 3319 191 3362 cum
207 3299 268 3360 suis
281 3308 412 3360 pessmus
427 3308 471 3360 est
484 3299 539 3376 (4).
765 3278 886 3340 bam-n·
903 3293 977 3355 quae
986 3285 1084 3339 alitem
1098 3277 1256 3355 infertores
1264 3287 1370 3355 eram,

303 3414 475 3461 mmm,
489 3419 527 3463 W
765 3361 799 3422 in
823 3377 907 3422 more
922 3361 1092 3424 solitudinis
1109 3361 1200 3439 (qoud
1216 3379 1299 3424 ttttttc
1316 3379 1375 3424 oo·

153 3506 263 3566 specialis
279 3507 321 3553 liet
340 3519 394 3564 erga
409 3507 529 3556 Hebraeos
544 3511 696 3570 providentie.
765 3447 1376 3612 {efflmgggmaez'ffirfffi³:53³ss

371 3592 401 3663 S·
421 3599 476 3647 ⁹⁹·
766 3613 812 3673 lus
827 3611 952 3674 liberum
967 3613 1122 3674 transitum
1136 3577 1268 3690 ba'beret,
1280 3614 1374 3676 sicuti

165 3687 247 3752 Sicut
264 3691 343 3754 Deus
362 3694 518 3771 muudum,
537 3713 626 3777 quem
640 3714 726 3758 crea·
765 3695 852 3758 losuc
870 3695 929 3758 iem
944 3696 992 3758 tiie
1009 3697 1195 3777 praecedeuti
1219 3698 1373 3778 praedixe-

126 3773 176 3850 rit,
197 3783 255 3836 tam
275 3777 426 3857 sapienter
444 3778 607 3856 gubernat,
628 3787 660 3840 ut
675 3800 726 3842 ve·
766 3787 811 3840 rat
830 3779 890 3860 (8),
910 3787 943 3842 ut
960 3780 998 3842 de
1016 3779 1137 3842 veritate
1156 3780 1292 3843 miraculi
1309 3784 1374 3843 du·

124 3858 211 3938 stigia
228 3859 322 3941 ipsius
342 3860 548 3924 Providentiae
567 3862 678 3944 ubique
697 3884 728 3928 e·
768 3863 855 3924 bitari
879 3881 938 3925 uon
959 3863 1061 3944 possit.
1073 3897 1115 3913 --
1128 3863 1220 3926 Porro
1239 3883 1306 3927 cum
1333 3866 1376 3927 ad*

123 3943 254 4006 luceant:
268 3944 398 4006 sicratio
410 3944 488 4006 haud
501 3949 727 4010 exvanocouii·
766 3945 874 4022 lerino,
894 3947 997 4010 urbem
1026 3948 1156 4009 clausam
1175 3958 1204 4010 ct
1224 3949 1370 4011 munitam

124 4025 183 4102 cit,
212 4027 304 4089 Deum
334 4026 537 4106 Religionem,
563 4049 650 4109 quam
676 4051 729 4112 per
768 4040 889 4092 ventum
905 4041 995 4107 esset,
1017 4035 1100 4093 omni
1126 4033 1233 4112 popule
1261 4033 1374 4113 nocife-

124 4107 244 4190 llupseu
262 4109 405 4173 Hebraeis
424 4109 557 4188 tradidit,
571 4113 612 4175 ita
630 4115 661 4175 iu
679 4135 730 4178 eo·
767 4123 866 4191 roien,
894 4123 921 4176 et
941 4116 1142 4197 clunpentidus
1165 4118 1260 4196 luidb,
1288 4117 1372 4181 nturi

165 4235 186 4352 u
201 4237 390 4342 tritten.
419 4237 451 4355 n
464 4237 490 4356 v
504 4237 574 4358 tin
603 4239 633 4303 v
649 4240 721 4302 ⁴²³·
800 4239 832 4354 n
846 4241 960 4352 erm
1014 4241 1046 4305 ¹⁷³
1063 4243 1133 4294 tr·

970 2337 1047 2384 Prlmn
1062 2335 1165 2396 Epoehtt.
