2962 4736
206 187 268 250 tte
603 199 788 248 manuale
808 201 969 248 remnants

166 291 225 346 tem
254 279 433 360 obligantcm
461 287 493 344 ct
513 279 672 346 ducentem
692 299 762 364 pra·
799 283 885 345 daret
921 281 980 345 siti
1009 281 1152 364 papalum
1186 279 1406 361 acceptabilem,

164 365 262 513 Ennii,
278 383 356 447 quae
372 363 469 429 medie
493 366 658 429 sanctitatis
674 365 760 428 exhi·
798 373 969 430 sectatorem
985 367 1129 430 toramen
1149 381 1274 445 operam
1293 364 1408 446 (5).1n

186 459 227 527 et,
243 450 416 512 simonetta
438 458 539 516 sancta
564 449 595 511 in
614 467 647 511 so
661 449 760 511 conti·
798 465 868 512 vera
888 467 957 530 ergo
979 449 1111 514 Ecclesia
1131 448 1230 511 media
1256 447 1409 511 sanctita·

128 589 132 596 .
164 544 227 596 net.
244 532 276 594 ln
289 533 343 594 noe
359 549 450 594 sensa
462 533 583 610 dicitur,
598 533 761 596 verannEo·
799 534 837 597 tis
854 534 958 596 adesse
986 534 1109 612 debeat,
1134 551 1151 594 a
1174 532 1295 596 Christo
1313 531 1408 594 insti-

163 616 284 680 clasiam
303 627 436 678 sanctam
454 633 520 680 esse
537 616 647 680 debere
660 617 691 678 in
711 616 762 680 do-
798 625 880 696 tuta3
898 628 927 680 et
943 617 994 679 illa
1016 618 1080 680 sola
1100 615 1234 680 Ecclesia
1247 633 1323 678 nera
1340 633 1408 679 esse

164 702 275 774 atina,
305 699 335 762 in
358 699 475 776 mediis,
494 709 524 764 et
546 701 579 763 ia
608 701 759 780 mentiris,
799 709 908 782 potest,
934 719 1011 783 quas
1040 719 1094 783 pra
1128 701 1210 763 omni
1241 699 1406 762 homiuum

163 785 241 870 quod
260 783 347 847 tacite
365 783 519 866 probatur.
799 786 982 864 intlrmitate,
998 793 1078 848 statu
1096 793 1126 848 et
1140 783 1318 846 cundltlone
1339 783 1405 846 sut-

204 870 234 931 l.
253 867 399 944 Christus,
416 867 509 931 Filius
526 867 593 946 llei,
616 867 758 932 sanctitas
798 869 1208 932 deientlasanctitatismedia
1220 867 1361 944 exhibet,
1378 873 1406 930 ct

163 951 241 1034 ipsa,
261 951 375 1033 absque
388 951 480 1014 dnbio
498 953 663 1016 doctrinam
686 971 758 1014 san·
797 955 865 1031 iden
884 969 950 1016 cum
964 954 1065 1016 diuino
1083 971 1136 1015 sun
1148 951 1312 1014 fundatore
1333 971 1405 1014 cun·

162 1047 238 1098 ctam
257 1033 423 1118 proposuit,
451 1037 473 1100 i.
503 1055 531 1099 a.
552 1037 654 1112 talam,
681 1055 758 1118 quae
796 1039 853 1102 ctis
870 1039 1158 1120 acclamarepotest:
1182 1037 1287 1100 Venite
1303 1037 1349 1098 ad
1361 1053 1407 1099 me

162 1118 299 1181 homines
324 1119 362 1182 ad
379 1136 527 1182 summam
545 1121 757 1201 perfectionem
795 1139 907 1199 omnes,
920 1123 973 1204 qui
985 1121 1137 1195 numetis,
1150 1128 1177 1183 et
1188 1121 1308 1184 comati
1322 1122 1405 1197 estis,

162 1204 318 1279 moralem,
330 1222 383 1265 seu
396 1203 432 1264 ad
444 1204 601 1266 maximam
617 1205 759 1268 sauctita-
795 1218 824 1273 at
841 1223 892 1288 spa
909 1207 1103 1288 repmmn'aos
1118 1205 1177 1284 (ὃ).

163 1295 221 1351 tem
237 1287 348 1366 obliget
362 1287 423 1369 (l),
439 1295 469 1351 et
486 1288 559 1368 ipsis
572 1289 648 1351 tiam
667 1289 703 1350 ad
723 1290 758 1350 il·
838 1292 869 1354 3.
902 1290 946 1352 ta
978 1307 1066 1352 serae
1100 1287 1209 1352 Christi
1245 1285 1404 1351 Ecclesiae

161 1372 220 1434 lam
239 1371 428 1453 perveniendi
444 1371 757 1436 commonstrantes
796 1374 999 1439 characterem
1022 1373 1193 1436 nullatenus
1217 1372 1400 1455 requiritur,

161 1455 295 1520 Ecclesia
313 1465 413 1518 autem
428 1457 614 1520 solummodo
630 1457 682 1520 illa
698 1466 754 1534 est,
796 1468 829 1520 ut
851 1460 951 1521 omnia
963 1459 1043 1521 illius
1058 1457 1189 1520 ntemlsra
1201 1465 1307 1519 sancta
1326 1455 1397 1520 sint.

162 1558 240 1622 queo
264 1539 424 1616 genuinam
455 1540 563 1604 Christi
592 1541 756 1603 ‹lontrinam
795 1541 868 1606 llam
888 1545 920 1606 ln
938 1543 988 1605 illa
1008 1541 1098 1603 etlam
1122 1549 1295 1622 peccatores
1312 1541 1401 1602 inre·

161 1623 263 1700 tradit;
283 1641 353 1701 ergo
370 1641 439 1686 uera
449 1621 558 1688 Christi
576 1625 708 1688 Ecclesia
722 1643 758 1687 cx
796 1627 868 1706 uiri,
883 1628 942 1689 iam
958 1623 1075 1708 (tatu)
1091 1625 1247 1708 probatum
1264 1631 1324 1687 est.
1341 1623 1400 1687 Sed

162 1727 197 1770 eu
211 1707 407 1786 dignoscitur,
423 1709 448 1770 si
470 1709 634 1772 doctrinam
653 1727 760 1791 propo·
797 1721 896 1774 tamen
919 1711 950 1772 in
971 1712 1022 1772 itta
1041 1710 1174 1772 membra
1192 1717 1297 1770 sancta
1316 1725 1401 1770 sem-

161 1792 218 1866 nit,
234 1809 311 1873 quae
324 1791 460 1856 homines
469 1791 505 1854 ad
522 1794 679 1855 maximam
691 1812 759 1855 san·
799 1795 1002 1876 perexistunt.
1014 1793 1087 1856 Nam
1107 1793 1132 1854 si
1150 1794 1269 1873 inopen
1287 1793 1401 1854 adsunt

163 1877 294 1938 etitatem
323 1877 386 1937 lum
413 1877 545 1955 obligat,
573 1885 636 1940 tum
662 1877 756 1941 ducit.
797 1880 922 1954 zizania,
941 1876 1400 1960 adestqunqaetriticum3siia

163 1995 204 2008 -
222 1957 254 2022 st
272 1977 341 2022 nera
360 1962 486 2023 societas
515 1961 759 2043 quaedam-reli-
799 1965 931 2028 conaiaio
962 1973 1084 2043 apparet
1116 1961 1204 2021 hama
1236 1969 1322 2022 reste
1341 1979 1401 2022 aa·

162 2043 244 2123 glosa
263 2063 298 2106 ea
315 2045 451 2106 doctrine
467 2045 613 2110 instructa
630 2063 689 2110 uon
708 2046 758 2121 sit,
799 2049 884 2130 ptiati
901 2047 1071 2123 destitutus,
1097 2045 1154 2107 alii*
1168 2044 1224 2104 hac
1241 2053 1327 2106 reste
1347 2063 1400 2106 or-

163 2147 240 2210 quae
258 2129 293 2189 ad
312 2129 498 2194 sanctitatem
515 2129 651 2191 hotnitues
670 2129 761 2190 iniur-
800 2134 861 2194 nati
876 2131 1116 2215 conspiciuntur;
1137 2129 1168 2189 in
1183 2145 1294 2207 capena
1305 2147 1400 2209 prae-

163 2221 236 2288 met,
260 2214 413 2296 multoque
432 2213 538 2292 magis,
557 2213 687 2274 sitalem
708 2214 762 2274 do·
800 2217 956 2278 termalus
981 2216 1071 2276 etiam
1102 2211 1172 2274 boni
1191 2213 1290 2292 pisces
1307 2231 1398 2293 repe·
1472 2277 1473 2280 ,

163 2296 286 2358 ctrinam
313 2297 498 2378 profiteatur,
517 2315 593 2379 quae
611 2296 760 2358 sanctitati
799 2303 928 2376 riantur,
942 2299 1020 2361 inter
1039 2300 1134 2361 decem
1152 2295 1286 2376 airpt'ucs
1305 2299 1398 2378 quin·
1472 2297 1473 2344 ἓ

163 2379 348 2457 adversetur,
361 2382 586 2463 quaequelsoua
605 2397 695 2462 apere
707 2381 762 2442 mi·
799 2401 859 2465 que
882 2392 953 2446 sunt
968 2381 1139 2464 prudentes.
1159 2379 1217 2460 Ipsi
1232 2380 1301 2441 iden
1321 2381 1402 2462 Apu·

163 2462 245 2526 nime
266 2474 447 2544 praenoscat,
478 2467 636 2527 autetiam
658 2466 759 2527 cnclu-
798 2469 866 2530 stoli
888 2467 1072 2532 dtrristianos
1094 2473 1213 2526 sanctes
1243 2467 1400 2546 appellare

162 2547 225 2624 dat,
241 2547 354 2629 absque
369 2549 426 2609 alio
442 2547 552 2611 indicio
564 2549 683 2612 evidens
701 2557 757 2624 est,
800 2571 859 2614 nnn
877 2551 1098 2626 dubitaverunt,
1115 2548 1185 2630 qula
1202 2547 1284 2609 inter
1302 2567 1396 2628 ipsus,

162 2650 227 2694 eain
248 2633 303 2694 hac
318 2641 387 2694 nata
405 2633 570 2695 sanctitatis
588 2651 653 2695 esse
668 2634 761 2694 desti·
797 2636 849 2717 qui
865 2653 968 2696 oannes
983 2635 1020 2696 ad
1038 2633 1223 2696 sanctitatem
1238 2642 1397 2708 uocantur,

162 2723 270 2793 tutam,
292 2735 347 2778 nec
362 2717 761 2798 proindeuerasnesseClrri·
797 2738 916 2800 semper
939 2719 1027 2780 etiam
1057 2717 1151 2778 sancti
1182 2716 1334 2793 existunt3
1355 2717 1398 2778 sic

162 2801 200 2863 sti
219 2799 394 2864 Ecclesiam.
798 2803 908 2866 Paulus
936 2803 1057 2865 scribit:
1083 2799 1223 2865 Octut'dtts
1246 2801 1301 2879 qni
1326 2807 1400 2864 stetit

203 2883 234 2946 E.
251 2881 282 2946 Si
306 2884 440 2947 caristus
465 2883 601 2948 homlnes
624 2885 759 2965 infirmos
797 2889 919 2962 Romae,
948 2886 1062 2950 dilectis
1090 2886 1162 2961 Dei,
1188 2886 1299 2947 uocatis
1323 2903 1396 2947 satt-

163 2973 192 3030 et
211 2969 416 3050 corruptcsad
438 2971 623 3032 sanctitatem
643 2970 758 3048 ohliga—
798 2973 852 3035 ctis
876 2972 935 3051 (l).
971 2970 1116 3034 Ecclesiae
1143 2968 1209 3045 ltei,
1249 2977 1397 3048 occaecat

161 3051 214 3128 vit,
244 3071 311 3114 cutus
341 3053 538 3134 impossibilia
561 3071 619 3115 non
644 3054 757 3130 iubeat,
801 3056 961 3133 docimii,
990 3052 1178 3134 sanctificatis
1214 3053 1248 3114 in
1278 3052 1398 3116 Cdriato

162 3145 243 3198 certe
261 3136 334 3218 ipsis
353 3138 442 3198 etiam
466 3137 564 3200 media
584 3137 760 3218 suppedita-
799 3142 865 3205 lcstt
882 3141 942 3220 (8).
961 3139 1103 3206 mentesa
1118 3136 1238 3212 sanctis,
1258 3137 1312 3216 qai
1326 3145 1399 3201 steret

161 3220 203 3281 rit
220 3219 258 3281 ad
280 3223 360 3282 illam
390 3221 647 3301 pervenientem
673 3219 760 3284 Clari-
799 3225 907 3305 Eponei
925 3225 984 3304 (9).
1012 3223 1065 3284 ltla
1092 3239 1161 3298 ergo
1189 3238 1260 3282 uera
1288 3220 1397 3284 Christi

161 3311 240 3364 stum
275 3315 342 3367 actu
377 3305 574 3385 praestitisse,
605 3323 640 3367 cx
673 3304 761 3366 vadis
800 3308 934 3372 Ecclesia
953 3315 1009 3381 est,
1029 3325 1106 3388 quae
1127 3306 1397 3385 sempernrembra

163 3383 195 3448 S.
214 3385 385 3469 Scripturas
400 3389 472 3451 locis
486 3398 577 3471 patet.
593 3387 761 3452 DeCltristo
800 3401 901 3454 sancta
924 3391 954 3453 in
980 3409 1011 3453 se
1034 3389 1177 3453 continet.
1197 3387 1277 3450 llaec
1296 3399 1396 3452 autern
1468 3383 1469 3431 ἒ

162 3467 243 3532 enim
267 3472 388 3549 legitur:
419 3473 565 3554 Ottotqaot
590 3481 762 3552 receperunt
800 3485 869 3539 nota
889 3486 958 3537 tunc
976 3475 1021 3537 uel
1035 3473 1335 3553 maximeconspicua
1353 3477 1393 3548 tt,

161 3571 240 3632 aim,
266 3556 344 3618 dedit
370 3557 411 3619 eis
429 3567 597 3639 potestatem
612 3558 689 3638 tilius
706 3558 762 3620 Dei
800 3569 830 3622 et
847 3559 980 3623 veritatis
1004 3558 1133 3638 sigillum
1160 3557 1314 3619 Ecclesiae
1337 3557 1395 3618 im-

161 3640 230 3721 ficri
248 3639 314 3719 (E);
337 3631 471 3705 Eleis-tas
482 3643 587 3706 attexit
602 3641 761 3705 Ecclesiam
801 3645 913 3725 primit,
928 3644 952 3705 si
969 3643 1049 3704 omni
1066 3651 1197 3720 ternpore
1213 3641 1288 3702 tales
1304 3640 1395 3701 homi·
1418 3655 1421 3669 ·

162 3731 189 3786 ct
201 3725 330 3804 seipsam
347 3726 471 3789 tradidit
488 3743 542 3806 peu
559 3743 604 3802 ca,
626 3734 660 3789 ut
678 3726 760 3789 ittam
800 3727 989 3802 nissethilset,
1002 3726 1053 3808 qui
1069 3741 1127 3787 non
1138 3726 1234 3786 sctum
1249 3741 1396 3805 perexer-

161 3811 355 3890 saactificonct
377 3809 444 3888 (3);
470 3809 567 3889 Elrpit
584 3827 649 3885 nos,
669 3843 711 3856 -
727 3818 760 3872 ttt
800 3813 902 3874 citium
931 3812 1071 3872 uirtutum
1100 3809 1252 3884 omnium,
1275 3817 1304 3870 et
1322 3827 1396 3870 con·
1466 3881 1467 3884 Ἴ

162 3909 290 3955 essemus
318 3894 425 3968 sancti,
456 3903 482 3956 et
511 3895 695 3958 immnatlati
726 3895 760 3958 in
799 3895 933 3958 siliarum
968 3896 1055 3957 etiam
1091 3893 1330 3970 evarigeticorum
1366 3891 1396 3954 in
1466 3889 1467 3904 ¹

164 3986 315 4056 conspecta
340 3978 403 4040 eiua
421 3978 454 4039 iet
476 3980 598 4042 caritate
620 3979 683 4058 (t);
700 3978 759 4039 lle·
800 3998 917 4042 summa
931 3979 1035 4057 gradu,
1056 3985 1120 4052 sea,
1142 3978 1184 4036 uti
1203 3986 1319 4052 nocant,
1343 3975 1396 4038 lne-

163 4061 206 4122 dit
219 4063 402 4140 semetipsam
415 4079 471 4143 pro
488 4065 582 4139 nadis,
601 4071 634 4124 at
647 4079 701 4124 nos
714 4078 762 4123 re·
801 4065 1098 4140 raicoctniuuecunt,
1109 4059 1262 4124 sedetiam
1279 4077 1395 4141 perex·
1465 4061 1466 4064 ’

164 4143 285 4207 dimersi
299 4147 335 4208 od
347 4147 429 4210 omni
441 4147 609 4227 inienuitate,
624 4154 650 4206 ct
667 4163 762 4208 maa·

830 4218 861 4277 t'a'l
877 4219 920 4264 tu.
936 4217 958 4278 2,
974 4216 1011 4264 tt.
1159 4216 1189 4276 (d)
1205 4215 1285 4264 ttnttte.
1301 4214 1335 4273 ll,
1348 4216 1384 4262 28.

193 4274 403 4332 (steatomata.
520 4277 637 4334 tarsa
655 4277 687 4323 ta.
830 4278 933 4334 (citiam
961 4274 1015 4334 t‚t.
1164 4276 1286 4338 tutae.
1301 4274 1326 4336 t,
1340 4273 1362 4319 2.

195 4332 227 4390 (5)
242 4331 300 4392 Epls.
315 4338 337 4394 ti,
351 4337 389 4382 25.
523 4337 552 4394 (4)
565 4335 623 4395 Eph.
635 4335 657 4397 l,
669 4339 692 4384 5.
832 4341 863 4398 (9)
878 4337 936 4398 Eph.
956 4338 974 4400 t,
989 4336 1011 4386 l.
