2910 4732
192 221 234 286 5⁰
593 238 780 285 rasoaocnua
802 237 964 286 cananeus

149 325 217 400 ptus
235 317 353 381 animae
381 315 528 400 exprimit,
555 326 585 382 et
610 319 748 399 vivificae
789 327 834 382 ter
858 320 984 400 populos
1010 316 1090 382 circa
1107 317 1220 382 cultum
1239 325 1406 381 externum

148 403 268 465 demum
287 412 364 466 ortes
388 403 585 480 mechanicae,
602 423 678 486 quae
696 423 749 466 re·
789 402 914 466 oblinet.

148 494 209 548 stes
234 485 437 548 ministrorum
457 506 632 565 sacrorum,
657 507 748 550 orna·
829 488 914 568 Resp.
932 483 1034 550 Cultus
1052 496 1190 549 externus
1212 505 1273 548 non
1299 483 1403 564 exigi-

151 579 250 632 rnenla
264 571 533 650 templorum,vasa
547 581 700 634 sacraetc.
717 592 749 632 a·
789 578 836 633 tur
858 571 914 633 nisi
934 578 1083 652 tamquam
1109 571 1240 633 medium
1259 569 1405 648 Religio·

149 661 199 735 pto
218 654 304 716 modo
328 654 488 716 conficiunt
505 655 541 716 ad
564 656 748 718 maiestatem
789 655 835 716 nis
853 655 987 716 internae
1015 654 1246 736 exprimendae,
1265 662 1296 716 et
1322 672 1405 734 pro-

149 739 245 798 cultus
262 737 354 802 divini
377 737 606 819 promovendam
624 738 683 820 (l).
791 739 964 802 movendae:
982 757 1034 819 pro
1047 737 1187 800 varietate
1199 745 1298 800 autem
1313 747 1405 798 tem-

188 822 276 885 Noto.
310 823 417 886 Contra
441 820 625 901 Religionem
651 830 748 884 exter·
790 840 908 902 porrrrn,
921 831 951 885 et
967 823 1099 884 locurum
1117 822 1204 884 variis
1215 841 1335 903 quoque
1352 821 1406 882 ri*

150 923 217 965 narn
234 906 321 984 longe
339 908 439 988 piures
458 904 556 966 hostes
576 905 748 968 insumere·
790 906 869 967 libus
888 905 935 968 laic
954 905 1020 967 linis
1038 905 1200 982 obtinetur,
1221 914 1250 968 et
1268 905 1334 967 ideo
1351 905 1405 965 di·

150 996 230 1064 runt,
248 1009 337 1072 quam
356 989 495 1052 adversus
519 988 678 1066 internam,
699 990 749 1070 qui
788 990 910 1052 versitas
923 992 1020 1052 cuitus
1035 988 1147 1052 externi
1171 990 1264 1052 oritur
1281 989 1327 1070 (ln
1340 987 1405 1050 Re·

150 1073 301 1136 veritatem
318 1073 499 1154 propositam
525 1074 613 1135 variis
630 1074 749 1155 sophis·
790 1073 899 1152 ligiona
920 1074 1049 1136 revelata
1067 1091 1169 1136 revera
1196 1075 1294 1155 plores
1317 1072 1400 1134 ritus

151 1157 278 1218 mutibus
291 1156 478 1238 impugnant,
498 1176 575 1238 qaae
594 1167 693 1220 aulem
707 1158 751 1220 la·
790 1156 963 1238 praescripti
982 1158 1019 1219 ab
1036 1157 1099 1238 ipso
1118 1157 1179 1220 Deo
1198 1158 1343 1235 luerunt).
1447 1169 1448 1176 ’

149 1241 388 1318 cilediluuutur.
624 1251 625 1258 ’
834 1241 898 1305 ott.
923 1241 954 1304 6.
976 1240 1211 1318 iudignurnlleo
1234 1249 1291 1316 est,
1313 1241 1400 1320 pasci
1447 1271 1448 1290 ι

192 1324 256 1387 Obi.
279 1324 308 1386 l.
329 1324 408 1386 Deus
435 1343 495 1384 non
515 1332 582 1404 eget
598 1325 680 1388 cultu
697 1344 749 1388 ec·
791 1324 929 1388 hamonis
958 1325 1117 1398 laudibus,
1138 1325 1260 1388 mulceri
1279 1334 1401 1385 morta·
1447 1337 1448 1374 l

150 1415 246 1489 terno,
265 1408 306 1468 ait
329 1407 509 1470 Tleomosiao.
790 1410 862 1470 lium
882 1407 968 1484 votis,
985 1429 1019 1472 ac
1034 1427 1106 1471 suae
1121 1406 1305 1472 celsitudinis
1321 1427 1404 1489 qua·
1447 1417 1448 1461 ὲ

189 1493 275 1570 Reep.
305 1491 383 1553 Deus
412 1492 500 1553 eliam
527 1491 644 1555 interno
668 1493 750 1555 cultu
791 1493 858 1556 darn
872 1492 1016 1574 zelotypia
1033 1492 1114 1556 duci.
1447 1507 1448 1544 1

151 1595 208 1637 non
233 1583 310 1653 eget,
341 1583 502 1656 utrumque
527 1585 626 1638 autern
649 1577 749 1656 exigit,
830 1578 916 1657 Reep.
941 1575 1097 1656 Indignum
1117 1575 1177 1638 Deo
1198 1594 1258 1638 non
1283 1584 1339 1653 est,
1360 1597 1401 1638 e·
1447 1593 1448 1630 2

150 1678 209 1720 non
227 1658 297 1739 quia
312 1659 380 1741 ipsi,
399 1660 450 1721 sed
469 1660 539 1740 quia
559 1659 644 1722 nobis
660 1661 750 1741 prod·
790 1659 888 1738 rigere
908 1681 925 1722 a
952 1671 1071 1736 natura,
1094 1659 1219 1722 rationis
1242 1670 1396 1740 compute,

150 1750 207 1819 est,
228 1743 270 1803 uti
290 1741 322 1806 S.
343 1743 528 1822 arepennem
547 1743 693 1806 observat.
791 1763 880 1826 qaam
899 1743 1043 1820 condidit,
1061 1752 1161 1825 totque
1175 1742 1326 1824 beneficiis
1343 1765 1400 1806 aa-

192 1826 255 1889 oti.
277 1826 497 1898 RPueri-non
514 1827 568 1889 viri
584 1836 672 1906 egent
688 1827 752 1892 rlri-
790 1848 860 1908 gere
878 1829 908 1890 in
932 1827 995 1890 dies
1015 1847 1074 1889 non
1091 1827 1211 1904 desinit,
1230 1827 1314 1906 signa
1338 1848 1401 1890 na-

151 1911 215 1973 bus‚
792 1912 899 1974 laralia
911 1911 1245 1990 amoris,gratitudinis,
1255 1911 1400 1988 fiduciae,

189 1997 275 2075 Reop.
306 1991 440 2056 Officium
464 1994 560 2056 cultus
587 1995 701 2058 externi
719 1995 751 2058 in
791 1997 997 2074 reverentiae,
1020 2005 1049 2058 et
1072 1995 1287 2072 subiectionis,
1318 2015 1402 2076 qaae

151 2087 254 2142 natura
271 2079 412 2155 bominis,
427 2087 456 2140 et
472 2079 622 2157 religionis
641 2080 751 2142 sunda·
792 2079 912 2160 quidem
933 2078 1104 2142 affectiones
1119 2077 1229 2155 seriae,
1243 2097 1278 2140 ac
1293 2079 1400 2142 since-

151 2172 210 2240 tur‚
228 2182 304 2243 quae
325 2172 430 2224 natura
445 2162 476 2223 in
495 2164 594 2242 pueris
608 2183 702 2244 aeque
717 2183 751 2225 ac
793 2183 842 2224 rae
860 2163 884 2224 si
901 2165 971 2238 sint,
988 2182 1048 2225 non
1062 2170 1184 2244 possunt
1200 2162 1237 2224 ab
1256 2163 1399 2224 intimum

152 2246 181 2306 in
206 2246 277 2308 viris
304 2247 429 2308 obtinet.
456 2243 645 2308 ,doctissimus
674 2247 753 2308 inter
793 2247 925 2329 corporis
951 2265 1017 2308 cum
1043 2247 1151 2309 'anima
1182 2246 1400 2311 commercium

151 2349 270 2411 corpus,
286 2338 315 2391 et
330 2330 458 2391 animam
474 2350 565 2392 nexus
576 2349 694 2412 semper
705 2331 752 2392 lir-
793 2331 843 2393 dia
863 2331 942 2392 inlus
956 2331 1061 2410 latere,
1075 2330 1148 2414 quin
1158 2329 1288 2394 externis
1303 2330 1402 2408 siguis

151 2415 753 2495 musmanet,qaarndininbacvitasu·
792 2415 980 2498 seprodanl.
1448 2429 1449 2438 ¹

153 2517 229 2560 mus.
248 2498 380 2574 Accedit,
401 2499 477 2579 quod
498 2498 552 2560 viri
577 2501 668 2566 rrurllo
687 2519 751 2562 ma-

151 2582 194 2659 gis
212 2601 300 2662 quam
322 2583 406 2662 pueri
426 2583 492 2644 aliis
512 2583 591 2656 bono
618 2585 752 2664 exemplo
999 2587 1125 2636 CAPUT
1141 2588 1192 2635 V!-

152 2667 322 2746 praelucere
342 2666 481 2728 debedssl·
890 2699 926 2735 na
949 2700 1120 2738 arareronrc
1147 2700 1301 2738 urracam

193 2749 258 2812 oli.
280 2750 310 2811 3.
326 2749 411 2812 Cultu
431 2759 552 2812 externo
571 2749 657 2812 facilc
675 2750 753 2812 abu·
814 2810 816 2815 .

152 2841 255 2895 tantur
274 2833 409 2895 homines
433 2833 580 2907 rudiores,
600 2844 632 2894 ul
650 2834 687 2896 ab
706 2837 754 2897 ol·
1046 2801 1076 2872 ς’
1096 2809 1149 2856 ⁴¹⁸⁸

151 2918 225 2979 liciis
245 2917 407 2980 moralibus
425 2936 456 2978 se
475 2918 616 2979 eximant.
836 2917 951 2996 Religio
974 2920 1238 3000 praestantissima,
1256 2929 1346 3003 atque
1362 2942 1405 2984 u-

191 3003 278 3082 Resp.
304 3001 423 3064 Abusus
447 3001 494 3062 hic
517 3000 625 3080 corrigi
652 3000 753 3078 debet,
796 3003 934 3066 tilissirna
956 3014 1000 3066 est

151 3085 203 3146 sed
231 3105 291 3147 non
318 3095 438 3168 propter
462 3103 530 3146 eum
558 3095 657 3148 reclus
684 3105 756 3148 usus
840 3086 1339 3168 l.borniniiedieideo,quiaeius
1356 3089 1405 3150 di·

151 3168 227 3230 tolli.
796 3171 938 3250 gnitatem
958 3172 1098 3245 ostendit,
1116 3191 1182 3234 cum
1202 3173 1401 3236 arctissimam

195 3252 260 3316 oti.
289 3252 319 3314 d.
346 3250 460 3332 Religio
488 3253 609 3315 moralis
632 3272 755 3334 reprae·
797 3255 1121 3337 ipsiascamsupremo
1135 3255 1405 3318 Numineconiun·

152 3337 328 3398 sectationis
346 3337 496 3399 sensibilis
510 3357 564 3400 nec
584 3357 687 3419 capax,
701 3357 756 3400 nec
797 3339 927 3400 ctionem
946 3341 1071 3420 perlicit3
1090 3339 1162 3403 vilia
1180 3348 1304 3414 resecat,
1321 3361 1404 3421 quo-

153 3421 252 3497 iudiga
270 3430 325 3482 est.
797 3440 864 3484 rum
880 3422 959 3484 Deus
981 3424 1087 3484 vindex
1109 3421 1288 3501 agnoscitur3
1309 3425 1406 3486 virtu·

191 3505 277 3584 Resp.
298 3503 393 3582 Signis
412 3504 539 3566 externis
556 3503 707 3580 veritates,
727 3513 756 3566 et
799 3514 841 3567 tes
859 3515 958 3568 autem
987 3516 1156 3587 promovet,
1176 3525 1303 3587 quaram
1321 3507 1404 3570 Deus

152 3589 248 3650 cilicia
266 3587 429 3666 Religionis
449 3589 525 3648 sicut
547 3599 682 3649 caeterae
702 3607 756 3649 co·
798 3599 913 3666 auctor,
944 3590 1043 3669 testis,
1063 3602 1092 3654 et
1109 3601 1315 3652 remunerator
1334 3593 1404 3652 exi-

152 3671 360 3750 gitationes,et
372 3672 543 3734 adiectiones
558 3672 691 3734 internae
703 3685 763 3734 ex-'
798 3673 859 3751 stit,
886 3682 916 3736 et
933 3675 976 3736 sic
995 3676 1074 3756 ipsas
1093 3693 1210 3755 quoque
1228 3674 1406 3736 tribulatio-

154 3755 254 3838 primi,
276 3766 305 3817 et
328 3756 460 3817 adiuvari
478 3763 614 3836 possunt,
634 3757 678 3816 uti
696 3755 755 3817 ium
798 3776 851 3820 nes
868 3758 1004 3834 leviores,
1025 3768 1054 3820 et
1072 3759 1218 3820 dulciores
1237 3758 1339 3835 efficit,
1360 3759 1407 3821 vie

153 3839 336 3921 experientia
355 3839 451 3900 docet.
480 3885 482 3888 -
798 3850 918 3922 lamque
938 3861 991 3922 per
1008 3858 1090 3923 spem
1108 3851 1247 3912 aeternae
1270 3843 1406 3904 retribu-

196 3923 260 3986 Obi.
280 3924 310 3985 5.
331 3921 360 3984 Si
377 3922 455 3984 Deus
471 3921 581 3982 cultam
601 3929 754 3985 externum
799 3925 887 3986 lionis
904 3945 972 3987 vere
990 3926 1097 3987 laetam
1124 3935 1152 3988 et
1177 3927 1293 3988 beatam
1317 3926 1407 4000 lacit:¹

152 4008 294 4084 exigeret,
315 4007 398 4068 illurn
425 4006 513 4068 etiam
533 4005 755 4084 determinaret,
798 4028 857 4069 uno
880 4009 1139 4089 verbo—Religio
1163 4010 1227 4071 sola
1247 4010 1407 4084 bominem.

153 4099 182 4150 et
202 4089 319 4153 eusdem
337 4091 409 4152 ritus
426 4107 529 4152 ornnes
545 4089 679 4150 lrornines
699 4090 755 4152 do·
796 4092 833 4152 ad
855 4092 943 4153 finem
964 4112 1049 4154 suum
1068 4093 1200 4174 perducit
1219 4094 1278 4174 (R).
1363 4104 1378 4109 ’“

153 4181 244 4236 cerel:
271 4177 398 4236 maxima
420 4183 518 4236 autern
535 4173 689 4250 diversitas
706 4175 755 4236 in·
838 4175 869 4237 R.
889 4176 988 4240 Stelai
1004 4197 1136 4259 qaoque,
1156 4196 1210 4238 seu
1228 4175 1407 4240 hominibus¹

186 4306 216 4360 lll
232 4305 264 4353 cl.
281 4309 309 4355 Μ.
324 4309 405 4368 salter,
421 4305 524 4362 aeleram
544 4318 586 4352 aur
607 4305 710 4354 eurora
728 4305 755 4352 ll.
826 4307 859 4362 (2)
874 4308 908 4355 cl.
922 4309 996 4359 Frlnl.
1012 4307 1055 4354 tl.
1071 4307 1408 4370 petrarcastauaenmaiee

154 4363 179 4410 B.
194 4367 215 4410 S.
231 4368 268 4412 llll.
795 4366 919 4430 Euryclop.
936 4371 952 4416 l.
970 4371 1022 4444 ¹1¹²·
1039 4368 1055 4413 l.
1070 4371 1091 4430 ’4.
1106 4370 1161 4416 2ll.
1392 4369 1398 4384 ⁴
