2910 4732
39 4461 93 4608 Ι

196 191 237 256 58
538 241 541 248 .
588 183 773 252 cancrosus
793 201 966 250 canamus.

154 288 246 352 lectus
265 298 366 352 noster
380 287 535 364 limitatus,
555 295 585 348 et
603 305 679 368 quae
698 305 751 348 co·
799 322 803 334 »
832 287 920 350 Nota.
936 283 1088 350 lloreratio
1104 294 1312 370 mystencmm
1330 290 1403 372 plu·

153 374 279 451 gnoscit,
296 391 348 454 pro
364 393 417 436 sua
431 371 647 454 omnipotentia
661 370 751 432 etiam
791 368 884 432 rimus
894 373 1165 454 nostropraecipue
1177 391 1249 435 aevo
1260 374 1402 438 adversa·

152 458 273 538 eloqui,
297 475 350 519 scu
377 458 543 539 patefacere
570 463 688 535 potest;
714 472 752 517 aa
791 453 852 514 rios
867 463 953 516 nacta
968 464 1023 518 est.
1041 453 1112 520 Post
1125 455 1304 533 Tolandum,
1321 457 1399 541 Bap-

153 542 381 604 consideratione
396 541 537 616 ltanr‘nis,
555 539 607 620 qui
625 537 753 600 inhrmi·
790 537 876 615 hum,
895 537 1129 601 ltousseauviom
1153 549 1183 602 et
1206 542 1291 616 alios,
1317 541 1400 606 llant

154 632 243 686 tatem
270 625 395 687 rationis
420 645 493 688 suae
519 623 549 685 in
570 622 643 704 ipsis
661 621 751 683 rehus
790 640 910 702 quoque
927 631 957 684 et
973 621 1078 685 llichte
1095 625 1306 686 revelationem
1324 645 1397 689 ma-

152 707 349 784 naturalibus,
364 719 392 771 et
407 710 500 771 multo
517 707 611 785 magis
625 707 655 766 in
670 713 752 766 trao-
790 705 923 768 terialem
943 707 1167 788 impugnarunt,
1186 727 1315 789 quorum
1334 711 1397 772 oh-

151 793 391 854 scendentalibus
417 792 529 873 optime
555 789 669 866 sentit,
697 789 748 852 sed
790 789 933 851 lectiones
957 791 1060 854 audire
1078 800 1107 854 et
1126 793 1240 855 diluere
1257 804 1392 874 oportet.

152 887 249 938 tameo
273 876 353 938 circa
373 877 527 951 veritates,
547 892 673 955 quarum
693 893 749 936 ne·
833 874 896 937 Oli.
919 874 948 935 l.
969 872 1050 946 Quae
1065 895 1083 936 a
1101 876 1216 938 ratione
1234 895 1293 938 non
1309 897 1395 940 ocin-

150 979 218 1023 xum
236 960 429 1022 intrinsecum
450 979 508 1021 non
528 957 683 1039 perspicit,
703 958 750 1018 in·
790 957 1028 1038 prehenderetur,
1043 959 1085 1020 ait
1099 961 1202 1040 Bnplc,
1218 979 1285 1022 cum
1302 963 1395 1024 ratio·

151 1044 226 1107 strui
240 1053 348 1126 potest,
365 1045 408 1105 uti
423 1044 453 1104 in
470 1041 684 1124 phoenomenis
699 1061 751 1104 na·
789 1061 828 1104 oe
840 1060 900 1104 noo
916 1043 1107 1120 conveniunt3
1123 1063 1201 1124 quae
1215 1063 1282 1106 curn
1298 1047 1394 1108 ratio·

151 1129 309 1205 turalihus,
323 1139 352 1190 et
370 1127 400 1188 in
417 1127 501 1192 lactis
516 1125 664 1188 historicis
678 1145 749 1206 pas·
791 1145 827 1188 ne
853 1144 912 1188 non
939 1129 1140 1204 conveniunt,
1164 1137 1295 1209 pugnant
1320 1149 1391 1192 cum

150 1213 205 1274 sim
225 1211 380 1290 contingis
396 1229 434 1274 en
450 1211 684 1274 consideratione
694 1211 751 1272 lle
789 1211 853 1291 ipsa
868 1210 969 1290 (sicuti
983 1211 1099 1274 veritati
1113 1229 1173 1273 non
1187 1221 1392 1276 consentanea

150 1295 749 1378 lipiont's‚quaesinevoysteriisessenon
788 1295 884 1357 eidem
905 1295 1040 1376 opposita
1061 1295 1166 1375 sunt);
1186 1315 1265 1378 quae
1286 1306 1389 1381 autem

150 1387 259 1461 potcst;
278 1379 343 1460 ipse
361 1379 439 1440 enim
455 1378 546 1456 Deus,
560 1396 648 1460 quem
664 1377 747 1454 colit,
788 1397 856 1440 cum
881 1378 997 1440 ratione
1021 1391 1173 1461 pugnant,
1195 1381 1232 1442 ab
1255 1381 1310 1444 hac
1332 1384 1389 1446 avl-

149 1482 299 1526 summum
326 1463 497 1544 mysterium
517 1472 580 1536 est,
600 1471 630 1524 et
647 1461 749 1523 omnia
790 1462 866 1524 mitti
891 1481 950 1524 non
977 1472 1121 1543 possunt,
1145 1475 1298 1546 nequeunt
1317 1485 1390 1546 ergo

149 1547 214 1610 eius
232 1547 348 1608 inlinita
366 1547 507 1610 attributa
521 1547 650 1628 perlecta
665 1565 682 1606 a
695 1564 750 1606 uo·
790 1547 926 1627 mysteria
944 1547 1071 1610 admitti.

149 1630 195 1693 bis
213 1631 426 1712 comprehendi
444 1651 504 1693 non
524 1638 648 1712 possunt
666 1630 724 1709 (l).
828 1631 915 1710 Rccp.
935 1630 1016 1693 Inter
1033 1631 1142 1694 rationi
1156 1651 1214 1696 non
1227 1634 1391 1710 convenire

190 1716 221 1777 3.
242 1716 406 1778 moraliter.
423 1714 573 1778 Revelatio
590 1714 748 1795 mysterio·
788 1723 817 1777 et
828 1714 937 1777 rationi
954 1733 1123 1797 repugnare
1141 1718 1270 1781 medium
1286 1719 1390 1797 datur,

148 1818 213 1861 rum
232 1819 291 1860 non
312 1801 406 1861 solum
432 1799 542 1861 finibus
565 1815 690 1873 eorum,
711 1798 748 1858 ad
788 1801 932 1862 rationem
945 1817 1086 1881 superare
1097 1819 1214 1882 nempe.
1225 1801 1307 1864 Talia
1317 1815 1389 1866 sunt

150 1902 227 1964 quae
246 1885 384 1959 relertur,
402 1903 461 1945 non
481 1882 590 1960 obstat,
611 1883 662 1944 sod
681 1882 748 1943 illos
766 1863 769 1908 ¹
787 1892 868 1946 certe
881 1881 963 1946 varia
980 1885 1164 1964 pmblenrata
1180 1886 1392 1951 mathematica

149 1968 276 2029 maxime
305 1977 468 2048 promovet.
501 1965 636 2047 hysteria
666 1966 747 2027 enim
788 1967 885 2048 quoad
912 1968 1063 2045 ingenium
1092 1987 1251 2049 puerorum
1277 1979 1306 2032 et
1331 1990 1391 2034 ru-

147 2053 276 2114 revelata
291 2051 571 2114 convenientissima
586 2059 655 2112 sunt
673 2051 745 2127 Deo,
787 2053 881 2114 olium.
905 2050 1041 2132 llysteria
1067 2052 1231 2132 theologica
1253 2055 1294 2116 ita
1317 2067 1392 2118 sunt

148 2136 198 2216 qui
213 2137 244 2197 in
257 2153 360 2197 eorum
375 2135 555 2198 revelatione
570 2133 748 2196 omniscien-
787 2136 896 2198 rationi
923 2137 1132 2211 dissentanea,
1156 2146 1190 2198 ut
1210 2157 1275 2200 eam
1293 2157 1391 2220 supe-

148 2221 232 2294 ham,
250 2220 426 2301 sapientiam
441 2228 469 2280 ct
485 2217 648 2280 bonitatem
661 2237 745 2278 suam
786 2229 864 2295 rent,
878 2219 949 2300 quin
963 2220 992 2282 ei
1005 2221 1223 2284 contradicant.
1236 2219 1328 2284 Senos
1342 2234 1392 2286 cst

148 2304 226 2365 clare
254 2305 444 2379 manilestat3
468 2303 639 2383 Relipioni,
662 2301 747 2363 cuius
787 2303 884 2385 quoad
899 2303 1049 2366 veritates:
1065 2303 1096 2366 in
1112 2305 1217 2368 harum
1235 2325 1326 2384 regno
1342 2307 1391 2369 in·

148 2387 272 2466 spiritus
286 2389 315 2448 in
332 2387 518 2449 subiectione
533 2386 664 2447 hominis
678 2405 747 2464 erga
787 2397 831 2450 ter
848 2389 1084 2450 convenientiam
1104 2397 1133 2451 et
1154 2389 1391 2452 disconvenien-

147 2469 240 2532 Ileum
257 2471 408 2547 consistit3
430 2488 484 2551 per
500 2471 628 2533 revelata
647 2479 745 2530 autem
787 2473 857 2534 tiam
879 2473 993 2534 nullum
1014 2481 1110 2553 potest
1129 2473 1257 2536 medium
1276 2476 1391 2552 cogita·

148 2555 285 2635 mysteria
310 2573 368 2616 non
394 2556 490 2617 solum
515 2555 668 2628 voluutas,
695 2553 745 2615 sed
786 2557 824 2633 ri;
841 2575 964 2632 regnum
981 2558 1060 2618 enim
1074 2559 1204 2618 veritatis
1219 2577 1323 2620 omnes
1337 2579 1390 2622 ve-

148 2639 236 2700 etiam
252 2639 422 2701 intellectus
436 2638 508 2712 Deo,
522 2638 584 2700 lalli
600 2647 630 2700 et
644 2638 746 2700 tallere
786 2641 888 2702 ritates
900 2640 1118 2720 complectitur3
1130 2642 1205 2702 ratio
1218 2651 1318 2704 autem
1332 2642 1390 2705 hu·

146 2723 260 2799 nescio,
280 2723 310 2784 in
330 2722 507 2804 obsequium
527 2721 596 2783 fidei
616 2722 746 2800 perlecto
787 2742 874 2785 mana
887 2742 946 2786 non
961 2733 1006 2785 est
1016 2725 1059 2786 vis
1070 2725 1219 2792 illimitata
1230 2726 1266 2786 ad
1281 2745 1389 2789 omnes

146 2807 314 2884 sublinitum
333 2807 526 2882 Revelationv',
546 2805 607 2881 cui,
626 2825 693 2866 cum
713 2806 745 2866 in
785 2808 925 2870 veritates
942 2808 1173 2886 cognoscendas.
1189 2809 1303 2872 Dantur
1315 2829 1388 2888 ergo

146 2893 211 2973 ipsa
231 2892 345 2969 origine
363 2900 392 2953 et
409 2891 506 2953 forma
528 2899 745 2970 supernatura·
787 2891 937 2967 veritates,
954 2911 1031 2972 quae
1049 2911 1115 2954 cum
1135 2894 1249 2955 ratione
1268 2893 1388 2957 inlinita

145 2976 182 3037 lis
208 2975 268 3052 sit,
289 2975 411 3037 omnino
437 2991 602 3052 congruum
626 2983 692 3050 est,
712 2980 746 3035 ut
785 2976 983 3050 conveniunt,
1007 2985 1036 3037 et
1054 2976 1092 3038 ab
1112 2977 1184 3054 hac,
1204 2996 1264 3038 non
1283 2987 1388 3040 autem

145 3061 300 3122 materiam
335 3077 454 3140 quoque
486 3058 743 3138 supernaturalem
784 3060 939 3123 alimitata
950 3061 1256 3141 comprehenduntur,
1269 3061 1389 3126 etistae

144 3144 317 3220 contineat3
342 3143 464 3206 Rationt‘
485 3143 649 3217 bannitae,
668 3161 745 3221 quae
785 3162 904 3225 quoqne
922 3144 1038 3206 admitti
1056 3144 1176 3206 debent.

144 3226 175 3286 in
201 3227 263 3288 suis
288 3228 492 3289 lunationibus
519 3225 688 3287 theoreticis
715 3233 746 3288 et
828 3227 892 3292 ool.
914 3227 943 3289 2.
962 3227 1014 3290 Est
1031 3247 1130 3308 pugna
1144 3229 1175 3290 in
1191 3227 1339 3305 terminiS,
1353 3240 1389 3292 ut

144 3311 284 3390 practicis
309 3329 367 3371 non
394 3311 568 3392 impeditur,
593 3309 646 3371 sod
668 3309 745 3370 sicut
786 3311 924 3392 mysteria
940 3311 1001 3373 sint
1014 3312 1198 3388 revolubilis,
1213 3314 1387 3392 mysterium

144 3411 180 3456 ex
198 3413 258 3454 una
277 3403 360 3474 parte
384 3394 585 3456 infirmitatem
605 3412 688 3454 suam
708 3413 743 3454 a·
784 3396 864 3458 enim
889 3413 953 3456 rem
975 3395 1309 3477 incomprehensibilem
1329 3399 1388 3460 de-

142 3478 271 3554 gnoscit,
289 3497 324 3538 ex
342 3478 434 3539 altera
450 3484 533 3560 parte
547 3477 631 3538 noris
644 3477 746 3553 cogni·
785 3489 879 3556 notat3
892 3498 961 3556 ergo
975 3479 1098 3542 deberet
1112 3480 1339 3561 covvrprebendi,
1352 3491 1389 3545 ut

144 3561 277 3627 tionibus
291 3562 499 3642 locupletatur,
512 3579 586 3641 quas
598 3561 673 3622 alias
686 3561 744 3622 sibi
777 3563 836 3624 hat
855 3563 1008 3640 revelatio,
1028 3573 1058 3626 ct
1074 3583 1135 3632 uon
1157 3563 1386 3645 comprehendi,

142 3663 315 3725 comparare
328 3664 386 3706 non
400 3651 512 3726 posset,
530 3644 679 3707 Voluntati
689 3644 745 3708 ltn-
785 3657 817 3708 ut
833 3646 874 3708 sit
892 3649 1074 3726 mysterium.

142 3747 263 3806 manae,
284 3748 361 3809 quae
379 3727 462 3790 novis
480 3726 676 3790 relationibus
690 3745 743 3789 co·
824 3731 910 3810 llesp.
925 3728 974 3792 Sic
986 3731 1063 3794 toret
1074 3749 1173 3813 pugna
1188 3732 1218 3793 in
1235 3732 1384 3810 terminis,

141 3813 233 3891 gnitis
246 3813 405 3893 perfectius
418 3812 455 3872 ad
470 3811 665 3873 nvooalitatem
680 3818 745 3872 ten·
783 3812 809 3874 si
827 3813 987 3891 diceretur,
1004 3817 1142 3895 mysteria
1159 3835 1212 3897 per
1229 3817 1388 3878 revelatio·

142 3896 213 3959 dere
232 3903 338 3977 potest.
359 3931 401 3944 -
417 3895 567 3958 Revelatio
587 3911 657 3973 ergo
676 3913 743 3956 ma·
784 3915 852 3958 nem
864 3898 961 3977 quoad
974 3916 1082 3960 nexum
1094 3899 1289 3962 intrinsecum
1304 3919 1388 3962 com-

142 3980 255 4043 terialis
270 3999 329 4041 non
344 3979 439 4042 solum
455 3978 617 4060 possibilis,
633 3978 684 4041 sed
700 3986 744 4040 et·
784 3980 998 4060 prehensibilis
1013 3982 1094 4046 steri:
1117 3983 1147 4044 id
1165 3993 1264 4045 autem
1283 3985 1388 4046 nulla-

144 4064 204 4124 iam
229 4063 510 4126 convenientissime
534 4070 564 4124 et
586 4061 744 4130 utilissima
784 4073 871 4126 tenus
886 4064 1060 4128 adstruitur.
1075 4065 1226 4128 Revelatio
1241 4067 1321 4137 enim
1337 4087 1388 4146 sp·

144 4155 214 4228 esta,
755 4147 936 4230 ..lummodo
955 4149 1062 4226 efficit,
1082 4158 1116 4212 ut
1134 4159 1215 4212 certo
1239 4149 1385 4228 sciam‘us,

173 4273 252 4330 (Μ
268 4275 359 4338 mm,
382 4291 411 4340 pr
412 4278 473 4336 0123·
496 4274 515 4338 a.
533 4277 571 4326 π.
587 4276 711 4338 nomm,
725 4273 743 4324 t,
783 4229 1043 4327 subiectpcognito
1055 4233 1388 4313 praedicatumaliquod

35 4339 38 4346 ·
143 4331 171 4378 n,
187 4331 207 4394 p,
223 4334 330 4385 425425,
784 4332 962 4393 convenire,
983 4315 1056 4396 quin
1078 4317 1223 4380 rationem
1242 4318 1389 4382 intrinse-
