2910 4732
191 170 230 232 lh
542 183 737 231 rxrnonucrro
757 185 788 230 nr
809 183 997 230 rxeoncerau

89 308 90 312 ,
146 274 206 342 eet,
225 278 255 332 et
271 270 359 336 vitam
389 295 449 340 nun
474 268 571 343 solum
598 262 746 339 activam,
787 261 902 344 perium
931 283 1048 326 sacrum
1063 271 1236 346 pertractat,
1259 287 1393 336 menan.

147 351 198 412 sed
217 348 747 441 etcontemplatiramdirigit,Theo-
788 357 892 428 tesque
920 347 1028 411 exinde
1057 350 1137 428 leges
1168 351 1393 420 ecclesiasticas

147 433 362 520 leuiumuuuo
377 437 521 525 appellari
539 432 704 496 consuevit.
787 432 937 512 proponit.
949 432 1095 494 Dividitur
1108 433 1195 512 vxrlgo
1210 435 1291 499 iuxta
1311 459 1394 504 ana-

187 519 224 582 D.
253 526 447 592 Momentum.
475 519 554 586 Nihil
577 517 690 578 homini
709 537 746 577 u-
786 516 895 595 logiam
911 516 986 578 luris
1009 517 1106 586 civilis
1124 517 1155 578 in
1174 519 1205 596 a)
1220 523 1395 603 pullicum,

149 601 249 681 tilius,
270 609 346 671 nihil
365 631 417 692 pro
435 609 529 692 ipsius
547 612 609 666 tum
630 611 746 681 tempo·
786 600 864 680 quod
887 601 954 662 iura
972 601 1062 663 totins
1081 599 1229 664 Ecclesiae
1246 623 1395 670 commu-

147 687 212 764 rali,
230 697 291 752 tum
308 696 468 774 spirituali,
484 704 545 754 tum
563 696 684 748 aelerna
700 685 751 746 se·
787 686 837 745 nia
854 685 1073 766 complectitur,
1094 703 1261 767 nexumque
1286 691 1395 774 impe·-

148 770 257 835 licitate
268 780 362 856 magis
373 777 574 842 necessarium
591 778 646 846 est,
656 788 745 850 quam
785 777 886 830 rantes
904 769 982 830 inter
1000 779 1029 830 et
1046 769 1198 847 subditos,
1219 791 1277 854 qua
1298 778 1393 853 tales,

148 856 277 934 perlecta
304 864 466 924 rnuralilas.
491 860 563 921 Nam
584 857 685 940 pictus
708 855 748 916 ud
786 852 815 912 in
839 853 971 915 Ecclesia
997 853 1186 932 determinat,
1207 859 1251 918 vel
1271 859 1303 939 b)
1317 863 1396 940 pri-

146 941 245 1004 omuio
261 945 344 1008 utilia
363 956 422 1023 cet,
439 941 666 1026 promissionem
689 938 745 1000 hu·
784 947 896 1011 uotum,
909 937 987 1019 quod
1004 937 1146 1020 privatos,
1157 939 1323 1022 horumque
1333 945 1396 1007 in·

147 1024 215 1088 deus
234 1027 327 1104 oilae,
348 1047 421 1109 quoe
443 1045 522 1091 uuae
543 1031 599 1097 est,
616 1031 642 1084 et
658 1021 746 1100 sulu-
787 1031 831 1082 ter
852 1041 884 1084 se
902 1041 1008 1082 causas
1020 1022 1151 1102 respicit.
1168 1021 1216 1084 Ius
1232 1029 1393 1106 publicum

147 1111 269 1191 rue(l).
290 1110 420 1176 Scientia
438 1131 519 1190 ergo,
541 1111 616 1191 quae
635 1114 745 1167 rectam
785 1107 875 1168 dividi
897 1107 972 1168 solet
988 1107 1020 1166 in
1038 1107 1203 1184 inluuiem,
1224 1112 1302 1190 quod
1323 1123 1394 1174 sta-

148 1191 263 1258 rirendi
283 1215 418 1258 normam
432 1193 619 1278 praescrihit,
632 1199 661 1251 et
677 1209 744 1270 per·
785 1201 849 1252 tum
876 1189 1026 1252 Ecclesiae
1051 1191 1082 1250 in
1100 1209 1133 1252 se
1161 1203 1333 1274 spectatae,
1358 1207 1396 1258 et

147 1275 250 1340 lectam
271 1281 466 1343 moralitatem
486 1280 583 1353 docet,
597 1275 745 1337 excellen-
785 1275 904 1354 negotia
923 1273 1057 1336 eiusdem
1077 1275 1284 1356 immanentia,
1298 1289 1332 1341 ut
1352 1300 1394 1342 a·

146 1359 260 1424 tissima
280 1365 344 1426 inre
366 1376 517 1426 censetur.
536 1399 578 1410 -
601 1358 745 1440 Equidem
785 1361 862 1436 iuni,
879 1361 1011 1438 exponit3
1027 1359 1102 1420 etin
1120 1369 1288 1439 aeteruum,
1305 1365 1394 1444 quod

147 1442 338 1528 Philosophia
354 1468 473 1530 quoque
497 1447 625 1528 practica
645 1462 746 1504 mora·

146 1527 257 1592 litatem
271 1550 443 1612 promovere
456 1534 572 1609 satagit.
586 1531 650 1605 Ast,
660 1545 747 1610 prae-

149 1620 284 1692 terquam
298 1618 375 1696 quod
390 1616 503 1694 Religio
518 1614 661 1677 naturalis
673 1631 745 1693 pec-

148 1705 262 1760 catores
289 1719 356 1760 cnm
386 1701 447 1762 lleo
469 1697 662 1761 reconciliare
691 1715 746 1757 ne·

147 1791 247 1859 queat,
267 1785 388 1845 moralis
407 1785 568 1846 christiana
588 1785 674 1858 longe
690 1799 746 1840 an-

148 1867 257 1928 tecellit
276 1868 494 1948 philosophiam
507 1868 667 1948 practicam
685 1875 746 1924 tum

147 1949 286 2032 principii
300 1953 498 2030 cognoscendi
510 1951 697 2021 anctoritate,
718 1959 747 2010 et

147 2034 177 2096 in
193 2035 283 2098 tantis
294 2037 539 2117 philosophorum
551 2032 746 2097 dissensioni-

148 2117 203 2180 bus
224 2121 395 2196 securitate,
416 2132 478 2181 lum
497 2121 665 2197 regularum
680 2135 747 2178 mo-

50 2271 52 2278 ,
147 2202 252 2264 ralium
272 2204 401 2280 ambitu,
425 2205 578 2276 claritate,
596 2213 626 2264 et
648 2200 747 2281 perle-

148 2285 259 2364 ctione,
272 2297 335 2350 tum
349 2289 609 2356 incitamenturum
626 2286 663 2347 ad
681 2303 748 2346 mo·

149 2370 242 2432 ralem
262 2373 488 2451 perlectionem,
510 2389 635 2434 numero
655 2378 684 2430 et
702 2369 749 2430 ei·

151 2454 265 2530 heacia,
286 2465 347 2516 tum
366 2457 514 2516 lructuum
534 2457 604 2516 inde
622 2471 748 2514 manan-

149 2536 222 2600 tium
243 2539 392 2616 uhertatc,
407 2540 540 2600 honitate
552 2548 582 2600 et
598 2547 750 2618 praestan·

149 2621 259 2704 itaqu).

401 2751 431 2822 q.
451 2758 501 2805 ra.

261 2857 295 2904 lll.
314 2857 458 2916 Theologlae
473 2825 638 2906 hierarchicae.

188 2962 224 3025 h.
235 2961 332 3025 Nullo.
344 2959 486 3036 Scientia,
500 2981 577 3041 quae
595 2961 758 3038 ministro·¹

150 3062 217 3108 runi
234 3064 405 3120 sacrorum,
426 3046 478 3126 qui
494 3045 532 3106 ad
546 3045 749 3107 Hierarchiarn

150 3127 382 3191 ecclesiasticam
406 3149 424 3190 a
449 3129 565 3192 Christe
584 3129 748 3192 institutam

150 3220 307 3292 spectant,
331 3222 392 3274 turn
413 3220 612 3298 potestatem„
632 3222 661 3274 et
684 3214 750 3274 iura

151 3295 291 3372 ostendit,
303 3304 363 3357 tum
376 3297 471 3358 cilicia
480 3298 612 3378 exponit,
622 3305 751 3360 rectum-

150 3399 208 3462 que
226 3379 300 3440 haec
318 3382 484 3461 exequendi
510 3382 629 3442 modum
650 3381 749 3456 docel,

150 3463 303 3544 aptissime
325 3465 477 3545 Tlecoloqiu
495 3465 678 3528 hierarchice
696 3463 767 3526 ro?

151 3557 245 3610 catur.

190 3631 223 3693 B.
243 3631 366 3695 Diuisio.
398 3630 476 3694 llaec
506 3642 607 3695 autem
626 3632 705 3694 duas·
720 3631 750 3693 in

151 3734 183 3778 se
200 3716 333 3778 continet
344 3715 528 3795 disciplinas,
549 3718 689 3778 niunirum
701 3717 753 3779 lus

152 3801 341 3874 canonicum,
361 3808 399 3861 et·
416 3800 598 3883 Theoloqc'um
613 3809 752 3880 postoru-

96 4034 99 4040 ,
192 3966 216 4028 Ι.
236 3967 473 4031 leccenna-icum
488 3968 693 4030 ministrorum
707 3987 754 4027 sa·

153 4069 270 4112 crorum
289 4061 463 4132 potestatem
481 4061 510 4114 et
524 4055 601 4128 iura,
621 4071 675 4113 sen
693 4053 752 4111 im-

183 4210 215 4266 (ι)
230 4215 247 4260 x.
263 4183 321 4258 rim.
338 4214 372 4273 rr,
385 4214 406 4258 a.
465 4240 468 4246 -

184 4271 214 4328 (2,
230 4269 262 4317 cl.
278 4274 307 4318 hl.
323 4273 423 4318 Schenld
439 4271 515 4316 lithic.
535 4271 615 4318 christ
626 4272 651 4317 T.
662 4273 676 4318 l.
687 4271 754 4333 ml.

154 4333 178 4378 Δ.
190 4331 209 4374 J.
224 4331 290 4392 Stapi
302 4332 407 4390 Epitome
422 4331 465 4376 Th.
481 4343 539 4376 nior.
555 4331 580 4377 Τ.
593 4333 610 4378 l.
622 4330 642 4392 a.
652 4333 690 4379 u.

785 1454 895 1506 statum
919 1443 1068 1506 Ecclesiae
1094 1444 1131 1506 ad
1156 1445 1232 1508 alios
1253 1449 1394 1526 relatae,

786 1527 934 1609 imprimis
953 1529 1018 1589 eius
1032 1545 1099 1588 cum
1124 1529 1241 1592 civitate
1263 1551 1392 1609 nexum,

786 1623 815 1674 et
833 1612 951 1688 negotia
964 1611 1124 1687 Ecclesiae,
1138 1632 1216 1693 quae
1228 1625 1394 1677 transeun-

788 1699 827 1758 tia
849 1705 964 1772 rocant,
986 1696 1123 1776 explicat.
1141 1696 1219 1760 llaec
1232 1709 1330 1760 tamen
1343 1700 1396 1761 di-

787 1781 860 1841 visio
872 1799 931 1841 nun
944 1781 1017 1842 adeo
1033 1782 1201 1842 eommunis
1213 1793 1269 1858 est,
1282 1793 1313 1843 ut
1326 1803 1394 1846 non

785 1866 874 1926 etiam
887 1865 987 1946 plures
1003 1863 1185 1926 recentiores
1195 1867 1339 1930 ductores
1352 1887 1394 1928 a·

787 1948 842 2010 lias
860 1949 1022 2010 divisiones
1034 1948 1250 2028 adoptaverint,
1269 1959 1297 2012 νζ
1308 1971 1339 2028 g.
1355 1952 1393 2013 in

787 2033 835 2094 lus
853 2033 1062 2108 Personarum,
1079 2031 1200 2110 Rerum,
1216 2033 1393 2096 etludicio-

786 2137 851 2179 rum
873 2118 1142 2180 ecclesiasticorum
1162 2128 1219 2180 etc.
1238 2120 1296 2199 (3).
1311 2119 1393 2182 Tum

787 2203 910 2278 iuriam,
923 2211 985 2262 tum
1004 2202 1101 2280 legum
1116 2202 1265 2264 Ecclesiae
1283 2203 1393 2265 erudi-

788 2296 828 2362 ta,
850 2305 883 2347 ac
896 2285 989 2347 solida
1001 2285 1130 2364 cognitio
1146 2288 1394 2367 lurieprudcuh'o

786 2389 873 2434 socru
886 2371 930 2431 rel
948 2371 1140 2434 ecclesiastico
1156 2373 1298 2452 appellari
1317 2390 1394 2433 con-

788 2455 949 2534 suerit(d).

829 2539 860 2600 Ξ.
881 2537 1056 2618 Disciplina,
1075 2557 1152 2620 quae
1181 2539 1390 2602 ministrorum

789 2641 940 2684 sacrorum
957 2642 1046 2684 curae
1061 2625 1230 2686 animarum
1249 2624 1393 2685 addicto-

720 2746 723 2754 -
789 2726 855 2768 rum
867 2708 962 2769 cilicia
978 2706 1168 2787 praescrihit,
1181 2708 1393 2788 optimumque

790 2811 824 2852 ea
842 2791 1007 2872 exequendi
1031 2792 1150 2854 modurn
1173 2793 1271 2867 docet,
1295 2793 1390 2854 Theo-

790 2877 869 2956 loqiu
883 2877 1041 2955 pectoralis
1053 2886 1184 2938 vocatur.
1205 2876 1283 2938 llaec
1300 2895 1317 2938 a
1336 2895 1391 2936 re·-

790 2960 974 3022 cenlioribus
991 2959 1082 3021 dividi
1103 2962 1178 3022 solet
1205 2960 1236 3020 in
1259 2961 1393 3022 uldoeri-

790 3062 870 3120 cum,
894 3045 1074 3124 lilurpicom,
1095 3053 1124 3106 et
1147 3045 1388 3124 eueuaploricum.

790 3131 984 3207 aldiductc'cu
1002 3128 1039 3190 de
1056 3129 1244 3190 institutione
1257 3129 1388 3209 publica,

790 3222 821 3274 et
836 3213 873 3274 de
891 3213 1099 3274 adhortatione
1125 3213 1237 3293 privata
1260 3215 1339 3288 agit,
1360 3224 1392 3273 et

791 3297 846 3359 sub
869 3297 962 3376 priori
981 3306 1116 3376 respectu
1134 3297 1275 3374 distingui
1294 3306 1392 3377 potest

791 3381 822 3442 in
842 3382 1105 3457 concionatorum,
1127 3400 1204 3461 quae
1224 3382 1302 3458 leges
1319 3398 1391 3440 ora-

792 3466 881 3526 tionis
898 3466 1221 3544 continuaereligiosae
1233 3483 1328 3526 coram
1343 3465 1391 3524 in-

792 3557 873 3626 tegro
881 3550 1049 3611 adultorum
1061 3559 1147 3610 coetu
1163 3549 1318 3610 habendae
1330 3557 1392 3608 lra-

792 3636 847 3708 dit;
860 3636 889 3694 in
904 3634 1108 3708 homileticum,
1123 3653 1199 3713 quae
1212 3631 1241 3693 S.
1259 3630 1391 3711 Scriptu-

792 3738 854 3779 ram
875 3720 910 3778 ad
929 3718 1165 3779 aedilicationem
1188 3717 1289 3797 populi
1304 3735 1391 3796 expo-

793 3821 865 3864 nere
883 3803 980 3880 docet;
995 3811 1024 3862 et
1042 3802 1073 3861 in
1090 3802 1301 3875 cutcchcle'cum,
1315 3819 1390 3879 quae

794 3887 931 3947 homiues
953 3884 1105 3962 religionis
1123 3885 1229 3947 notitia
1245 3884 1387 3958 nondum,

794 3979 847 4032 aut
856 3971 1070 4044 minusculus,
1084 3969 1257 4048 praesertim
1270 3987 1387 4047 pueros,
1445 4043 1446 4050 ἵ

794 4065 823 4117 et
837 4053 1085 4116 adolescentiores
1100 4055 1129 4114 in
1149 4053 1326 4114 christianae
1344 4071 1391 4114 re·

824 4213 855 4266 (d)
871 4214 934 4260 loan.
946 4215 1029 4260 Devutl
1044 4214 1116 4260 instit.
1126 4217 1180 4261 can.
1191 4215 1217 4260 E.
1226 4215 1245 4260 l.
1256 4213 1298 4259 ru.
1309 4213 1323 4257 l.
1350 4249 1355 4260 .
1370 4213 1377 4258 l

794 4273 907 4390 '‘islelth.
920 4273 1021 4320 Schenhl
1039 4273 1110 4320 laslit.
1130 4275 1176 4321 iur.
1193 4275 1249 4321 cccl.
1264 4273 1292 4318 Τ.
1305 4273 1340 4318 l.‘
1362 4275 1390 4320 52
