2930 4736
221 211 283 275 lon
640 227 826 274 rnnouoouuc
847 223 1010 272 amonius

181 314 244 370 turn
265 305 338 390 quia
357 305 459 370 Ariani
477 307 508 370 in
527 305 658 371 Concilio
672 307 786 372 Arimi·
869 307 934 372 Olli.
956 309 988 372 9.
1008 307 1161 371 Honorius
1178 305 1237 370 nti
1258 305 1435 372 haereticus

180 393 267 454 ueasi
284 392 392 453 dehac
404 393 527 454 omnino
543 401 710 470 tacuerunt,
723 402 784 454 tum
814 389 1017 454 llonomelnn
1028 439 1038 469 ,
1058 393 1108 474 qni
1134 408 1224 453 uuam
1251 391 1282 452 in
1310 391 1433 456 Christo

180 476 252 557 quia
277 486 490 551 monumenta,
514 475 624 558 quibus
643 477 694 538 illa
712 495 785 559 pro·
815 476 1026 552 uoluntatem,
1047 492 1198 556 unamque
1220 477 1431 557 operationem

180 559 279 636 batur,
293 567 344 621 aut
358 560 548 642 supposititia
564 567 645 636 sunt,
659 568 710 624 aut
722 577 786 622 cer·
816 559 927 622 docuit
951 559 981 621 in
1008 560 1126 622 duabus
1146 557 1283 640 epistolis
1299 560 1340 622 ad
1358 558 1431 623 Ser·

175 651 209 718 te
224 643 416 724 interpolata,
433 653 493 706 turn
511 643 582 726 quia
602 641 784 706 Sonomenus
822 643 904 722 giam
921 643 1052 725 scriptis,
1068 661 1157 725 quom
1172 643 1211 704 ob
1223 660 1346 706 causam
1360 664 1430 708 eum

177 737 280 808 aparte
292 729 339 808 (l)
351 737 462 803 namot,
477 745 626 789 rumorem
642 728 680 790 ab
694 727 781 789 hna-
815 727 889 789 aliis
907 725 1106 790 llonothalitis
1132 727 1187 788 luit
1203 727 1374 790 damnatos
1397 730 1430 791 in

177 812 226 873 nis
245 830 380 892 sparsum
400 829 477 888 esse,
492 811 646 874 Liberium
664 811 782 874 iormu-
820 807 953 874 Concilio
964 811 1002 874 vt
1017 811 1209 874 oecumenico
1222 812 1279 874 sub
1290 813 1430 892 Agatho·

177 895 224 956 lae
236 893 390 958 Strmiensi
400 895 624 978 subscripsisse,
637 904 698 958 turn
711 897 782 974 quia
820 913 859 957 ne
877 894 913 957 R.
930 894 963 958 P.

177 977 316 1041 Liberius
334 981 460 1041 suminis
478 977 616 1041 laudibus
631 980 782 1042 extollitur
832 1023 835 1030 .
862 977 1427 1060 diesp.Negamusomnino,llonorinm

177 1063 398 1127 aS.'Anrbroaio
408 1064 779 1146 (mesepotamiam),
817 1060 1080 1126 llonotbelitarum
1094 1063 1228 1124 haeresin
1241 1072 1293 1124 aut
1304 1065 1429 1126 docuis-

177 1148 242 1210 aS.
258 1149 371 1210 Basilio
390 1148 450 1229 (l),
471 1166 488 1208 a
506 1149 616 1212 Siricio
635 1148 696 1231 (5),
715 1159 744 1211 et
762 1168 780 1211 a
819 1165 864 1225 se,
880 1148 951 1230 quia
969 1156 1071 1229 aperte
1089 1155 1119 1208 et
1137 1165 1273 1228 expresse
1287 1147 1318 1209 in
1335 1147 1428 1212 Chri·

180 1232 355 1295 lhcodoreto
373 1231 494 1313 passim.
818 1239 864 1292 sto
878 1250 931 1313 pro
943 1231 1054 1314 duplici
1071 1239 1177 1292 natura
1193 1231 1320 1294 asseruit
1331 1233 1427 1294 etiam

221 1316 287 1379 Cli.
310 1317 340 1378 8.
361 1315 486 1394 Vigilius
507 1313 541 1377 P.
562 1314 599 1376 ab
620 1315 704 1378 initio
724 1316 779 1378 de·
817 1315 1426 1398 dttplicemoperationemetroluntatem.

177 1399 313 1476 claravit,
334 1400 391 1461 tria
409 1398 543 1482 Capitula
561 1419 620 1462 non
641 1401 779 1462 esseda·
818 1398 986 1462 llacretoria
1001 1409 1071 1464 sunt
1085 1398 1207 1460 honorii
1219 1399 1308 1462 rerba
1322 1401 1353 1461 in
1369 1421 1427 1463 se-

177 1483 318 1560 mnanda,
333 1492 362 1545 et
378 1492 481 1564 postea
491 1483 522 1546 in
537 1503 640 1546 eorum
657 1485 779 1546 damna·
818 1485 915 1546 cunda
929 1485 970 1546 ad
980 1481 1115 1563 Sergium
1134 1483 1260 1564 epistola
1274 1486 1426 1565 proliten-

178 1567 289 1628 tionem
308 1576 471 1644 conseant,
492 1577 580 1649 alque
598 1570 776 1630 sententiam
818 1567 867 1630 tis:
890 1565 1074 1640 (Quantum
1093 1567 1128 1628 ad
1150 1569 1256 1645 dogma
1274 1569 1426 1630 ecclesia-

176 1649 301 1713 Concilli
315 1650 409 1732 quinti
424 1651 609 1714 oecumenici
624 1654 780 1724 conllrma·
816 1652 937 1714 sticum..
947 1652 1112 1733 pertinet...
1134 1660 1276 1732 utrasque
1292 1663 1427 1714 naturas

176 1734 228 1796 vit:
248 1752 317 1814 ergo
336 1735 380 1796 vel
399 1735 429 1796 in
450 1736 541 1816 priori
560 1737 606 1798 vel
626 1737 655 1797 io
675 1748 776 1819 poste·
815 1735 847 1797 in
866 1755 927 1798 uno
948 1736 1064 1800 Christo
1087 1735 1200 1798 unitate
1219 1737 1348 1798 naturali
1366 1755 1424 1800 cu·

176 1818 252 1878 rioci
267 1819 376 1882 iudicio
396 1820 562 1901 etquidem
582 1839 617 1883 ex
634 1823 775 1884 cathedra
817 1821 952 1901 palatas,
970 1817 1049 1881 oum'
1064 1820 1187 1882 alterius
1205 1821 1424 1883 communione

176 1902 302 1984 loquens
321 1903 484 1966 aberrauit:
816 1913 974 1986 operantes
985 1912 1073 1985 atqua
1087 1904 1269 1985 operatrices
1282 1906 1424 1967 conliteri

213 1988 299 2068 Resp.
320 1987 354 2048 ln
373 1987 450 2049 dioto
473 1987 605 2050 Concilio
629 2008 688 2050 non
715 1998 775 2052 tarn
814 1988 970 2066 debemus,
990 1994 1020 2050 et
1036 1988 1166 2050 divinam
1184 1987 1319 2070 quidem,
1342 2007 1425 2070 quae

175 2069 210 2133 de
229 2071 417 2150 dogmatibus
435 2072 516 2148 bilei,
535 2091 624 2153 quam
640 2074 678 2134 de
694 2075 777 2143 (liius
814 2072 868 2138 liei
886 2082 968 2148 sunl,
987 2081 1174 2154 operantem,
1190 2080 1220 2134 et
1239 2071 1421 2149 humanam,

175 2154 309 2216 dicendis
339 2157 427 2216 lactis
459 2156 613 2235 agebatur.
652 2155 777 2233 Vipilins
815 2175 891 2236 cquae
909 2156 1007 2218 carnis
1024 2165 1106 2232 sunt,
1123 2158 1424 2237 exequentem.›Et

174 2239 293 2320 quidem
307 2258 425 2320 semper
435 2259 549 2302 errores
559 2239 705 2302 Theodori
717 2237 777 2302 lle-
815 2240 922 2302 iterum
949 2241 1039 2322 paulo
1063 2248 1128 2321 post
1155 2239 1279 2302 scribit:
1302 2239 1423 2303 (liuns

195 2324 324 2385 suesteni
354 2323 526 2400 damnarit,
556 2341 611 2386 noc
642 2343 776 2407 unquam
815 2334 957 2398 tacturas,
969 2324 997 2386 id
1015 2332 1062 2386 est
1079 2322 1247 2386 Divinitatis
1266 2332 1296 2386 et
1314 2326 1424 2388 carnis

174 2341 353 2470 iltoodoron
373 2409 483 2490 scripta
502 2417 605 2470 contra
623 2407 721 2490 Cprilli
739 2431 776 2472 a·
813 2419 984 2490 assumptae
1002 2409 1033 2469 in
1051 2427 1110 2469 nna
1126 2405 1424 2488 personaUnigeniti

173 2491 439 2568 anthematismos,
460 2501 511 2553 aut
532 2491 601 2554 lbae
614 2494 778 2575 epistolam
814 2491 866 2554 [lei
890 2491 1004 2567 Patris,
1024 2491 1199 2569 inco'nluse,
1220 2492 1365 2565 indivise,
1387 2503 1423 2556 et

174 2576 358 2657 approbavit:
380 2587 409 2637 at
427 2594 495 2637 nero
513 2577 650 2657 explicite
668 2586 698 2640 et
717 2597 774 2642 no·
814 2575 1081 2638 inconvertibiliter
1091 2577 1246 2646 nobiscum
1262 2577 1425 2658 praedica-

174 2661 308 2722 minatim
325 2661 435 2741 scripta
450 2656 772 2740 illadamnalenoluit,
814 2677 846 2720 re
864 2660 983 2742 propria
1004 2668 1171 2740 operantes.
1191 2681 1207 2720 n
1228 2659 1318 2721 Porro
1338 2662 1421 2724 lianc
1459 2657 1460 2682 ¹

174 2744 243 2826 quia
263 2763 329 2806 cum
357 2744 430 2805 haec
455 2763 502 2806 res
527 2764 584 2806 non
610 2746 647 2807 ad
672 2747 772 2822 hdetn,
814 2744 881 2805 hdsi
900 2744 1127 2824 professionem,
1142 2745 1422 2808 commentarioet-

174 2830 224 2890 sed
240 2829 278 2890 ad
292 2829 467 2910 prudentem
483 2830 773 2912 oeconomiamper·
813 2829 871 2888 iam
891 2829 1003 2905 addito,
1028 2827 1183 2907 descripsit
1207 2827 1359 2890 Honorius
1380 2851 1419 2891 ex

175 2913 300 2988 linerat,
319 2911 440 2975 nolebat
457 2930 524 2971 cum
550 2913 681 2993 periculo
704 2933 776 2994 qra-
813 2912 923 2973 celebri
938 2911 1104 2991 dogmatica
1117 2912 1290 2994 Epistulas.
1305 2914 1423 2977 leonis

175 2996 284 3058 nissimi
301 2995 469 3058 schismatis
485 2994 774 3060 occidentalibus'bl-
813 2997 1033 3058 aldintonam
1045 2997 1213 3058 scribentis:
1228 2996 1418 3074 ‹hqitenim

175 3079 303 3161 piscopis
328 3080 506 3160 displicere,
524 3088 559 3140 ct
583 3080 776 3162 Eutychiauis
813 3081 1045 3161 utraquedorma
1059 3099 1125 3142 oum
1140 3079 1261 3142 alterius
1273 3099 1421 3143 commu·

174 3165 411 3244 qualemcunque
425 3165 700 3245 ausarupcaeberc,
716 3183 775 3227 aue
814 3165 914 3240 nione,
927 3164 1004 3246 quod
1015 3164 1166 3246 proprium
1178 3173 1233 3239 est3
1245 3163 1346 3226 Verbo
1356 3168 1422 3227 sci-

80 3251 83 3258 '
174 3248 337 3310 claritatem
368 3247 492 3310 Concilii
524 3247 774 3312 Chalcedonensis
813 3248 881 3309 licet
903 3249 1161 3329 operante,quod
1179 3247 1268 3310 Verbi
1292 3256 1359 3326 est,
1383 3259 1416 3312 et

174 3331 395 3394 contemnendi.
409 3331 481 3394 Cum
496 3341 594 3394 autem
610 3343 710 3414 postea
725 3352 775 3396 co·
812 3350 902 3396 carne
919 3341 1094 3414 exequente,
1115 3333 1194 3414 quod
1211 3332 1309 3394 carnis
1324 3343 1380 3395 est.
1397 3354 1419 3394 ›

174 3425 339 3494 gnosceret,
360 3417 456 3478 maius
475 3417 583 3476 malum
603 3417 772 3498 imminere,
813 3415 875 3478 lluc
893 3426 990 3478 autem
1011 3416 1232 3493 testimouium,
1252 3435 1319 3478 cum
1341 3436 1421 3499 pro·

174 3509 204 3560 et
222 3508 314 3562 totum
331 3497 479 3562 Orientem
495 3499 534 3560 ab
549 3497 707 3563 Occidente
722 3521 775 3565 se·
813 3499 903 3561 latum
933 3508 1012 3563 esset
1038 3500 1068 3561 in
1090 3499 1128 3561 lll
1150 3498 1286 3582 Synodo,
1305 3499 1414 3578 Legati

174 3585 338 3665 parandum
365 3601 450 3660 esse,
477 3582 536 3644 nisi
560 3584 619 3646 tria
640 3585 773 3667 Cupitula
812 3582 900 3646 Rottt.
917 3581 1003 3647 Sedis
1017 3584 1202 3646 adiecerunt:
1220 3603 1236 3645 c
1251 3583 1335 3660 Ecce,
1355 3584 1423 3646 be-

174 3669 401 3742 damnarentur,
428 3667 459 3729 in
487 3686 518 3729 re
548 3669 715 3750 pertinente
738 3670 773 3731 ad
814 3667 1140 3746 ttignissimellutnine,
1161 3668 1315 3730 manifeste
1335 3668 1418 3731 duas

173 3751 360 3832 disciplinam
381 3752 541 3833 prudenter
559 3763 687 3815 mentem
705 3772 777 3816 mn·⁴
814 3754 964 3814 traturales
991 3752 1179 3832 operationes
1205 3752 1362 3814 inconfuse
1385 3761 1423 3815 et

174 3835 264 3910 tavit,
285 3854 326 3896 ac.
338 3836 393 3898 tria
411 3835 546 3917 Capitula
570 3837 697 3899 solemni
718 3838 774 3900 de·
813 3836 938 3898 indivise
956 3837 987 3897 in
1001 3836 1036 3897 D.
1050 3835 1084 3898 N.
1100 3835 1124 3897 1.
1137 3835 1252 3900 Christo
1272 3855 1423 3917 praesens

175 3927 253 3981 creto
266 3919 426 3982 damnauit.
440 3919 716 4000 lirgolligiliusnec
728 3941 774 3984 re·
812 3919 1017 3982 sanctissimus
1036 3920 1184 4001 praedicat
1203 3919 1300 3995 Patcr3
1322 3941 1337 3980 a
1359 3939 1422 3983 nee

174 4005 304 4066 cusando
325 4001 614 4082 cutudernnatiouem,
635 4024 690 4067 neo
707 4024 772 4067 eam
813 4004 891 4066 ullus
905 4004 1091 4084 repugnavit,
1103 4004 1158 4066 nisi
1172 4002 1316 4066 blacarius
1331 4003 1417 4067 Patr.

156 4089 393 4168 pronuntiando
413 4090 521 4151 erravit
539 4089 570 4150 in
589 4089 713 4151 materia
736 4091 773 4151 lr-
812 4088 1014 4150 hittioclrcnus
1027 4087 1419 4152 linereticusllonrdhelita.

174 4171 233 4240 dei,
246 4174 291 4232 rel
306 4173 335 4232 iu
352 4173 519 4234 delinienda
534 4173 772 4241 orthodoxiam!
812 4169 923 4244 Quodsi
942 4171 971 4233 in
991 4169 1022 4233 S.
1041 4171 1150 4234 Leonis
1169 4171 1340 4234 testimonio
1355 4191 1422 4236 crac·

177 4251 365 4316 lieterodouia
382 4266 511 4318 textuum
525 4256 772 4335 dugirtuticoruut.
844 4302 873 4358 (2)
890 4302 914 4348 t..
930 4303 943 4348 5
959 4303 988 4348 uo
1004 4304 1062 4356 Q
1074 4317 1095 4350 c.
1107 4303 1126 4352 Ι.
1154 4303 1186 4421 ²5'
1203 4302 1270 4348 „m
1286 4286 1330 4347 m.

105 4339 111 4362 ⁴
204 4353 236 4415 tn
252 4358 277 4403 u.
290 4361 303 4399 a
318 4359 366 4405 aar
388 4366 446 4410 seer.
462 4376 482 4410 c.
498 4362 535 4410 ts.
567 4387 570 4394 -
842 4362 874 4421 m
891 4361 934 4421 up.
948 4363 986 4417 aa,
1002 4363 1032 4408 n.
1044 4364 1080 4410 aa.
1164 4361 1316 4423 nunonem
1328 4362 1422 4412 namo.
1455 4353 1456 4379 ³
