2910 4732
196 191 237 254 bd
594 213 780 264 maurosus
799 213 963 262 omerus

153 302 255 368 marn,
274 309 400 374 quorum
427 295 561 378 plerique
580 295 758 360 auctoritato
796 294 906 376 prodit,
929 295 1134 376 distinguitur,
1153 304 1183 360 ct
1205 295 1273 362 adeo
1297 294 1404 382 spatio

154 383 312 454 reguntur,
327 380 388 456 cui,
402 380 427 441 si
442 380 609 443 infallibilis
626 380 676 457 sit,
692 388 757 441 tuto
796 388 826 442 et
850 379 979 460 tempori
1003 383 1127 444 omuino
1153 381 1309 445 subiectus
1330 403 1404 446 esse

146 474 191 518 ue
234 459 345 523 iescero
362 473 507 545 pessuntg
525 465 677 547 Rolipiorti
694 463 756 526 nti·
796 471 904 544 potest.
921 463 1016 528 litium
1035 463 1114 527 Dauo
1130 483 1237 528 cruam
1253 463 1352 548 spatio
1366 478 1403 530 et

155 477 318 621 lisanam,
336 547 421 608 ouius
439 549 578 610 ueritates
596 547 755 624 firmiores,
796 547 1088 628 temporisubieetm
1100 567 1159 611 non
1171 550 1238 626 init,
1251 561 1282 613 ut
1293 560 1399 614 tamen

155 625 235 704 loges
247 629 407 706 graviores,
423 631 638 712 promissiones
650 630 756 692 certio·
796 631 925 693 mundus
937 641 1056 694 creatos
1070 629 1190 716 utrique
1211 633 1326 697 subest.
1346 631 1401 698 Sic

155 728 202 772 res
219 711 312 789 liunt,
331 713 357 776 si
371 714 410 776 ab
430 716 494 796 ipso
510 715 571 778 lieo
590 713 756 778 extraordi-
795 733 865 792 ergo
879 715 1090 796 Deusqnoque
1104 718 1239 779 revelans
1250 720 1349 799 spatio
1367 729 1402 782 et

154 795 239 856 uario
265 797 353 860 modo
379 807 605 880 proponantur,
625 801 686 862 Deo
707 797 755 859 di·
796 800 922 879 tempori
936 799 1089 862 subiectus
1101 819 1161 863 non
1175 810 1232 877 ost,
1249 812 1279 864 et
1293 811 1398 864 tamen

153 879 348 959 quissimam,
366 883 419 962 qui
442 901 495 964 per
511 883 592 946 illam
606 899 695 946 suam
712 879 756 944 0-
795 880 958 961 Revelatio,
971 901 1059 965 quam
1075 885 1176 962 obicit,
1187 885 1219 947 in
1232 895 1313 948 certo
1329 889 1402 950 loco

155 963 395 1044 mnipotentiam,
412 963 594 1048 Sapientiam
614 975 644 1029 et
662 966 756 1028 Boni·
795 975 825 1029 et
839 975 973 1049 tempore
989 968 1052 1030 lieri
1070 977 1178 1050 potest.

156 1054 244 1108 tatem
271 1049 462 1126 manifestat,
481 1070 573 1132 seque
596 1049 755 1113 Dominum
837 1051 902 1116 Odi.
919 1051 1298 1116 elemosinandum
1315 1051 1401 1116 Deus

154 1149 189 1194 ac
212 1130 368 1196 Rectorem
395 1135 480 1213 regni
503 1136 550 1197 sui
577 1135 698 1198 moralis
719 1155 756 1197 o·
794 1135 1003 1198 mutabilitatis
1017 1137 1185 1214 arguendus
1200 1147 1289 1214 esset,
1305 1157 1340 1198 ac
1357 1139 1401 1214 si,

155 1216 275 1278 stendit.
795 1238 863 1280 cum
883 1219 1010 1301 primum
1025 1220 1173 1283 rationem
1187 1221 1229 1282 ad
1241 1222 1399 1283 veritatem

196 1301 284 1363 Noto.
306 1300 429 1378 Auctor,
450 1302 502 1384 qui
526 1301 670 1366 theoriam
694 1303 755 1365 eri·
795 1303 1004 1384 inquirendam
1026 1313 1056 1366 et
1077 1305 1313 1383 cognoscendam
1340 1305 1400 1367 de-

156 1381 243 1444 tieam
271 1382 471 1449 Revelationis
497 1387 638 1468 scripsit,
667 1386 756 1448 buius
795 1388 945 1464 sonasset,
962 1397 1077 1469 postea,
1093 1388 1163 1452 iacti
1180 1388 1270 1451 veluti
1288 1390 1401 1470 poeni-

155 1468 298 1530 moralem
335 1469 607 1550 impossibilitatem
645 1471 753 1548 arguit.
796 1483 873 1548 tens,
894 1472 981 1534 aliam
1003 1472 1080 1533 viam
1096 1472 1309 1535 substituisset.

156 1550 281 1614 Kantius
297 1553 390 1636 etiam
407 1555 462 1618 boc
484 1575 518 1618 er
540 1555 645 1617 obtutu
668 1572 756 1616 revo-
836 1555 923 1634 neap.
935 1553 966 1617 Si
977 1553 1056 1618 Deus
1068 1555 1240 1618 hominibus
1250 1557 1402 1619 rationem

156 1635 234 1696 cavit
260 1639 472 1701 revelationem
498 1640 534 1701 ad
562 1647 671 1701 statuta
682 1684 691 1715 ,
710 1640 756 1700 le·
795 1639 832 1701 ad
845 1639 1053 1720 inquirendam
1065 1641 1339 1718 otcognoscendam
1351 1661 1402 1702 ve·

155 1737 283 1800 gumquo
294 1722 461 1785 ethicorum
475 1722 706 1798 adminicula,et
719 1722 755 1784 od
795 1724 912 1786 ritatem
931 1724 1096 1798 concessit,
1117 1742 1177 1785 non
1195 1724 1263 1786 ideo
1281 1743 1313 1786 se
1331 1724 1402 1786 iure

155 1811 264 1866 statum
280 1807 366 1886 proin
378 1807 578 1870 cubicularem
594 1806 755 1883 restrinxit,
795 1807 921 1890 privavit
935 1826 969 1870 ao
984 1808 1135 1883 facultate,
1151 1807 1218 1868 illos
1232 1807 1322 1872 etiam
1338 1807 1400 1871 im·

155 1889 284 1969 nequid
305 1891 478 1953 autonomia
501 1891 625 1954 rationis
644 1891 756 1972 practi—
796 1891 937 1968 mediate,
954 1892 998 1952 rel
1016 1889 1146 1953 nucdiale
1165 1910 1218 1973 per
1234 1910 1278 1968 so,
1295 1899 1325 1953 et
1345 1909 1403 1954 ex-

156 1991 207 2034 cae
227 1976 452 2056 pateretur(l).
473 1975 506 2036 In
524 1984 682 2056 systemate
700 1973 759 2036 lle·
797 1975 996 2038 traordinario
1030 1975 1118 2036 modo
1151 1975 1230 2037 circa
1261 1975 1404 2038 veritates

155 2056 223 2133 gelii
242 2059 340 2120 ominis
359 2077 480 2140 prorsus
499 2059 640 2121 revelatio
658 2058 758 2120 divina
797 2061 906 2122 summi
927 2059 1070 2120 momenti
1089 2059 1267 2120 instruendi.
1288 2057 1404 2131 Quodsi

156 2139 349 2220 impossibilis
366 2144 491 2206 dicenda
509 2151 565 2205 est.
586 2142 658 2205 Cum
677 2143 757 2204 enim
797 2152 912 2206 tantum
928 2143 1104 2205 beneficium
1120 2142 1205 2223 ipsis,
1220 2162 1405 2224 quocunque

156 2223 236 2287 Deus
253 2225 310 2308 ipsi
330 2245 389 2289 non
408 2229 458 2304 sit,
475 2228 533 2290 nisi
551 2227 759 2308 ratioimper·
798 2227 918 2290 demum
938 2236 1071 2308 ternpore
1090 2237 1240 2308 praestare
1262 2225 1406 2304 dignatus

155 2309 285 2386 scoriis,
306 2329 358 2372 seu
378 2313 424 2374 lex
447 2312 549 2374 mundi
575 2312 757 2386 neccssaria,
798 2321 855 2386 est,
872 2311 945 2374 illud
962 2320 1084 2374 aeterna
1099 2329 1133 2373 ac
1151 2311 1332 2372 immutabili
1346 2331 1405 2372 vo-

156 2398 186 2453 et
211 2393 440 2476 impersonalis,
461 2397 528 2458 ideo
552 2397 628 2458 actio
652 2413 759 2476 perso·
799 2395 1215 2458 lontatedeorevit.bdmissa
1229 2395 1405 2474 ergoetiam

156 2477 233 2538 nelis
252 2488 281 2539 et
299 2478 410 2556 libera,
429 2501 506 2561 quae
524 2481 562 2543 ad
581 2481 678 2543 ideam
698 2477 760 2540 Re·
798 2481 999 2555 revelatione,
1020 2479 1100 2541 nulla
1119 2488 1219 2541 tamen
1246 2479 1407 2542 mutabili-

156 2561 312 2625 velationis
342 2566 525 2645 requiritur,
556 2565 599 2626 illi
629 2563 759 2625 adscribi
799 2563 892 2626 tasin
911 2564 972 2626 Deo
993 2563 1134 2626 occurrit.

156 2663 216 2706 non
243 2655 362 2727 potest:
389 2649 584 2730 nequeenim
603 2647 758 2709 scientiam
843 2648 907 2711 Olli.
929 2648 960 2710 3.
983 2645 1063 2708 Deos
1091 2646 1208 2709 inutilia
1233 2665 1292 2708 non
1317 2643 1407 2722 iacit,

157 2727 271 2790 bomini
301 2733 525 2795 communicare
558 2740 678 2813 potest,
708 2731 759 2812 qui
799 2731 852 2794 sed
869 2732 962 2810 legem
978 2731 1180 2812 parsimoniae
1195 2731 1340 2792 observat.
1358 2731 1407 2791 Ad

156 2814 368 2876 conscientiam
386 2819 432 2878 sui
451 2816 571 2878 nonnisi
591 2816 622 2877 in
637 2815 760 2876 homine
799 2815 872 2897 quid
900 2834 969 2894 ergo
998 2815 1139 2878 revelatio
1169 2812 1411 2877 extraordinaria·

158 2895 270 2960 obtinet
287 2900 347 2980 (b).
363 2895 408 2962 bb
424 2901 491 2962 aliis
506 2917 625 2980 qnoque
642 2900 760 2962 revela·
800 2899 991 2981 supponitur,
1005 2900 1031 2960 si
1043 2899 1181 2962 homines
1194 2917 1245 2979 per
1255 2897 1408 2959 rationem

157 2981 246 3044 lionis
262 2983 395 3046 formalis
410 2984 591 3066 possibilitas
605 2984 685 3045 vario
698 3001 762 3044 mo·
801 2986 920 3046 easdem
932 2985 1070 3045 veritates
1084 2982 1236 3064 inquirere
1249 2989 1278 3044 et
1289 3001 1408 3060 cogno-

157 3065 194 3127 do
212 3067 386 3146 impugnata
405 3069 479 3144 luit,
499 3075 588 3149 atque
611 3067 679 3129 ideo
700 3067 761 3128 dil·
801 3086 885 3130 scere
903 3067 1102 3149 possunt?-

158 3150 323 3229 licultates,
342 3171 417 3234 quas
440 3161 579 3228 movent,
599 3151 762 3214 dilucidare
842 3151 929 3231 Resp.
949 3151 1028 3214 Dens
1046 3184 1063 3198 ·
1081 3170 1135 3213 eos
1152 3150 1281 3232 primum
1300 3157 1332 3211 et
1353 3149 1407 3211 in·

158 3241 286 3314 oportet.
802 3235 1106 3315 dependens-legem
1120 3234 1179 3297 sibi
1192 3234 1408 3318 praescriptam

201 3317 267 3380 Odi.
291 3319 321 3380 l.
337 3318 416 3381 Deus
434 3353 476 3366 -
494 3338 548 3382 oen
571 3337 624 3381 ens
643 3318 761 3400 simpli·
802 3338 863 3403 noo
883 3318 992 3395 babet,
1014 3319 1065 3380 sed
1091 3319 1188 3397 legum
1206 3317 1410 3398 parsimoniae

158 3399 325 3479 cissimum,
345 3403 539 3481 immensum,
557 3413 587 3467 et
604 3414 762 3466 aeternum
802 3402 950 3477 observat,
961 3402 1032 3483 quia
1043 3403 1116 3479 uult,
1127 3410 1157 3464 et
1168 3401 1316 3483 quamodo
1330 3402 1411 3477 rult,

159 3485 187 3545 in
204 3485 300 3566 spatio
320 3496 349 3548 et
367 3494 501 3569 tempore
514 3507 603 3568 *agere
619 3495 763 3568 nonpot·
804 3505 901 3567 nequo
921 3485 1040 3564 ingenio
1066 3486 1195 3548 humano
1213 3485 1340 3546 consilia
1357 3485 1411 3546 di-

159 3576 223 3644 est,
248 3571 327 3650 quod
356 3579 456 3632 tamen
484 3572 520 3632 ad
552 3571 762 3652 perficiendam
804 3570 936 3632 vinitatis
959 3571 1125 3632 diiudicare
1148 3570 1227 3631 licet.
1248 3568 1411 3632 Caeterum

161 3651 381 3716 Revelationom
402 3657 623 3735 requireretur,
637 3673 714 3735 quae
732 3654 763 3715 in
804 3653 944 3716 revelatio
963 3654 1098 3716 formalis
1116 3653 1232 3715 inutilis
1250 3652 1331 3714 baud
1349 3661 1411 3729 ost,

159 3744 239 3798 certo
260 3738 325 3799 loco
343 3748 374 3800 et
392 3747 526 3818 tempore
545 3739 608 3800 fieri
627 3737 726 3799 debet.
805 3737 859 3800 sed
878 3737 1051 3800 hominibus
1069 3737 1196 3798 muriano
1215 3737 1359 3815 proficua,
1382 3737 1413 3795 i-

199 3820 287 3901 nup.
304 3821 384 3884 Deus
398 3823 465 3884 sine
479 3822 570 3884 dubio
586 3841 641 3884 nec
653 3821 763 3901 spatio,
806 3840 868 3898 mo,
888 3830 922 3884 ul
945 3821 1072 3884 inferius
1090 3819 1279 3902 probabitur,
1300 3837 1415 3882 neces·

160 3923 215 3966 nec
233 3906 361 3986 tempori
379 3906 534 3968 subiectus
548 3913 606 3968 est.
624 3903 680 3967 Sed
695 3922 764 3966 oum
806 3906 897 3982 saria,
916 3904 999 3986 quia,
1020 3905 1089 3968 lieet
1107 3903 1255 3981 homines,
1272 3903 1414 3965 absolute

160 3987 220 4050 ileo
236 3998 354 4068 agente,
367 4009 419 4052 seu
436 4009 504 4073 cum
521 4007 611 4052 causa
624 3987 766 4051 conlundi
807 3989 969 4070 loquendo,
986 3989 1039 4052 bas
1053 3988 1194 4050 veritates
1211 3984 1365 4068 inquirere
1375 3995 1414 4077 ¹et

160 4090 219 4132 oon
236 4074 328 4137 debet
343 4075 487 4151 effeetus,
508 4073 558 4155 qui
577 4093 595 4134 a
613 4072 675 4135 Deo
693 4089 766 4153 pro·
807 4091 986 4151 cognoscere
1001 4071 1127 4154 possint,
1142 4079 1271 4134 attamen
1288 4069 1413 4132 nonnisi

159 4153 293 4235 ducitur,
311 4165 342 4220 et
360 4178 378 4220 a
393 4159 493 4221 divina
512 4157 652 4234 essentia,
672 4176 690 4218 a
708 4174 767 4238 qua
808 4157 1015 4237 postmultum
1032 4154 1413 4236 tempus,laboromtqno,

808 4257 897 4320 quem
917 4240 1002 4301 multi
1023 4239 1166 4301 adbibere
1189 4246 1363 4318 nequeunt,
1384 4242 1415 4296 et

188 4287 224 4402 iii
236 4287 651 4409 issuffibssuiii⁸1ibdr'⁰t¹'rfssfrffi.
666 4347 710 4395 ese
723 4348 768 4394 etc.
810 4332 933 4385 nutante
947 4341 1037 4403 iiiii
1050 4321 1228 4398 cerliludi-”fl
1241 4321 1354 4420 murtiae
1367 4338 1416 4380 le·
