2934 4736
214 161 276 226 ter
618 165 804 222 rasouohms
825 169 989 220 caueamus

173 259 202 322 si
221 259 335 340 mythos
353 255 562 337 intelligendos
580 273 644 318 esso
658 263 782 318 conten
862 253 907 317 hd
927 256 957 316 l.
977 251 1143 316 Straussius
1166 250 1267 330 enim,
1287 248 1418 331 quises

174 343 234 405 dit.
251 341 309 405 Per
327 343 442 422 mythos
460 349 558 404 antem
575 337 715 418 intelligit
732 340 780 402 is·
820 337 1046 420 praeconceptis
1077 337 1269 419 opinionibus
1300 355 1419 416 prorsus

166 432 234 503 cte,
256 441 332 507 quse
351 436 511 488 narrantur
527 433 558 488 et
579 441 647 490 rere
668 432 778 506 putan—
820 422 946 486 liberum
961 421 1091 498 iactitat,
1116 420 1300 502 praeiudicio
1324 421 1419 482 nrani-

174 518 239 586 tur,
259 511 310 572 sed
326 519 426 572 tamen
445 527 505 572 non
521 509 562 571 ita
577 509 777 586 contigerunt,
819 526 881 586 mo,
901 525 936 568 er
955 506 1150 587 philosophia
1169 505 1323 583 hegeliana
1344 503 1420 567 lusu·

174 609 277 657 rerum
289 613 325 656 ex
337 593 471 656 dicteriis
489 593 645 656 hominum
659 590 778 654 fallaci·
818 599 876 667 stu,
898 591 1024 666 laborat,
1042 604 1101 671 qno
1120 598 1221 671 putat,
1239 588 1335 650 Deum
1351 607 1420 669 per·

174 677 232 740 hus
249 678 394 757 originem
413 677 535 740 duxere.
559 676 670 739 -hst
697 675 776 737 haud
817 675 952 738 naualem
981 693 999 736 a
1027 673 1137 736 mundo
1170 673 1345 734 distinctum
1363 691 1421 737 nou

101 771 103 780 ’
173 763 308 824 difficile
332 771 377 823 est
407 761 532 842 impium
562 760 618 822 hoc
649 767 778 840 systema
818 759 1068 838 existere,atque
1085 758 1153 834 ideo
1172 757 1273 818 omnia
1292 757 1421 819 naturali

175 846 319 908 nictare.
339 845 412 908 llam
432 847 463 925 a)
481 845 624 920 rationes,
640 861 714 925 quus
726 842 775 906 llr.
817 843 993 906 necessitate
1005 859 1173 923 percausas
1185 841 1422 904 intermediase-

176 928 298 992 Strauss
316 948 370 1011 pro
390 929 519 1010 mythice
538 945 593 991 sue
615 926 777 1008 expositio·
817 925 905 990 rolri:
922 928 996 990 salso
1015 926 1072 988 hoc
1086 926 1232 1008 principio
1246 925 1378 987 refutato
1392 934 1420 988 et

174 1033 213 1076 ne
232 1014 373 1090 adducit,
395 1022 466 1074 sunt
484 1011 583 1076 sutiles
602 1021 631 1074 et
647 1013 776 1091 inaues3
818 1011 1031 1073 miraculorum
1064 1011 1261 1091 possibilitate
1294 1009 1420 1090 probata

173 1097 209 1179 b)
228 1099 359 1160 rationes
369 1113 451 1172 reru,
464 1115 540 1178 quae
552 1095 646 1178 ipsius
658 1095 778 1176 exposi·
819 1096 860 1176 (5.
880 1097 947 1176 65),
967 1095 1080 1157 corruit
1101 1103 1196 1156 totum
1215 1093 1310 1173 ipsius
1332 1111 1419 1171 argu-

177 1182 251 1244 tioni
268 1188 470 1262 opponuntur,
487 1181 776 1242 sunruattnissimse.
819 1187 965 1242 mentum.
981 1213 1022 1225 -α
1039 1178 1192 1240 Immerito
1203 1186 1304 1239 autem
1321 1175 1421 1240 Theo·

219 1265 258 1330 l.
276 1265 327 1328 llr.
340 1263 504 1326 Straussad
519 1264 693 1328 temerarias
708 1283 778 1326 suas
818 1265 899 1342 logos
930 1262 1109 1325 orthodoxos
1132 1263 1169 1326 de
1194 1261 1421 1343 praeconceptis

143 1324 153 1368 ³'
176 1349 358 1412 assertiones
387 1347 556 1429 probandas
583 1348 778 1429 sequentihus
817 1347 1012 1429 opinionibus
1036 1347 1165 1408 incusat.
1188 1345 1306 1408 Falsum
1333 1346 1420 1407 enim

174 1434 362 1514 potissimum
382 1431 476 1494 utitur
490 1433 684 1512 argumentis:
704 1431 778 1493 l.ln
816 1441 863 1494 est
883 1433 967 1513 ipsos
985 1431 1104 1506 docere,
1117 1431 1148 1492 in
1166 1430 1284 1510 negotio
1297 1429 1421 1507 religio-

174 1515 343 1595 Erengelils
372 1517 450 1578 lacta
479 1526 660 1592 occurrunt,
689 1516 777 1597 plane
817 1517 865 1578 nis
883 1516 957 1578 alias
975 1517 1054 1592 leges
1074 1515 1190 1592 ripere,
1206 1533 1295 1594 quam
1313 1513 1347 1574 in
1365 1532 1420 1575 ce·

175 1601 310 1681 opposita
327 1601 386 1679 legi
405 1601 626 1676 continuitatis,
646 1600 673 1661 ri
691 1600 777 1662 euius
817 1600 889 1662 teris
899 1599 1031 1662 entibus.
1044 1597 1154 1661 Omnes
1165 1597 1421 1661 euimadmittunt

177 1683 278 1746 curnis
295 1683 464 1746 necessario
482 1698 535 1766 per
562 1703 667 1746 causas
682 1685 776 1746 inter·
817 1685 912 1763 legem
929 1681 1088 1760 summam,
1114 1701 1149 1745 ae
1165 1682 1315 1763 imprimis
1330 1683 1419 1762 prin·

176 1767 290 1830 medias
306 1769 494 1845 erolruntur,
508 1787 584 1850 quse
598 1769 678 1844 ideo,
692 1777 779 1850 utpo-
816 1769 926 1850 cipium
940 1765 1323 1851 causalitatis‚quodieunt:
1333 1767 1421 1830 Nihil

175 1860 204 1914 te
216 1851 396 1914 intrinsecus
408 1853 616 1934 impossibilia,
633 1853 777 1914 'historice
815 1855 849 1935 pit
862 1854 925 1916 stoa
936 1869 1026 1916 cartre
1040 1851 1212 1931 crtfficirnte:
1227 1851 1283 1911 hoc
1301 1850 1419 1930 prinei-

176 1935 292 2002 admitti
314 1945 487 2016 nequeunt,
507 1937 560 1999 sed
578 1937 706 2018 mythice
724 1953 776 1998 er·
816 1937 898 2018 pium
918 1937 1007 1999 etiam
1027 1935 1065 1998 ad
1083 1937 1173 2012 lacta,
1193 1954 1270 2016 quae
1288 1935 1324 1995 ad
1343 1935 1418 1998 reli-

175 2018 778 2102 ponidehentd.Quaelibetllelipiohi·
815 2021 935 2100 gionem
966 2028 1122 2102 spectant,
1141 2021 1315 2101 applicant,
1335 2028 1368 2080 et
1393 2019 1420 2080 si

177 2105 270 2166 storia
289 2113 374 2180 teste,
392 2106 550 2186 praecipue
568 2105 598 2166 in
615 2125 669 2166 sua
684 2105 776 2184 origi·
817 2105 959 2167 miracula
976 2113 1128 2180 statuunt,
1145 2105 1182 2165 ah
1201 2103 1256 2165 hae
1272 2102 1340 2180 lege
1360 2104 1418 2163 mi-

176 2207 214 2249 ne
222 2187 338 2268 mythos
354 2187 455 2265 nuber,
470 2190 547 2251 idem
561 2207 630 2267 ergo
643 2188 680 2250 de
695 2189 776 2250 chri·
816 2189 1058 2265 aimerecedunt,
1071 2189 1122 2250 sed
1133 2206 1254 2249 censam
1267 2187 1420 2249 sufficien-

175 2271 271 2333 stianu
282 2284 401 2353 quoqne
412 2270 567 2352 llelipinne
587 2273 775 2335 sentiendum
817 2285 875 2336 tem
888 2273 919 2334 in
934 2273 1138 2353 omnipotente
1150 2291 1184 2333 ac
1194 2271 1419 2353 independenter

175 2364 230 2416 est.
243 2357 273 2417 3.
288 2355 446 2438 Tempore,
463 2375 521 2438 quo
537 2357 694 2435 Evangelia
709 2375 777 2418 era·
816 2357 869 2420 llei
897 2357 1048 2443 voluntate
1075 2355 1241 2418 inveniunt.
1267 2355 1368 2416 Etiam
1387 2357 1417 2418 iu

175 2449 239 2503 rata
259 2449 339 2517 serit,
356 2441 433 2522 apud
448 2442 598 2503 irationem
618 2441 776 2522 praecipue
816 2441 1003 2503 naturalibus
1025 2441 1177 2516 hincinde,
1197 2439 1419 2520 praetermissis

175 2523 351 2600 iudaicam,
377 2525 483 2602 penius
513 2525 672 2586 historicus
700 2544 776 2588 neu·
815 2526 913 2587 causis
930 2525 1138 2600 intermediis,
1159 2523 1288 2606 pervim
1306 2524 1418 2585 lertio·

176 2608 290 2688 tiquam
314 2609 426 2684 adluit,
455 2609 506 2671 sed
536 2609 636 2670 omnia
668 2610 777 2690 mythis
816 2628 878 2671 rem
898 2609 982 2690 quasi
1002 2628 1055 2690 per
1074 2611 1181 2670 saltum
1203 2609 1327 2670 allectus
1345 2627 1418 2688 pro-

175 2699 265 2773 utque
283 2692 432 2770 allegoriis
449 2692 651 2775 replebantur.
671 2694 704 2755 l.
725 2692 776 2756 lu·
815 2693 885 2754 duci
905 2702 1012 2774 potest.
1029 2690 1178 2754 Sic-iusta
1201 2692 1297 2770 legem
1317 2693 1418 2753 conti-

175 2775 256 2838 deeis
272 2793 360 2858 porro
374 2793 498 2854 magnae
513 2777 598 2840 ideae
611 2777 729 2840 inerant
739 2777 776 2839 de
816 2777 938 2852 unitatis
957 2777 1092 2840 homiues
1107 2776 1287 2858 pedetentim
1304 2776 1418 2856 perin-

173 2859 775 2942 dssideratoetesspeutatohlessia‚quem
817 2862 969 2923 firmitates
1000 2862 1087 2923 morti
1112 2861 1339 2942 adproximant,
1365 2860 1418 2922 sed

158 2944 315 3006 munibus
332 2944 776 3008 aliisemittentioremarbitra·
814 2945 913 3022 gladio
939 2946 1068 3028 perculsi
1094 2945 1125 3007 in
1156 2953 1307 3006 momento
1324 2944 1417 3005 ritem

173 3025 300 3104 buntur3
321 3028 401 3101 ideo,
421 3029 565 3110 quidquid
586 3029 658 3110 ipsis
676 3029 714 3091 de
736 3031 775 3092 il·
815 3030 935 3091 finiunt.
948 3027 1127 3092 Sihomines
1142 3030 1236 3107 legem
1253 3029 1417 3090 continuae

173 3112 317 3174 lustrihus
333 3111 368 3175 ll.
389 3112 424 3174 Τ.
450 3113 521 3175 uiris
555 3123 659 3174 notum
688 3121 775 3192 erat,
815 3113 1269 3196 evolutionissuperarevalent,
1285 3111 1417 3174 auDeus

174 3213 242 3256 oum
261 3195 400 3274 Christo,
421 3216 510 3277 quem
529 3193 665 3260 liessiam
685 3207 775 3279 puta·
815 3199 844 3259 id
863 3216 921 3259 uon
941 3198 1066 3279 poterit‘l
1083 3231 1176 3248 --›

174 3286 256 3355 runt,
273 3280 453 3358 coniungere
471 3289 634 3344 tentavere:
653 3282 704 3344 has
718 3299 775 3345 aa·
856 3281 900 3342 hd
917 3281 948 3344 2.
969 3281 1032 3343 llon
1052 3301 1206 3360 negamus,
1221 3298 1340 3342 omnem
1354 3278 1415 3340 lle-

147 3371 149 3376 ’
175 3371 233 3424 tem
254 3361 337 3424 ideas
354 3364 556 3443 Evangelistas
571 3365 724 3444 collegisse
745 3375 776 3430 et
816 3365 1069 3444 ligionemialsam
1087 3366 1204 3447 mythis,
1218 3365 1330 3446 spuriis
1341 3381 1415 3424 nur·

174 3445 293 3526 scriptis
311 3448 373 3508 suis
387 3455 538 3526 erar'asse,
557 3450 727 3530 frequentes
737 3450 774 3514 V.
815 3449 994 3528 rationibus,
1011 3450 1093 3512 salsis
1111 3450 1266 3531 principiis
1283 3457 1340 3510 etc.
1363 3466 1416 3510 re-

174 3528 209 3590 T.
220 3529 376 3592 citationes
386 3532 557 3596 ostendunt.
572 3534 602 3596 5,
613 3528 702 3596 Recta
712 3536 777 3616 phi·
814 3534 919 3596 sertam
938 3553 1022 3610 esse,
1040 3553 1166 3615 eantque
1185 3535 1287 3614 eoipso
1313 3551 1416 3594 secer·

174 3612 310 3694 losoplria
328 3613 514 3677 iamdudum
533 3618 610 3680 viam
631 3620 776 3700 mythicae
816 3619 943 3680 neudum
972 3637 1039 3680 esse
1066 3617 1193 3680 dicimus
1220 3637 1238 3679 a
1260 3616 1415 3695 Religione

173 3697 400 3776 Evangeliorum
419 3701 596 3780 expositioni
614 3705 729 3781 stravit,
747 3713 777 3767 et
815 3720 896 3778 vera,
917 3721 993 3783 quae
1011 3703 1153 3764 ementita
1170 3703 1246 3764 laeta
1266 3701 1414 3782 proceris

173 3781 246 3844 haec
269 3783 328 3843 iam
347 3801 404 3864 per
417 3786 512 3848 multa
522 3788 640 3850 sacerdo
657 3805 776 3870 semper
817 3787 968 3849 venditare
986 3791 1044 3848 noh
1058 3795 1166 3868 potest.
1179 3819 1220 3832 -
1237 3783 1335 3864 llagni
1348 3803 1414 3845 mo·

173 3865 268 3945 magis
286 3869 442 3950 magisque
459 3873 578 3933 ¹evoluta
593 3883 638 3934 est
649 3872 709 3951 (l).
814 3871 906 3933 menti
927 3871 1064 3933 veritrrtes
1086 3871 1150 3932 iam·
1177 3869 1208 3931 in
1229 3869 1333 3931 mundi
1352 3869 1414 3949 pri-

213 3953 397 4030 hrgumenta
422 3953 498 4018 haec
515 3957 605 4020 alluta
621 3957 705 4018 omni
722 3975 774 4020 so-
815 3955 1078 4017 mordiishumano
1089 3953 1415 4034 generirerelstaelue·

172 4033 287 4098 liditate
303 4047 418 4101 carent.
791 4035 795 4074 ¹
813 4049 894 4116 rurrt,
912 4058 941 4102 e.
956 4059 984 4118 g.
1007 4040 1044 4102 de
1063 4037 1123 4100 lieo
1140 4046 1286 4112 creatore,
1307 4037 1344 4098 de
1359 4036 1414 4098 ho-

814 4124 926 4185 minum
947 4125 1044 4206 lapsu,
1063 4124 1101 4186 de
1120 4124 1264 4204 promisso
1283 4119 1414 4183 Redem-⁴

173 4192 773 4317 dssssffl'fflfflffifflwssffuffifflfflffi
812 4217 897 4305 ptpre
906 4216 964 4270 etc.
973 4208 1038 4280 Quo
1052 4209 1143 4286 tnagis
1156 4217 1253 4268 antem
1268 4206 1347 4267 inter
1359 4206 1414 4266 ho·

173 4311 468 4371 pernecessarium.
528 4326 531 4331 ’
814 4311 910 4358 munes
941 4302 1096 4376 corruptos
1128 4292 1234 4356 hurum
1257 4293 1414 4356 reu-tratum
