2910 4732
128 317 129 320 ¹
169 283 347 360 ructantes..
361 285 471 351 ‘aurire
495 295 639 352 onortcat.
661 289 840 354 Princinium
864 299 961 355 autem
981 296 1201 370 coercitatioom
1215 295 1400 380 Theologiae

143 386 346 456 postuma'est
360 386 425 456 tpsa
438 374 598 449 Bruclatao,
618 373 703 434 cuius
720 371 829 434 idcirco
848 371 1002 432 existentia
1020 371 1172 450 probanda
1189 379 1245 447 est,
1263 380 1292 432 et
1315 374 1391 433 lon-

116 521 118 526 ,
144 469 188 520 tes
211 457 382 535 assignandi
406 465 484 533 sunt,
503 459 581 537 quod
598 463 757 536 utrumque
775 455 805 514 in
827 455 952 516 secunda
969 461 1054 532 purte
1067 463 1244 533 praestatur.
1265 453 1391 518 Princi-

144 541 224 624 pium
243 549 341 604 aulem
366 540 574 623 reputationem,
594 541 673 621 quod
689 541 752 620 ipsa
770 537 960 600 Revelatione
979 537 1054 598 duce
1072 535 1305 616 inuestigandum
1325 550 1388 616 est,

48 695 51 702 ,
143 625 250 708 duplex
267 625 467 704 distinguitur:
484 625 679 706 primariam,
699 623 777 703 quod
797 631 841 684 est
858 621 1000 695 Ecclesia,
1018 631 1046 682 et
1063 621 1284 696 secundariam,
1304 629 1390 703 quod

143 710 302 777 ustilatis.
321 708 363 773 De
382 717 507 790 utraque
532 709 619 770 tertio
641 707 800 786 perungit.
822 703 927 768 Verum
945 704 1064 786 quidem
1084 714 1141 780 est,
1167 706 1246 786 quod
1272 708 1303 768 iu
1328 709 1391 770 lroc

142 803 298 876 systemate
320 793 356 854 de
378 791 408 854 S.
433 792 594 854 Bibliorum
619 792 717 854 diviua
736 789 930 871 inspiratione
952 799 982 850 et
1005 807 1118 850 canone
1137 799 1263 867 agatur,
1284 792 1391 871 prius-

143 897 231 960 quam
249 876 413 940 infallibilis
435 877 584 938 Ecclesiae
601 875 760 938 auctoritas
777 875 815 936 sit
832 873 1036 954 comprobata:
1057 873 1107 936 sed
1128 875 1198 954 quia
1215 873 1392 950 Protestau-

143 975 198 1038 tes,
218 962 394 1043 quibuscum
424 960 510 1022 nobis
530 960 689 1041 praecipua
715 958 796 1020 bisce
817 956 847 1019 in
872 957 1004 1020 materiis
1021 959 1222 1020 controversia
1239 968 1295 1034 est,
1320 969 1389 1022 turn

142 1065 286 1108 canonem
309 1043 339 1106 S.
364 1044 526 1108 bibliorum
547 1055 608 1106 tum
624 1045 752 1108 divinam
771 1041 934 1104 eorundem
959 1039 1183 1121 inspirationem
1204 1043 1331 1106 unanima
1348 1063 1393 1106 ex

143 1139 227 1212 parte
244 1129 414 1200 admittant,
433 1126 635 1190 'Proditionem
654 1147 735 1202 vero,
763 1145 839 1207 quae
858 1145 911 1208 pro
932 1134 1057 1186 tractatu
1073 1125 1109 1186 de
1126 1125 1258 1188 Ecclesia
1274 1129 1391 1190 summi

145 1213 284 1276 momenti
307 1221 361 1288 est,
388 1231 443 1274 ceu
467 1213 577 1274 lentem
602 1212 799 1274 Revelationis
819 1219 939 1289 negant3
967 1210 1100 1291 adoptati
1119 1211 1286 1292 systematis
1308 1211 1390 1274 ratio

143 1316 201 1362 non
219 1297 415 1360 videturesse
432 1297 593 1375 carpenda.

183 1382 225 1461 De
238 1388 353 1442 caetero
365 1381 536 1458 Dogmatica
553 1379 705 1443 Generalis
718 1379 860 1442 idiomate
872 1377 964 1440 latino
978 1379 1125 1442 exaranda
1140 1387 1215 1454 erat,
1230 1399 1289 1462 quo
1305 1379 1390 1442 idio-

144 1477 221 1530 mate
240 1465 270 1524 in
285 1463 455 1527 Ditionibus
472 1465 635 1526 Austriacis
648 1465 805 1544 pleraeque
825 1462 1000 1542 disciplinae
1014 1464 1196 1542 theologicae
1215 1464 1290 1526 tradi
1310 1483 1390 1526 con·
1446 1481 1447 1484 ’

144 1556 312 1624 sueverunt,
331 1567 348 1609 a
364 1569 423 1628 qna
441 1549 583 1611 laudabili
597 1549 813 1610 consuetudine
831 1567 866 1609 eo
886 1546 984 1608 minus
999 1547 1198 1610 recedendum
1214 1548 1286 1610 milri
1304 1549 1393 1609 virle·
1446 1555 1447 1604 i

145 1636 241 1707 batur,
269 1651 335 1692 cum
356 1632 605 1696 Reverendissimi
638 1632 775 1712 Episcopi
799 1631 950 1706 austriae,
972 1629 1103 1694 Viennae
1126 1631 1392 1710 congregatura·
1446 1631 1447 1638 ’

143 1715 312 1780 certissime
326 1715 520 1793 decreverint,
539 1737 593 1778 ceu
609 1716 738 1794 linguam
758 1714 928 1778 Studiorum
953 1715 1185 1794 theologicorum
1205 1716 1317 1778 idioma
1339 1717 1391 1777 la·

145 1802 237 1863 tinum
265 1819 331 1862 esse
354 1801 554 1862 retinendum.
576 1799 611 1862 Et
638 1801 754 1862 rneritcl
774 1799 835 1862 Huc
851 1801 930 1861 enim
950 1800 1060 1862 idioma
1073 1800 1165 1878 ipsius
1185 1798 1214 1866 S.
1233 1799 1391 1862 Ecclesiae

146 1906 199 1948 usu
217 1885 302 1966 quasi
321 1895 466 1946 sacratum
486 1895 542 1962 est;
559 1885 587 1945 in
608 1885 711 1946 eodem
721 1888 782 1964 per
799 1885 891 1946 multa
907 1885 1025 1946 saccula
1048 1883 1253 1946 institutiones
1268 1883 1392 1946 tlreolo-

144 1971 226 2049 gicae
243 1979 303 2030 tum
317 1970 468 2032 'conscribi
488 1978 547 2030 tum
568 1969 641 2030 tradi
661 1965 891 2043 consueverunt,
911 1967 953 2030 ita
972 1977 1005 2030 ut
1023 1967 1202 2044 Theologiae
1230 1967 1392 2031 Candidati

146 2073 204 2116 non
220 2053 272 2114 uni
294 2062 408 2114 tanturn
433 2054 558 2129 nationi,
575 2053 627 2114 sed
645 2053 789 2114 urrirersis
808 2052 1026 2133 quodammodo
1044 2054 1161 2132 populis
1176 2052 1317 2114 inseruire
1334 2071 1394 2132 po·

146 2139 266 2199 tuerint.
295 2136 430 2219 Denique
460 2138 578 2200 terrninl
598 2137 632 2197 ad
653 2145 733 2198 recte
754 2135 955 2198 errantiandas
974 2137 1160 2214 theologicas
1189 2135 1327 2198 veritates
1355 2136 1393 2197 iu

146 2222 285 2284 idiomate
303 2221 395 2283 iatine
415 2222 507 2298 magis
525 2222 654 2282 accurati
677 2230 709 2287 et,
724 2220 893 2300 adaequati,
919 2229 948 2282 et
970 2220 1064 2299 ipsius
1085 2219 1235 2282 Ecclesiae
1253 2218 1393 2284 Catlruli-

146 2325 196 2368 cae
214 2325 248 2366 ac
266 2305 482 2384 Tbeologorum
498 2304 714 2370 Catholicorum
735 2306 909 2366 auctoritate
928 2305 1085 2384 approbati
1098 2305 1302 2377 inveniuntur,
1316 2303 1393 2384 qui-

147 2393 200 2454 bus
219 2409 277 2450 uon
297 2391 369 2452 satis
390 2390 536 2451 concinno
563 2389 649 2450 rnodo
671 2390 758 2450 etiarn
782 2400 920 2450 auctores
938 2389 1113 2452 Germanica
1131 2389 1231 2465 lingua
1248 2387 1393 2448 scriben-

147 2486 190 2536 tes
210 2474 251 2535 ita
274 2493 307 2535 ac
327 2474 413 2536 toties
433 2475 474 2534 uti
493 2475 600 2547 solent,
619 2483 650 2534 ut
679 2473 786 2534 latinae
806 2473 922 2550 linguae
946 2473 1065 2550 igrrarus
1084 2475 1209 2534 istorum
1229 2486 1320 2553 opera
1340 2471 1392 2533 rix

147 2568 197 2620 rrut
216 2578 252 2620 ne
269 2559 314 2620 ria
328 2559 447 2638 quidem
468 2559 630 2633 intelligere
645 2559 749 2618 valeat.

187 2642 224 2704 tn
243 2661 333 2718 rrunc,
346 2663 411 2706 cum
432 2662 478 2714 cu,
493 2661 569 2721 quae
588 2642 645 2702 iarn
667 2651 735 2704 ante
751 2649 808 2701 tres
824 2660 917 2702 annos
930 2641 1177 2721 conscripseram,
1197 2660 1257 2702 non
1276 2648 1334 2702 tam
1353 2659 1393 2702 ex

148 2745 224 2800 rnea,
252 2746 339 2805 quarn
368 2747 402 2788 ex
432 2746 563 2788 tricorum
590 2726 782 2804 Superiorem
802 2727 951 2788 voluntate
974 2725 1049 2806 typis
1081 2727 1270 2801 rrrandentur,
1291 2724 1396 2786 rorlris
1428 2761 1430 2766 ·

148 2819 213 2889 ntor
230 2809 420 2886 Tlraodorcti,
438 2811 489 2890 qui
509 2810 652 2871 Proelia
672 2810 779 2871 l‘salm.
800 2809 915 2871 scribit:
937 2808 1048 2880 «Quae
1075 2811 1207 2872 invenire
1223 2809 1393 2889 potuimus,

150 2895 322 2970 nomnibus
339 2895 403 2956 sine
425 2894 536 2955 invidia
560 2895 780 2974 proposuimus,
800 2904 830 2954 et
852 2913 929 2973 quae
952 2914 968 2954 a
992 2894 1127 2957 Patribus
1149 2893 1257 2956 nostris
1278 2892 1395 2955 didici-

151 2998 258 3053 nmus,
279 2980 404 3058 posteris
423 2978 530 3039 nostris
544 2979 649 3040 alierre
666 2979 846 3040 studuimus.
870 2977 932 3039 lloc
955 2997 1045 3038 rrnum
1066 3000 1082 3038 a
1104 2977 1394 3057 lectoribuspostu-

151 3063 291 3134 clarinus,
318 3083 355 3124 ne
380 3063 449 3124 l'rrrti
478 3082 532 3122 nos
556 3062 786 3137 insirnuleat,.si
808 3062 891 3141 quid,
912 3063 991 3142 quod
1010 3083 1026 3122 a
1046 3061 1183 3122 Patribus
1208 3061 1318 3122 dictum
1336 3060 1392 3137 sit,

152 3168 165 3204 n
188 3147 233 3207 lric
253 3146 430 3210 inverterint.
451 3145 512 3208 Hoc
530 3146 608 3206 enim
635 3165 693 3207 non
715 3148 826 3208 lurturu
847 3147 990 3224 appellari
1008 3146 1108 3220 debet,
1129 3146 1180 3206 sed
1205 3144 1392 3207 haereditas.

153 3252 165 3288 o
181 3229 325 3292 Laborem
345 3229 543 3310 suscepimus,
564 3230 735 3305 lectoribus,
756 3240 789 3290 ut
803 3229 941 3304 arbitror,
962 3231 1040 3291 lraud
1063 3230 1222 3306 inutilcm3
1242 3247 1332 3310 quarn
1353 3228 1396 3290 ob

154 3336 166 3372 n
183 3333 243 3376 rem
260 3335 324 3388 eos,
347 3315 480 3396 quisine
502 3310 603 3375 larborc
625 3314 757 3374 laborum
778 3323 944 3374 nostrorum
965 3316 1091 3375 l'ructuur
1116 3325 1186 3374 suut
1204 3313 1392 3392 percepturi,

153 3419 166 3454 n
186 3409 303 3476 rogatos
332 3391 536 3476 vulurnns„ut
559 3397 646 3460 uoltis
669 3417 720 3477 pro
744 3397 895 3459 laboribus
915 3398 1022 3458 nostris
1048 3397 1198 3459 orationes
1216 3397 1397 3476 impertiant

152 3503 166 3539 n
187 3501 267 3544 suas.
288 3482 370 3552 Quod
390 3483 413 3544 si
434 3484 532 3544 rninus
551 3493 688 3548 accurata
702 3481 849 3542 videbitur
867 3482 1034 3562 explicatio,
1054 3483 1185 3544 laborem
1200 3481 1304 3544 saltem
1321 3479 1397 3541 boni

155 3568 351 3642 sconsulant,
369 3578 397 3628 et
421 3585 498 3646 qrrae
523 3567 641 3644 desunt,
661 3566 718 3646 ipsi
736 3566 895 3628 doceant.»
913 3565 1162 3646 -uQuippeunn
1180 3565 1338 3641 vincimur,
1351 3563 1398 3627 ait

154 3671 167 3709 r
187 3648 218 3711 S.
233 3649 405 3730 Cyprianus
421 3651 538 3731 qrrando
553 3650 638 3712 uobis
657 3651 824 3712 ollcruntur
840 3649 978 3725 meliora,
998 3652 1050 3712 sed
1069 3650 1258 3712 instruimur.
1271 3668 1289 3733 Ι)
1309 3683 1321 3694 --
1386 3654 1394 3662 ”

235 3849 346 3913 Raucae
365 3849 394 3910 iu
410 3852 483 3911 l'esto
502 3847 664 3911 Catlredrac
683 3845 712 3910 S.
731 3847 809 3910 l'utri
825 3849 989 3928 Romanae,
1009 3871 1087 3914 auno
1107 3853 1200 3918 tuta.
1242 3851 1249 3862 ’

1157 4183 1316 4257 accron.
