2910 4732
193 227 236 291 68
591 247 776 296 rnronocrau
796 239 960 292 emanans

151 309 216 384 sed
229 323 356 388 alienam
383 347 469 410 opem
494 327 641 412 exposcit,
679 345 748 390 uam
787 323 991 400 reiturbetrrr,
1005 319 1056 383 sed
1069 317 1307 388 offendidicitor.
1322 338 1392 384 cum

150 407 246 468 sol-arn
260 427 278 470 a
291 410 351 472 Deo
366 421 498 474 creatore
509 424 538 476 et
551 412 750 492 gubernatore
788 408 846 491 ipsi
865 409 902 470 ab
924 407 1044 469 bomine
1055 407 1154 468 cuitus
1165 413 1194 466 et
1212 406 1392 486 obsequium

151 493 285 554 omniurn
298 505 466 577 exspectare
478 497 556 560 licet.
574 495 637 567 Qua
649 505 749 558 autem
788 493 961 571 denegatur:
977 491 1159 552 lraecautem
1175 489 1342 566 denegatio,
1356 490 1393 552 li·

150 577 266 638 ratione
280 577 317 640 ab
333 589 401 642 ente
417 597 556 663 supremo
576 579 750 643 hominide·
789 587 835 640 cet
853 577 913 638 Deo
933 577 1079 649 innocua,
1099 573 1137 634 in¹
1150 573 1270 634 bomine
1289 582 1393 636 tamen

128 717 131 728 ,
150 662 519 741 praratosubreniendum
534 665 583 741 sit,
600 663 748 726 ratiobu-
790 679 925 739 magnam
951 659 1093 720 malitiam
1123 656 1282 738 supponit,
1312 677 1393 738 quae

150 761 239 805 mana
256 745 419 809 diiudicare
440 769 500 812 non
517 751 606 826 valet,
626 746 678 809 sed
694 747 748 829 bac
788 746 869 806 iuxta
880 745 974 828 ipsius
988 742 1112 805 rationis
1126 759 1215 802 sanae
1229 740 1393 804 dictamina

150 827 181 890 in
199 846 231 890 re
249 829 286 891 ab
312 831 377 912 ipso
396 830 460 894 Deo
480 833 586 894 instrui
604 832 703 894 debet.

192 911 223 973 ἓ.
236 915 342 977 Modura
350 916 489 994 placandi
500 917 594 980 licum
602 923 749 996 postcom·

149 997 270 1060 mierum
286 1000 412 1079 culpent.
432 999 553 1062 Certum·
572 1011 628 1074 est,
649 1001 748 1062 homi·

149 1097 203 1142 nes
221 1098 365 1163 persaepe
386 1102 403 1144 a
422 1085 486 1162 lege
506 1085 633 1160 morali,
652 1094 682 1147 et
699 1083 747 1146 di-

150 1164 217 1225 rina
235 1163 390 1242 aberrare,
410 1167 431 1229 i.
453 1187 481 1229 c.
502 1187 643 1250 peecare,
663 1167 748 1232 etsie

151 1247 242 1310 ileum
259 1249 408 1312 offendere
424 1283 439 1297 ·
455 1253 516 1314 enti
534 1252 747 1334 perfectissimo

150 1331 280 1394 debiturn
295 1335 418 1408 cultum,
432 1353 466 1397 ac
476 1355 614 1417 supremo
627 1337 746 1414 legisla-

150 1416 206 1477 tori
230 1418 403 1496 requisitam
428 1420 626 1482 obedientiam
652 1423 746 1482 dene·

149 1499 256 1578 gande.
276 1497 319 1563 Ob
339 1503 530 1566 commissum
556 1514 654 1567 autem
679 1523 747 1586 pec·

149 1593 247 1645 catum
266 1583 330 1666 ipsa
342 1585 418 1648 ratio
430 1588 579 1650 bominem
593 1591 690 1669 poena
702 1589 748 1650 di·

148 1687 239 1746 gnam
258 1671 443 1750 pronuntiat,
464 1671 518 1734 Dei
537 1691 638 1734 amore
656 1691 690 1734 ac
704 1673 747 1735 le·

148 1751 260 1814 licitatc
281 1753 435 1832 indignum
455 1756 606 1833 declarat,
629 1755 746 1840 ipsique

148 1835 350 1899 satisfaciendi
373 1837 583 1917 obligationem
607 1839 743 1922 imponit.

147 1919 271 1983 Maxime
290 1939 360 1999 ergo
373 1923 572 1986 necessarium
585 1932 629 1986 est
647 1924 745 1986 horni-

147 2005 191 2081 ni,
211 2013 244 2066 nt
262 2016 420 2082 cognoscat
435 2007 555 2070 modum
572 2009 665 2070 Derim
686 2011 747 2091 pla·

148 2089 235 2150 candi
259 2097 325 2169 post
353 2090 489 2171 culpam,
515 2092 663 2174 sineque
693 2113 746 2156 nec

148 2170 241 2233 Deum
254 2172 355 2234 debito
372 2175 459 2235 modu
470 2175 578 2250 colere,
596 2177 745 2239 necllnern

148 2275 236 2316 suurn
255 2257 398 2337 consequi
409 2259 497 2320 valet.
509 2295 550 2305 -
561 2257 677 2322 llodurn
690 2281 746 2322 au·

149 2347 208 2400 tem
227 2339 316 2401 istum
337 2339 469 2403 bumana
492 2342 655 2420 ratio,sibi
675 2346 746 2406 reli-

149 2431 207 2499 cta,
221 2423 419 2486 determinare
428 2445 488 2488 non
501 2427 589 2503 ralet,
602 2435 665 2488 tum
676 2429 747 2508 quia

148 2505 185 2567 ad
204 2508 349 2569 offensum
378 2518 491 2590 spectat
522 2512 745 2592 determinare,

148 2609 208 2671 qua
231 2591 401 2670 conditione
423 2593 550 2656 offensas
565 2595 745 2674 remittere,

148 2684 177 2736 et
199 2671 288 2757 quam
307 2675 539 2740 satisfactionem
560 2680 676 2757 erigere
694 2699 745 2742 ve·

147 2757 194 2836 lit,
211 2768 274 2821 turn
297 2760 366 2841 quia
382 2761 482 2834 bomo,
502 2779 569 2824 cum
586 2764 745 2826 omnesvi·

147 2859 195 2905 res
208 2863 277 2906 suas
294 2861 412 2925 semper
423 2845 459 2906 ad
471 2845 564 2908 Deum
578 2845 688 2909 reterre
701 2856 746 2910 te-

146 2927 303 3008 neatur(§.
319 2928 386 3008 ld),
399 2929 494 2990 nullas
509 2931 746 3010 superstitesha·

146 3011 209 3086 bet,
229 3012 338 3093 qurbus
357 3011 415 3073 Deo
434 3032 486 3093 pro
499 3015 591 3090 cultu,
611 3022 640 3076 et
657 3016 747 3076 obse--

147 3095 218 3175 quio
237 3097 369 3172 neglecto
383 3095 561 3172 satisfaciat,
582 3108 643 3160 tum
659 3099 747 3161 deui-

154 3197 213 3258 que
229 3181 299 3259 quia'
327 3179 406 3241 Deus
435 3181 565 3244 offensus
589 3181 745 3260 infinitus,

147 3261 237 3321 lronro
254 3279 324 3324 vero
341 3281 408 3324 reus
427 3265 625 3347 undequaque
647 3268 747 3328 finitus

147 3354 203 3406 est.
223 3379 265 3390 -
283 3343 453 3409 Necessaria
470 3358 514 3411 est
542 3369 611 3429 ergo
635 3349 746 3412 bomini

147 3428 287 3491 revelatio
306 3429 417 3508 divina,
436 3441 465 3494 et
483 3433 649 3496 institutum
670 3435 748 3516 posi·

147 3511 251 3587 tivum,
272 3513 442 3575 atmodum
460 3517 603 3595 addiscat,
621 3517 681 3580 Deo
693 3537 746 3601 pro

147 3597 268 3658 eliensis
283 3597 495 3661 satisfaciendi.

137 3749 143 3761 x
187 3681 276 3744 Noto.
295 3679 358 3741 Non
378 3682 486 3746 desunt
504 3685 555 3766 qui
571 3686 642 3746 hnic
655 3703 746 3764 argu-

148 3775 248 3827 mento
267 3765 482 3829 contradicant.

190 3849 254 3913 Oli.
268 3848 297 3909 l.
314 3848 404 3926 Deus,
420 3850 516 3933 inquit
527 3849 677 3931 barthius,
691 3871 746 3915 nec

147 3933 255 3994 ollandi
277 3943 383 4014 potest,
409 3955 462 3996 nec
481 3936 578 3997 irasci:
599 3955 666 4013 ergo
689 3957 746 3998 non

146 4026 191 4077 est
206 4017 395 4096 cogitantium
412 4020 450 4081 rle
466 4020 680 4098 satisfactione,
693 4041 746 4083 nec

146 4100 309 4163 timendum
330 4101 366 4163 de
382 4121 488 4184 poena.

199 4186 285 4266 Resp.
305 4185 384 4248 Deus
402 4189 538 4268 equidem
555 4188 584 4249 in
605 4207 640 4250 eo
657 4206 746 4250 sensu

789 849 914 910 poenam
924 823 1170 890 meretur—Sic
1186 825 1297 905 pariter
1311 823 1393 888 Deus

789 933 848 975 non
864 913 1002 974 irascitur
1014 929 1094 972 more
1107 910 1249 985 humano,
1263 908 1313 971 sed
1331 909 1393 972 ira·

788 998 830 1058 sci
844 997 954 1058 (dcitur
973 996 1043 1056 dum
1066 995 1159 1055 iustas
1177 1011 1288 1074 poenas
1305 993 1390 1055 inni·

787 1081 840 1159 git.
871 1078 1011 1152 Quamvis
1038 1080 1117 1140 enim
1138 1077 1393 1140 clementissimus

788 1165 838 1241 sit,
852 1173 950 1225 tamen
969 1163 1059 1225 etiam
1076 1161 1254 1247 iustissimus
1268 1172 1324 1238 est,
1338 1182 1393 1224 ne-

788 1267 847 1329 que
862 1247 1148 1310 induitaciementia
1171 1246 1316 1308 interritam
1339 1247 1392 1308 iu-

787 1333 898 1394 stitiam
918 1341 968 1392 ant
989 1329 1096 1392 minuit
1115 1339 1164 1391 aut
1181 1331 1281 1391 laedit.

830 1417 895 1481 riti.
914 1417 944 1478 d.
967 1413 1061 1476 Homo
1080 1421 1229 1496 peccator,
1249 1415 1289 1475 ait
1307 1413 1392 1476 Ken-

787 1501 864 1578 tius,
889 1501 977 1563 debet
1001 1500 1159 1561 emandare
1183 1515 1288 1560 sensus
1306 1515 1392 1570 suos,

787 1585 895 1666 quibus
920 1586 1038 1647 mutatis
1056 1585 1088 1645 lit
1107 1584 1183 1644 alius
1203 1583 1309 1660 borno,
1338 1585 1394 1664 qui

786 1669 846 1732 Deo
868 1669 1025 1750 displicere
1047 1686 1108 1730 aon
1123 1675 1229 1748 potest.
1250 1665 1322 1729 Curn
1338 1686 1394 1728 au·

787 1762 845 1817 tem
861 1753 918 1816 ista
929 1771 1069 1816 sensuum
1087 1769 1207 1814 suarum
1221 1751 1393 1813 emendatio

786 1839 849 1900 fieri
868 1846 996 1920 nequeat
1015 1837 1080 1898 sine
1105 1835 1205 1896 multis
1223 1835 1350 1916 pugnis,¹
1363 1846 1394 1897 et

786 1921 1044 2002 abnegationibus,
1061 1921 1148 1994 istae,
1162 1937 1235 2001 quas
1248 1919 1337 1981 bomo
1355 1939 1392 1980 e-

788 2007 944 2068 mendatus
961 2020 1020 2067 nrm
1039 2014 1180 2081 meretur,
1194 2012 1317 2084 possunt
1328 2001 1393 2065 Deo

787 2090 886 2151 offerri
905 2109 958 2172 pro
978 2091 1098 2150 bomine
1122 2097 1241 2164 vetere,
1263 2087 1286 2150 i.
1306 2102 1335 2149 e.
1360 2088 1391 2148 in

787 2175 1018 2236 satislactionem
1038 2191 1090 2254 pro
1106 2172 1235 2253 peccatis
1253 2171 1393 2251 patratis.

827 2259 913 2338 Rcop.
933 2257 1039 2321 Contra
1055 2258 1108 2317 boc
1118 2256 1308 2318 ratiocinium
1322 2257 1392 2336 plu·

786 2360 820 2403 ra
842 2343 935 2423 excipi
961 2351 1094 2422 possunt.
1122 2339 1194 2402 Nam
1221 2343 1251 2420 a)
1279 2339 1395 2402 Sensus

787 2426 908 2506 quidem
928 2425 1059 2486 hominis
1079 2425 1182 2486 mutati
1200 2423 1258 2486 ileo
1273 2443 1334 2486 nun
1347 2420 1395 2485 di-

786 2511 924 2591 splicent,
938 2510 989 2570 sed
1007 2517 1106 2570 reatus
1125 2511 1230 2590 culpae
1246 2510 1395 2588 praeteri-

787 2601 846 2670 tae,
867 2594 918 2674 qui
937 2593 997 2654 lJeo
1020 2595 1136 2674 placere
1155 2591 1269 2674 nequit,
1288 2610 1394 2653 rema-

786 2684 847 2738 net.
868 2677 900 2756 b)
924 2675 966 2738 Ad
986 2695 1109 2758 pugnas,
1130 2686 1159 2738 et
1177 2675 1395 2754 abnegationes

787 2779 840 2840 pro
858 2759 1067 2823 emendatione
1092 2760 1275 2822 necessarias
1300 2759 1394 2821 borno

787 2845 909 2906 vitiosus
938 2845 997 2906 iam
1025 2863 1077 2925 per
1095 2863 1126 2906 se
1147 2854 1274 2921 tanetum
1295 2863 1393 2925 quare

786 2927 852 2992 illas
871 2929 1060 3010 suscipiendo
1082 2947 1161 2990 nunc
1183 2929 1300 3008 quidem
1323 2929 1394 2990 olli-

787 3013 866 3074 cium
886 3032 972 3074 suurn
993 3013 1107 3094 implet,
1133 3013 1185 3074 sed
1205 3013 1245 3074 nil
1262 3031 1393 3093 supere-

788 3097 925 3176 rogatorii
946 3097 1025 3170 lacit,
1053 3097 1133 3177 quod
1156 3097 1185 3158 in
1208 3096 1393 3158 satisfactio-

787 3199 854 3241 nem
868 3199 919 3262 pro
935 3181 1028 3260 culpis
1043 3181 1208 3260 praeteritis
1224 3181 1339 3242 oderat.
1361 3184 1393 3257 c)

787 3265 823 3326 Et
841 3266 866 3326 si
885 3265 950 3326 illas
963 3266 1067 3326 offerre
1081 3272 1192 3345 posset,
1209 3264 1276 3345 quis
1291 3265 1393 3346 ipsum

788 3349 851 3410 sine
876 3349 1055 3410 revelatione
1074 3358 1188 3410 certum
1205 3349 1317 3426 reddet,
1340 3368 1395 3430 per

788 3431 859 3493 istos
877 3441 1001 3494 conatus
1020 3432 1150 3493 hominis
1176 3433 1250 3494 liniti
1270 3452 1321 3514 pro
1341 3434 1393 3494 ol·

788 3517 870 3577 sensa
881 3515 932 3578 Dei
948 3515 1053 3578 infiniti
1069 3516 1108 3578 ita
1120 3516 1268 3594 satisfieri,
1281 3524 1313 3577 ut
1325 3535 1394 3578 rea·

788 3608 834 3661 tus
852 3619 966 3682 poenae
981 3599 1098 3681 penitus
1117 3601 1300 3662 tollatur?-

829 3685 858 3746 3.
876 3684 1063 3748 Stotusru‘toe
1074 3685 1208 3765 fraterrae,
1226 3693 1252 3747 ct
1269 3686 1393 3748 orrc'rrroc

787 3767 1002 3832 tmrrrorruttrre.
1031 3767 1086 3828 Pro
1111 3768 1231 3851 bomine
1257 3769 1394 3844 infirmo,

786 3853 935 3933 variisque
960 3851 1148 3934 passionibus
1171 3853 1280 3931 agitato
1306 3855 1394 3916 valde

787 3935 986 3998 necessarium
1006 3944 1061 4013 est,
1079 3945 1111 3997 ut
1129 3943 1298 4014 cognoscat,
1319 3939 1394 4017 qnid

787 4027 992 4100 postmortem
1015 4021 1058 4082 vel
1077 4021 1269 4100 sperandum,
1289 4023 1334 4082 vel
1353 4021 1394 4083 ti·

789 4103 928 4165 mendum
951 4105 1001 4178 sit,
1018 4112 1051 4165 ut
1071 4123 1122 4186 per
1138 4123 1221 4184 spem
1240 4105 1394 4184 praemio-

788 4205 853 4248 rum
870 4189 905 4248 ad
923 4187 1033 4249 bonum
1047 4187 1197 4263 incitetur,
1213 4197 1242 4248 ct
1259 4207 1310 4268 per
1324 4209 1394 4269 poe-

147 4267 256 4331 ollendi
273 4289 331 4331 non
353 4278 460 4351 potest,
478 4291 511 4334 nc
527 4272 552 4334 si
569 4273 705 4346 felicitas,
719 4281 748 4332 et
789 4290 892 4331 nurum
914 4283 1022 4333 rneturn
1043 4290 1059 4333 a
1089 4274 1166 4332 malo
1191 4272 1391 4334 deterreatur.

147 4350 262 4416 intinita
271 4355 515 4440 perlectioipsius
526 4358 570 4420 rel
585 4357 747 4433 minuatur,
788 4354 916 4433 lacerta,
927 4365 957 4418 ct
972 4355 1097 4417 obscura
1113 4355 1216 4416 lrarurn
1229 4373 1328 4419 rerum
1345 4377 1394 4420 co·
