2934 4736
439 189 514 236 rans
535 189 567 236 u.
591 189 693 236 scorto
726 191 747 236 r.
771 189 865 234 aaron
886 187 928 234 ru
1189 173 1251 232 289

63 258 235 342 perindaeos
253 273 283 329 et
298 264 480 332 Christianos
495 277 648 352 corrtrptas
681 265 831 330 tinuit-
842 263 879 328 Ut
891 265 1076 348 philosophis
1090 284 1122 330 se
1134 271 1291 338 commen-

63 345 558 435 autdeterastuisse.tstcorruptio
574 351 648 415 haec
686 347 1293 434 ‘daret,Polptheistno[leisrnumrelpob

63 445 108 490 seu
125 429 281 511 mutilatio,
299 455 388 516 apuam
412 438 519 501 nullibi
538 437 648 520 proba·
687 435 739 498 ius
752 431 941 498 Stoicismum
954 437 1107 516 praetulit.
1121 433 1158 497 Ut
1172 439 1292 501 sanctus

63 511 113 589 rit,
132 511 240 578 rationi
275 521 468 598 contradicit3
487 535 648 604 antequam
685 515 936 596 'ridereturfliui
964 535 1050 580 usurn
1071 516 1234 600 prohibuit.
1255 515 1292 582 lit

63 595 130 658 eninr
154 593 380 667 iiuhamnredes
399 605 555 687 apparuit,
576 623 649 668 cau·
691 616 744 688 spe
762 603 931 666 mortalium
952 608 1072 684 pectora
1090 603 1236 680 alliceret,
1254 619 1291 666 e*

62 696 114 740 sam
128 683 238 748 nullam
256 685 371 765 habuit,
391 695 499 772 etpost
516 686 649 752 eiusdem
691 687 780 769 lysios
793 695 990 770 postmortem
1000 686 1149 768 pollicitus
1161 696 1293 750 ericam

62 763 206 828 adrentum
225 765 267 832 ob
289 771 423 853 dispersa
441 773 471 835 in
498 781 559 836 loto
579 773 650 836 orbe
692 791 755 853 pos.
774 771 810 834 Ut
823 772 983 852 complices
991 773 1070 833 alere
1079 772 1183 852 possit,
1193 771 1292 835 sobe

61 849 227 930 exemplaria
247 853 311 918 iteri
334 876 392 918 non
416 855 524 938 potuit.
548 855 650 938 Neque
690 859 1091 937 leemosynaruntpraetextu
1103 875 1225 935 magnas
1236 877 1292 918 un·

61 926 271 1000 iluirammedes
285 937 346 1002 ullo
358 941 498 1004 inclaruit
509 939 649 1004 raticinio
690 940 780 1022 dique
794 941 912 1018 collegit
930 957 1074 1002 summas
1088 938 1130 1001 Ne
1149 941 1289 1003 christia·

61 1033 120 1078 ase
137 1021 265 1100 prolato,
286 1024 372 1086 cuius
390 1026 497 1089 veritas
524 1025 648 1088 histori-
690 1041 744 1084 nos
758 1021 933 1098 offenderet,
951 1019 1087 1084 maximis
1099 1023 1244 1112 Christum
1260 1038 1290 1089 et

61 1115 112 1176 oa,
131 1101 338 1186 philosophica
361 1117 390 1172 et
416 1109 541 1172 relativa
568 1096 648 1172 certo
689 1106 844 1188 Apostolos
859 1099 1290 1186 nominibusinsignirit,ete·

60 1193 170 1249 constet.
188 1187 328 1252 Toumrit
342 1193 461 1273 quidem
475 1194 648 1275 praedicere
688 1191 775 1270 logiis
792 1189 1019 1268 condecoravit,
1046 1207 1081 1254 ae
1099 1191 1290 1276 praescripsit

59 1265 109 1328 lata
125 1275 185 1332 tum
205 1291 281 1352 sua,
305 1283 367 1337 tum
385 1296 524 1356 suorum;
545 1294 646 1339 rerum
688 1291 765 1356 quae
779 1291 869 1358 scopo
884 1291 938 1338 suu
953 1276 1080 1338 maxime
1096 1281 1224 1358 prolicua
1241 1290 1289 1342 ab

60 1361 167 1416 eventus
181 1357 438 1437 praedictionibus
450 1381 648 1444 non-respon·
685 1359 854 1421 biltabttttt
865 1367 958 1431 etta:
972 1359 1082 1442 (1¹15th
1094 1359 1159 1424 titii
1177 1369 1284 1444 Ptitti,

59 1433 163 1500 derunt.
183 1439 376 1506 Praedixerat
398 1444 497 1524 enim,
516 1453 549 1507 'se
567 1465 647 1508 sern-
686 1440 1288 1521 Muharnmedemutedoeminatis,orien'²-

57 1535 103 1598 pet
114 1521 250 1586 illaesum
269 1525 308 1587 ab
328 1525 499 1592 hominibus
514 1531 590 1606 sore3
607 1565 645 1576 -
681 1527 796 1589 'talibus
806 1529 1024 1604 adscriberetur,
1034 1527 1228 1610 poiygami'ttllt
1238 1541 1288 1594 *sai

58 1608 200 1670 etcertum
225 1618 293 1686 est,
324 1613 441 1675 eumin
462 1610 540 1676 bello
559 1628 647 1696 saepe
686 1611 814 1693 anaplum
830 1612 1040 1674 introduxisse.
1061 1611 1186 1676 Domum
1201 1613 1286 1678 irau-

57 1687 257 1769 rulneralnm,
278 1699 308 1756 et
331 1713 446 1758 veneno
462 1716 517 1778 per
533 1717 646 1760 concu-
686 1695 786 1774 dibus,
805 1695 895 1758 minis
910 1705 1062 1758 etlerrore
1076 1696 1164 1774 gladii
1176 1699 1287 1778 ‘religio

57 1765 146 1834 binam
166 1775 269 1838 oblato
285 1788 434 1842 mortuum
453 1800 528 1844 esse.
554 1781 646 1843 Prae·
687 1779 940 1842 muhammedana
956 1781 1205 1862 propagatalnit.
1225 1783 1286 1848 Ne·

57 1851 157 1919 dixerat
170 1877 293 1942 quoqne
310 1881 431 1926 snorum
450 1874 512 1928 tum
525 1884 647 1927 concor·
686 1880 743 1946 que
760 1863 837 1926 mira
849 1873 893 1926 est
907 1863 1006 1926 latens
1021 1863 1176 1928 Saracenis
1192 1868 1286 1932 lonn-

57 1935 214 2006 diarninter
228 1963 273 2021 se,
293 1953 354 2008 tum
375 1963 521 2029 perennes
538 1950 575 2012 de
588 1948 645 2012 bo·
686 1961 724 2010 na
741 1947 771 2009 in
791 1947 887 2025 bello,
908 1967 975 2010 oum
1000 1948 1052 2026 bi,
1071 1947 1285 2015 Multamutedis

56 2021 140 2086 stibus
155 2025 309 2107 victorias;
329 2040 374 2092 ast
390 2034 479 2114 paulo
497 2039 563 2114 post
580 2031 645 2094 Mu·
685 2031 950 2113 pollicitationibus
972 2033 1107 2114 decepti,
1127 2037 1284 2099 ma'rinram

56 2099 210 2173 lamuelis
236 2123 360 2176 mortem
386 2115 545 2180 lslamismi
562 2135 645 2179 asse·
684 2117 822 2178 'virtutem
840 2116 873 2177 itt
897 2117 1056 2198 pugnando
1076 2119 1282 2198 ostenderint,

57 2188 423 2277 claeinsectasabierunl,
439 2218 645 2280 necrarogra·
680 2199 810 2263 Romani
828 2209 928 2263 autem
951 2210 980 2263 at
1004 2197 1113 2264 Persae
1135 2203 1284 2267 diuturnis

58 2270 180 2340 rissinras
198 2279 300 2343 clades
317 2284 448 2364 perpessi
464 2296 544 2348 sunt.
561 2282 643 2347 Non·
683 2285 770 2348 bellis
788 2285 846 2346 lam
866 2286 1030 2364 defatigati,
1045 2293 1075 2347 et
1095 2287 1156 2348 lere
1174 2289 1284 2351 exhau-

57 2357 643 2452 nulla,quaeilubammedespraedirisse
683 2366 1285 2448 sliiuissent.Cumergoreiigioliobam·

57 2437 155 2521 lertur,
168 2455 197 2508 et
209 2463 288 2529 quae
303 2458 370 2513 actu
389 2453 587 2532 contigerunt,
602 2463 644 2514 la·
683 2454 777 2516 merlis
792 2464 853 2515 turn
869 2453 1012 2530 internis,
1027 2463 1087 2519 tum
1099 2455 1227 2518 externis
1237 2471 1286 2519 re·
1321 2507 1330 2526 .

57 2519 91 2582 lia
101 2536 176 2608 sunt,
192 2540 227 2594 ut
241 2534 368 2596 naturali
382 2539 540 2615 sagacitate
554 2555 643 2619 prae·
681 2535 837 2600 velationis
847 2535 1069 2600 characteribus
1079 2535 1219 2601 destituta
1231 2541 1282 2619 sit,

59 2605 138 2703 rideri
154 2616 320 2695 potuerint,
339 2619 382 2680 uti
398 2632 442 2682 est
464 2621 550 2696 illud,
564 2621 642 2704 quod
679 2621 788 2692 ¹merito
804 2630 837 2683 ut
850 2623 925 2684 ialsa
943 2619 1144 2706 reiioltur(l);
1206 2663 1209 2674 ·

60 2687 130 2784 duit,
152 2695 314 2763 Chosroim
334 2703 527 2786 aliqnandoa
549 2703 642 2768 Grae·
723 2708 810 2771 Noto.
832 2703 990 2768 islamismi
1006 2705 1282 2788 tristoriarnprolire

58 2789 94 2835 tls
108 2773 275 2866 (Romanis)
293 2789 492 2868 superandum
509 2808 585 2852 esse.
609 2787 642 2871 ti)
682 2789 801 2852 exbibet
815 2787 858 2852 Cl.
873 2789 959 2852 rrtc.
973 2791 1008 2851 de
1021 2787 1172 2870 lierni),
1186 2791 1237 2870 qui
1252 2805 1284 2852 e·

57 2851 643 2950 ipsaetianrcelerisrellgionisnrulram-
680 2876 778 2952 gregia
805 2874 898 2950 dicit,
922 2873 952 2935 in
976 2871 1281 2938 iluhammedanisnro

59 2943 187 3034 pledanae
198 2955 372 3048 propagatio
385 2975 438 3037 pro
450 2955 584 3040 eiusdem
596 2975 644 3020 re-
678 2955 784 3020 baberi
793 2957 972 3040 Prophetatu
984 2957 1048 3019 sine
1061 2957 1282 3033 miraculato-

36 3053 39 3063 =
56 3033 129 3091 ritate
140 3051 175 3094 ne
189 3023 343 3100 mimirum
357 3040 476 3122 quidem
491 3039 643 3122 probatio·
680 3058 776 3124 eoque
793 3042 858 3104 sine
876 3039 1057 3120 argumentis
1073 3055 1145 3102 suae
1160 3040 1281 3103 missin·

55 3123 113 3201 nent
127 3115 224 3195 affert,
241 3138 308 3182 cum
328 3124 399 3186 s'alis
417 3125 503 3186 facile
518 3135 641 3186 natura·
681 3125 739 3202 nis,
758 3125 941 3206 Religionem
961 3125 1026 3186 siue
1041 3124 1175 3186 articulis
1198 3123 1279 3204 lldei,

54 3187 112 3254 lrlcr
132 3203 273 3282 explicari
296 3209 399 3285 possit.
431 3205 535 3288 iliagna
561 3208 640 3270 enim
678 3212 744 3274 sine
763 3207 930 3291 mysteriis,
954 3207 1019 3270 siue
1037 3207 1195 3284 sacriticio,
1213 3211 1281 3273 siue

54 3281 199 3354 sagacilate
219 3297 402 3368 praetentam
429 3291 582 3372 religionis
606 3311 639 3356 e·
678 3294 897 3370 sacramentis,
921 3292 1085 3354 doctrinam
1114 3295 1278 3373 moralem,

55 3364 262 3434 mandationem
286 3373 328 3437 sic
354 3377 522 3438 'construxit
531 3425 543 3456 ,
568 3386 641 3440 uta
680 3394 756 3459 qtrae
767 3378 955 3462 passionibus
966 3375 1279 3456 indulgel,·libidinem

54 3441 177 3520 plurimis
194 3453 324 3519 libenter
340 3460 533 3540 reciperetur.
553 3457 638 3538 Nato,
680 3465 788 3544 explet,
802 3457 959 3539 vindictam
971 3471 1125 3524 cruetrtam
1137 3463 1282 3544 approbat

54 3533 81 3586 tl
100 3544 160 3609 post
176 3537 299 3621 litarasr.
317 3543 474 3608 Pridenrra
493 3543 536 3608 tt.
556 3543 581 3610 l.
603 3547 637 3610 L.
680 3554 787 3610 eto'et
805 3547 937 3624 coelum,
957 3563 975 3607 a
999 3565 1057 3628 quo
1082 3565 1165 3610 mens
1185 3545 1279 3610 laone-

53 3607 480 3692 troo-coenaellutammeoe
492 3630 638 3693 observat:
680 3637 724 3692 sta
742 3639 772 3692 et
786 3631 893 3713 pudica
911 3631 1053 3692 abhorret
1065 3629 1280 3712 (diff-Egre-

55 3693 118 3761 tlie
135 3719 231 3768 rernrn
246 3707 445 3788 gerendarum
464 3717 572 3778 nervus
586 3709 639 3778 de·
670 3713 755 3800 giam
777 3727 895 3796 quoque
917 3699 960 3777 Cl.
981 3715 1136 3796 'liobmagr
1156 3713 1279 3794 oonrpa'·

54 3773 153 3861 iceret,
174 3789 299 3854 diuitem
323 3795 471 3876 quendam
492 3805 640 3862 mercato·
679 3801 824 3862 rationem
845 3799 971 3861 instituit
989 3795 1279 3869 dicenszrlesusre-

54 3873 108 3960 itm
124 3867 152 3930 in
169 3885 266 3956 parles
281 3897 350 3942 suas
368 3881 513 3944 traltebat.
533 3879 571 3945 Ut
588 3881 640 3946 lu·
673 3888 767 3962 'gnum
787 3878 1278 3966 morale,itlulrammedespolitl-

55 3941 124 4011 tineis
141 3957 279 4038 placeret,
299 3963 526 4027 christianorum
544 3963 640 4028 Triui-
679 3967 903 4046 co·religiosutn
925 3967 1063 4030 instituit.
1083 3961 1280 4044 iesus'loqui·

55 4030 132 4124 totam
151 4042 265 4122 reiecit,
285 4048 364 4126 qnod
383 4049 554 4111 ct'drinnis
573 4050 649 4130 pla-¹
680 4059 727 4113 tur
744 4053 780 4112 ad
799 4052 943 4114 rationem
964 4061 993 4114 et
1011 4051 1047 4111 ad
1064 4068 1127 4125 cor,
1141 4048 1277 4126 Multum·

54 4123 115 4192 curt,
130 4121 578 4214 circunrcisionemque‘illorum
592 4150 640 4198 rc·
678 4135 779 4219 medes
795 4135 832 4198 ad
844 4137 1066 4210 sensualitatem
1083 4142 1112 4194 at
1129 4133 1278 4216 adplran·

78 4243 104 4304 μ)
117 4251 147 4300 ⁶¹·
158 4258 228 4308 wrou
244 4263 261 4310 t·
277 4263 303 4322 ll
318 4257 338 4324 t.
354 4261 453 4312 mtto
468 4267 491 4312 ct
505 4263 527 4326 t.
542 4265 594 4330 att,
609 4280 638 4316 aa
707 4266 738 4328 (a)
751 4235 869 4316 osulfo.
882 4268 929 4330 ner,
939 4266 953 4313 r.
965 4265 1017 4311 cnr.
1030 4235 1278 4322 von-stornatum.

53 4293 520 4404 'depugnaturo-tootuu*-
570 4385 576 4396 ,
644 4325 933 4398 ¹tractationis-³
980 4323 1266 4406 tart-eausam.
