2930 4736
472 231 546 275 rans
561 231 605 276 nr.
625 231 727 277 succro
742 233 774 277 ιι.
791 231 885 280 orror
898 235 943 280 ιιι.
1221 217 1284 281 did

81 308 191 388 gessit.
203 306 291 370 llam:
301 309 463 390 Ecerpens
473 313 621 376 Petrusirr
631 329 690 374 me·
728 310 959 394 Hierosolymam
978 312 1070 389 venit,
1091 323 1123 376 ut
1142 313 1255 376 rideret
1271 312 1326 378 Pe·

83 395 138 456 dis
154 393 287 472 frarem
305 394 472 456 electionem
487 395 534 476 (1)
550 395 618 458 novi
636 415 688 477 pro
731 404 818 472 trum,
837 396 913 478 apud
929 415 1015 478 quem
1035 397 1140 459 diebus
1154 398 1325 480 quindecim

81 477 161 540 Iuda
179 476 313 557 Apostoli
332 477 412 540 iusta
431 479 640 560 prophetarum
657 499 689 542 o·
729 479 838 542 mansit
862 479 942 562 (tt).
967 479 1030 542 lma
1048 483 1179 542 secunda
1202 483 1265 544 rica
1290 502 1325 545 a·

82 561 191 622 nacula
220 561 337 624 indixit.
364 591 407 608 --
431 561 501 626 Post
528 563 688 628 aduentum
728 563 843 625 scendit
869 563 1123 645 Hierosolymam,
1149 573 1178 626 et
1201 567 1327 628 contulit

81 643 215 725 Spiritus
231 643 262 706 S.
281 654 366 708 atone
383 646 490 710 Petrus
505 665 575 710 com
590 649 688 711 uode·
728 666 796 709 cum
814 647 873 710 illis
891 647 991 729 (Petro
1009 655 1039 710 et
1055 647 1216 729 Apostolis)
1232 649 1327 710 Eran-

80 731 145 794 ct'm
163 729 267 792 lecoor't
284 747 381 792 vocem
401 748 487 793 auom
509 732 576 812 (d),
599 730 687 795 Cirri-
727 732 856 809 getium,
873 731 952 813 quod
970 732 1149 814 praedicarit
1172 731 1202 792 in
1220 729 1325 794 Genti-

81 823 167 875 stum
186 812 385 886 annuntiavit,
404 822 434 874 et
455 816 609 878 credentes
631 816 687 878 ba·
728 814 784 877 bus
800 849 843 862 -
856 849 897 862 ···-
913 833 951 878 ne
967 817 1041 878 iorte
1058 816 1090 876 in
1107 833 1232 876 vacnum
1252 834 1325 876 rur-

81 897 191 978 ptizari
211 897 308 958 iussit.
324 931 367 943 -
384 893 460 960 Post¹
472 909 621 979 patratum
637 900 686 962 in·
727 907 807 960 reret
818 907 870 961 aut
882 883 1189 980 cucurrisset(l3);et
1200 899 1326 962 inferius

80 981 171 1059 signe
186 979 361 1043 miraculum
376 982 412 1043 ad
448 985 568 1064 opetum
583 983 688 1064 (3)‚-
727 982 828 1045 addit:
854 984 929 1047 Cam
952 985 1150 1065 copooutosmr
1175 984 1324 1064 prolium,

82 1074 117 1128 et
139 1065 272 1145 repletus
291 1063 404 1147 Spiritu
423 1001 453 1128 ξ.
474 1067 510 1128 ad
537 1067 687 1149 principes
726 1083 800 1144 puae
817 1069 888 1130 doto
907 1075 947 1130 est
965 1069 1050 1143 milri,
1070 1067 1201 1142 localem,
1221 1074 1246 1128 et
1268 1067 1325 1130 Go-

62 1180 65 1188 ·
81 1150 190 1230 populi
203 1151 684 1228 etsenieresgraremsermonem
722 1151 808 1228 pios,
823 1159 849 1212 et
867 1151 1003 1228 imanes,
1020 1152 1072 1231 poi
1084 1151 1263 1214 ometoorar
1275 1168 1325 1214 co·

81 1233 250 1314 lrabetli).
263 1267 305 1280 «-
315 1232 421 1296 Petrus
431 1235 576 1295 Ananiam
594 1245 623 1296 et
634 1234 687 1297 Sa·
726 1234 846 1296 lomnoa
859 1252 928 1310 ease,
945 1236 1080 1299 desieras
1095 1235 1239 1298 mimum
1252 1236 1327 1299 midi

81 1318 204 1400 phiram
215 1317 625 1398 grauissimereprelrenditet
635 1337 688 1400 pu·
726 1327 752 1382 et
777 1319 936 1382 Boroolroe
962 1321 1105 1384 societatis
1116 1341 1131 1393 ,·
1155 1326 1187 1381 at
1213 1337 1267 1380 noa
1290 1320 1325 1382 io

81 1402 142 1477 nit,
160 1402 231 1482 qnia
248 1402 393 1463 nefariam
414 1403 687 1474 fraudemcommi-
725 1409 835 1482 pontes,
862 1403 918 1481 ipsi
941 1413 1040 1466 orclem
1062 1405 1096 1466 io
1122 1402 1324 1465 circmociaia·

80 1494 188 1548 serant
200 1484 260 1566 (5).
274 1519 315 1532 -
329 1485 433 1548 Petrus
451 1484 607 1548 Simonem
619 1507 685 1549 ma·-
725 1505 808 1560 oem;
825 1486 942 1548 iontem
959 1496 992 1550 ot
1004 1505 1170 1568 nortpertum
1184 1503 1325 1550 memores

80 1589 169 1648 gum,
188 1569 239 1650 qni
260 1584 313 1648 per
335 1569 491 1650 pecuniam
511 1589 623 1633 sacram
642 1571 684 1634 A·
725 1587 850 1632 essemus
870 1580 927 1632 etc.
943 1570 1023 1652 (tt).
1044 1571 1160 1653 Cophas
1177 1589 1258 1656 efge,
1271 1589 1326 1632 seu

80 1653 271 1734 postolorurn
291 1663 465 1733 potestatem
486 1651 685 1736 sibi'compa-
726 1653 829 1716 Petrus
847 1653 1039 1716 curn'lacobo
1058 1665 1088 1717 et
1109 1654 1218 1716 loanne
1240 1653 1326 1716 Pauli

80 1755 152 1798 rare
167 1737 271 1812 uoluit,
287 1737 412 1813 indicat,
428 1738 577 1817 redarguit
592 1749 622 1802 et
636 1739 687 1802 da·
726 1737 975 1818 praedicationem
995 1738 1178 1820 approbarit,
1200 1737 1323 1815 adiurit,

81 1831 169 1882 uruat
188 1822 248 1900 (6).
267 1853 310 1866 -
325 1821 432 1883 Petrus
451 1823 603 1885 universos
618 1843 686 1886 coe·
726 1822 824 1882 locum
839 1837 893 1902 pro
908 1841 943 1883 ea
956 1822 1177 1899 determinavit,
1193 1830 1223 1883 et
1237 1841 1325 1884 man-

82 1913 134 1966 tes
153 1904 183 1966 in
201 1904 331 1979 iudaea,
350 1903 480 1968 Galilaea
499 1915 528 1968 et
551 1904 686 1970 Samaria
726 1906 827 1967 datum
846 1905 883 1966 de
902 1906 1083 1987 pauperibus
1099 1905 1206 1968 adiecit
1221 1906 1301 1986 (15).

81 1989 249 2070 pertransit
266 1989 313 2068 (l)
337 1998 476 2069 tanquam
497 1990 683 2071 imperator,
767 1991 856 2053 Nato.
877 1989 918 2052 Ex
944 1989 1051 2052 iisdem
1076 1987 1106 2052 S.
1133 1989 1252 2051 Litteris
1269 1989 1325 2050 ad-

81 2073 128 2136 uti
153 2073 185 2138 S.
213 2073 435 2152 cmpeouomoo
459 2075 507 2154 (8)
530 2075 684 2153 obsecrat,
726 2074 848 2135 versarii
876 2073 945 2135 talia
970 2073 1144 2154 proferunt,
1163 2092 1240 2154 quae
1260 2072 1324 2154 pri-

80 2175 154 2219 snas
170 2157 273 2236 copias
290 2174 459 2219 recensens.
476 2157 582 2221 Habita
597 2159 687 2222 risio·
727 2157 818 2219 malni
834 2157 981 2219 adversari
996 2157 1143 2235 ridentur,
1157 2166 1246 2239 atque
1257 2158 1325 2221 ideo

80 2259 122 2303 ne
134 2241 292 2321 comperit,
306 2241 394 2302 etiarn
405 2239 535 2304 Gentiles
546 2242 583 2304 ad
597 2244 684 2306 fidem
726 2242 926 2305 declaratione
945 2241 1104 2319 indigent»

81 2324 277 2388 clrristiananr
293 2325 494 2388 admittendos
507 2345 583 2403 esse,
599 2336 628 2390 et
643 2328 688 2390 id·
769 2325 834 2390 ott.
857 2325 960 2388 idel.
971 2324 1034 2387 lllll
1044 2325 1161 2405 legitur,
1169 2325 1326 2406 Apostolos

82 2428 119 2472 eo
139 2410 203 2489 ipse
220 2407 389 2471 Cornelrurn
409 2428 476 2470 cum
493 2410 559 2472 aliis
578 2409 682 2474 Genti·
723 2407 842 2472 'misisse
861 2409 982 2472 Petrum
1008 2417 1038 2472 et
1059 2409 1198 2472 loannem
1219 2407 1325 2472 Sarna·

80 2493 164 2554 libus
179 2493 329 2554 Ecclesiae
344 2494 471 2554 associat
486 2495 543 2573 (9).
557 2494 633 2558 llunr
647 2496 684 2558 ab
725 2495 813 2570 riam3
829 2513 906 2575 quae
924 2494 1031 2572 agendi
1047 2496 1122 2556 ratio
1139 2493 1257 2556 Petrum
1274 2513 1327 2574 po·

82 2575 203 2638 llerode
221 2575 325 2638 Petrus
340 2576 371 2637 in
386 2595 503 2639 carcere
522 2577 683 2656 detinetur,
725 2577 784 2638 tius
808 2578 1001 2655 interiorem,
1026 2598 1116 2660 quarn
1140 2578 1325 2659 superiorem

81 2662 181 2723 oratio
208 2661 295 2740 fiebat
320 2662 388 2722 aiae
413 2662 629 2726 imtemm'sriorre
649 2665 686 2727 olr
726 2661 868 2723 ostendit.

79 2744 213 2809 Ecclesia
223 2746 263 2807 od
274 2746 366 2807 licam
373 2761 431 2824 pro
443 2746 563 2826 eo(ttl).
574 2745 606 2808 lrr
614 2767 686 2809 con·
766 2746 853 2825 llesp.
875 2744 981 2807 Petrus
1001 2763 1068 2806 oum
1088 2743 1198 2806 loanne
1217 2743 1326 2806 missus

83 2828 154 2889 cilio
166 2827 432 2908 Hierosolymitano
445 2847 569 2907 surgens
581 2829 686 2893 Petrus
725 2838 769 2889 est
786 2826 949 2890 Samariam
965 2828 1002 2890 ab
1020 2829 1087 2890 aliis
1100 2827 1250 2909 Apostolis
1265 2846 1325 2890 nou

81 2929 254 2974 sermonem
275 2912 375 2987 lralret,
392 2914 598 2993 pertractanda
613 2933 685 2995 pro·
726 2911 868 2973 missione
896 2913 1103 2986 auctoritatis,
1126 2917 1160 2972 ut
1188 2910 1324 2986 inferior,

81 2995 188 3076 penit,
208 3005 237 3057 et
262 2997 376 3078 primus
397 2998 573 3060 seutentiam
599 3017 684 3060 suam
725 2996 778 3058 sed
797 2996 938 3058 missione
963 2994 1100 3070 consilii,
1123 2994 1272 3056 suasionis
1290 3012 1326 3056 ac

81 3079 174 3142 edicit
191 3079 271 3159 (ll).·
291 3113 333 3127 -
350 3079 429 3142 Haec
458 3082 560 3142 omnia
582 3091 685 3144 osten·
726 3081 833 3160 precis,
852 3089 885 3141 nt
903 3088 993 3161 caput
1013 3087 1043 3141 et
1062 3079 1182 3159 primas.
1207 3075 1326 3139 Scilicet

82 3163 179 3240 dunt,
197 3163 316 3226 Petrum
342 3183 460 3246 semper
477 3173 511 3227 ut
528 3166 684 3246 primatem
725 3164 827 3226 eadem
840 3164 954 3226 ratione
967 3163 1075 3224 nrissus
1089 3171 1133 3224 est
1146 3159 1324 3240 Samariam,

81 3250 271 3326 secessisse,
289 3259 319 3311 et
337 3267 404 3311 curn
428 3249 578 3330 prioribus
596 3268 685 3329 argu·
726 3267 784 3329 qna
808 3247 936 3310 Plrinees
961 3255 992 3308 et
1017 3246 1168 3326 Principes
1192 3246 1325 3308 tribuum

82 3331 195 3394 mentis
220 3334 379 3395 coniuncta
404 3353 465 3396 non
488 3342 591 3416 parum
611 3353 686 3396 con·
726 3332 807 3393 carissi
826 3340 896 3394 sunt
913 3332 951 3393 ab
969 3330 1110 3392 israelitis
1123 3330 1204 3409 (td),
1221 3331 1326 3392 etlin-

80 3414 184 3477 terum
198 3417 233 3477 ad
254 3417 481 3479 eminentiorem
500 3417 580 3480 Petri
599 3429 684 3499 pote-
727 3415 853 3478 tioclriae
871 3416 973 3477 tideles
991 3415 1136 3476 miserunt
1153 3413 1277 3476 Paulum
1297 3421 1327 3476 et

80 3506 189 3561 statem
213 3502 458 3564 confirmandam.
477 3535 519 3550 -
535 3501 597 3564 lrno
617 3503 685 3565 licet
725 3499 890 3562 Barnabarn
915 3499 951 3560 ad
976 3498 1175 3560 consulendos
1196 3499 1327 3580 Aposto-

79 3582 215 3664 Apnstoli
235 3595 321 3646 antea
337 3585 416 3648 circa
434 3587 594 3667 primatum
612 3605 686 3650 con·
725 3585 769 3646 los
787 3584 868 3664 (ll).
892 3581 968 3655 Quia
986 3582 1127 3644 nimirum
1147 3580 1327 3645 Samaritani

3 3729 5 3736 ,
82 3667 233 3730 tentiones
261 3669 441 3744 tabuerint,
469 3679 600 3732 attamen
630 3689 686 3732 nec
726 3668 755 3729 in
785 3685 902 3728 summo
932 3667 1126 3729 versabantur
1153 3665 1326 3729 discrimine

79 3751 206 3814 uerbum
230 3752 350 3830 legitur,
369 3754 447 3834 qnod
470 3762 537 3835 post
559 3753 686 3836 Spiritus
725 3752 764 3813 ob
778 3749 907 3812 Simonis
921 3751 998 3829 magi
1014 3751 1200 3834 praestigias,
1213 3748 1324 3810 idcirco

80 3831 115 3898 S.
135 3835 292 3898 adrentum
309 3837 429 3899 Petrum
447 3839 485 3900 ob
499 3840 683 3919 praedictum
725 3834 887 3898 Samariam
908 3835 990 3898 missi
1009 3843 1080 3897 sant
1099 3835 1196 3917 praeci
1221 3831 1251 3892 ui
1275 3831 1325 3891 in·

80 3917 205 3980 modurn
223 3921 329 3998 egendi
348 3921 614 4003 reprehenderint,
633 3925 683 3984 sed
727 3929 771 3982 ter
783 3919 941 4001 Apostolos
958 3919 995 3982 ad
1014 3920 1177 3997 detegenda
1195 3853 1326 4010 giroenis

80 4003 185 4084 potius
204 4015 331 4082 constat,
352 4005 430 4084 qu'od
451 4024 518 4067 eum
539 4006 568 4067 in
591 4007 685 4068 inani·
726 4005 965 4081 incantamenta,
984 4011 1073 4083 atque
1095 4002 1132 4063 ad
1157 3999 1326 4080 impedien-

76 4105 131 4149 mo
162 4086 275 4151 lronore
303 4087 472 4152 lrahueriot.
501 4087 550 4154 Sic
575 4086 686 4152 Paulus
726 4089 792 4150 dam
814 4086 1069 4152 Seruaritanorum
1090 4085 1308 4146 seductionem.

124 4186 284 4246 litet·l‚l5.
330 4188 503 4248 attici-ml.
548 4187 672 4247 (diecti.
757 4188 945 4248 (tirocinia
1071 4181 1246 4242 (tardaret.

125 4247 145 4294 tr
157 4249 206 4293 tot.
218 4249 238 4299 t.
249 4247 317 4295 ttetc.
332 4248 364 4303 (ὅ)
377 4250 425 4294 ttct.
436 4249 458 4294 l.
547 4249 579 4306 tet
592 4250 639 4295 tot.
650 4249 672 4294 8.
758 4247 803 4308 (11)
816 4248 875 4294 ttrre.
884 4259 906 4291 v.
917 4251 931 4292 a
941 4247 964 4292 et
977 4245 1010 4290 to.

135 4305 287 4363 ricimiri.
333 4306 435 4366 titillare
457 4305 585 4355 2llrrtol.
758 4309 804 4367 (13)
819 4307 993 4363 llolrmaprl.o.
1068 4299 1313 4364 (retransmitte.

110 4365 252 4429 littetltl.
335 4366 381 4427 (111)
395 4367 492 4414 Aetli·
532 4369 641 4434 tj-..lldnt
652 4368 690 4418 111.
758 4364 946 4428 istim-{522
