2918 4734
201 179 280 270 120,
374 169 384 190 ‘
551 241 586 270 a,
614 191 802 241 monacus
821 189 1010 250 ammaus,

155 281 238 353 runt,
257 264 414 357 proximis,
430 269 575 349 scientia,
602 271 759 354 dignitate,
799 279 962 334 astantem
978 269 1106 348 amendi,
1128 270 1238 334 librom
1260 289 1326 334 esse
1343 270 1405 337 lide

177 357 266 422 letale
289 369 319 422 et
341 359 496 438 religionis
513 356 613 420 studio
630 356 759 436 insigni·
799 355 935 436 dignum,
951 355 1037 417 cuius
1052 365 1156 418 auctor
1170 355 1311 432 nescitur,
1330 375 1403 420 cum

155 377 224 520 lus,
241 461 368 525 qaorum
383 443 414 506 in
429 441 579 504 narrando
598 440 758 503 candorem
796 439 835 502 de
853 438 942 502 baius
959 438 1065 500 notitia
1077 447 1106 500 et
1120 439 1229 522 pietate
1243 441 1404 504 nullacer-

155 535 186 588 ct
202 526 361 606 ingenuom
380 525 601 608 simplicitatem
615 543 676 588 uon
691 543 758 606 pos·
796 523 892 590 titudo
910 522 1013 586 baberi
1032 531 1132 604 queat.

154 627 257 673 sumus
284 611 358 674 satis
380 609 534 674 admirari.
565 607 641 672 lliuc
665 606 754 670 otiam
836 607 924 688 licap.
943 604 975 668 Si
993 606 1080 668 nobis
1094 614 1228 670 auctores
1239 607 1401 670 nonnullo-

154 700 215 756 tata
232 713 305 774 gens
322 693 462 771 hebraea,
481 711 559 775 quac
574 692 755 772 scriptorum
794 711 860 756 rum
872 691 1015 753 librorum
1028 689 1064 752 V.
1079 690 1113 754 Τ.
1129 691 1222 770 ignoti
1235 701 1316 770 sunt,
1329 693 1400 756 abs-

155 779 289 841 notitiam
312 786 342 842 et
360 778 537 860 probitatem
556 794 644 838 nosse
660 775 755 838 debe·
794 795 853 858 que
870 774 961 838 dubia
977 773 1078 835 ludaei
1096 785 1309 854 coguoverunt,
1323 776 1400 840 istos

154 863 216 939 bat,
235 863 353 926 illorum
366 860 528 924 narrationi
541 860 659 940 plenam
672 877 755 922 sem·
793 877 914 941 (proque
924 857 1017 920 libms
1031 858 1129 920 oriris
1140 859 1274 922 doctriua
1286 868 1317 922 et
1327 861 1396 940 pie·

155 966 207 1027 per
219 948 308 1010 lidem
322 946 471 1029 praebuit.
486 944 574 1008 Facta
585 963 672 1024 porro
687 961 756 1004 nar·
794 951 854 1006 tate
868 941 1048 1024 conspicuis,
1062 951 1151 1023 atque
1164 943 1230 1005 ideo
1241 943 1323 1006 omni
1336 945 1398 1008 lida

154 1039 217 1093 rata
232 1051 299 1094 cum
317 1031 433 1094 ratione
448 1027 604 1110 temporis,
616 1045 683 1088 cum
702 1045 754 1088 sc·
792 1027 890 1106 dignis
907 1028 1089 1107 conscriptus
1109 1045 1185 1090 esse.
1205 1026 1264 1090 Nec
1283 1028 1396 1090 mirum

154 1113 197 1176 rie
211 1123 383 1188 eventuum,
396 1121 504 1174 etcum
519 1110 753 1193 llistoricispro-
792 1121 850 1190 est,
872 1110 952 1194 quod
968 1111 1088 1192 quidam
1107 1111 1176 1174 libri
1196 1132 1255 1174 non
1270 1115 1396 1192 speciali

155 1199 230 1260 lanis
247 1198 345 1280 quoad
366 1195 562 1258 substantiam
588 1195 662 1256 mire
679 1215 753 1257 can·
792 1197 911 1260 cuidam
935 1196 1050 1257 auctori
1074 1196 1300 1274 adscribantur,
1324 1216 1396 1260 oum

152 1283 286 1345 ueniunt.
301 1317 344 1328 -
357 1279 436 1342 llaec
449 1287 623 1360 argumenta
645 1280 754 1342 verita·
792 1281 972 1363 quandoque
986 1280 1017 1341 in
1028 1279 1230 1343 elucubrando
1242 1282 1317 1344 libro
1327 1285 1397 1363 plu·

153 1374 211 1428 tem
236 1365 378 1428 librorum
401 1363 607 1428 bbtaricorum
628 1364 700 1426 satis
718 1383 753 1428 e·
793 1385 840 1432 res
853 1365 920 1441 viri,
933 1361 1045 1446 Spiritu
1062 1364 1161 1427 divino
1173 1365 1252 1450 pleni
1271 1366 1398 1429 labora-

153 1451 284 1512 cincunt.
300 1446 570 1510 lleritaslibrorum
588 1449 753 1530 sapientia·
793 1449 898 1512 verint.
924 1449 1009 1530 Apud
1031 1447 1181 1512 llebraeos
1199 1451 1297 1527 enirn,
1316 1451 1399 1515 sicut

153 1535 227 1596 liam
245 1533 293 1594 bio
310 1531 463 1630 speciatim
482 1531 610 1613 probare
631 1551 753 1596 necesse
792 1543 821 1598 et
839 1534 916 1614 apud
936 1533 1011 1594 alias
1031 1543 1134 1612 gentes
1160 1541 1226 1595 acta
1246 1554 1345 1597 annua
1365 1547 1398 1598 ct

153 1635 212 1678 non
234 1626 298 1696 est;
322 1636 353 1680 m
372 1615 436 1679 istis
454 1616 534 1680 enim
556 1615 641 1678 libris
664 1635 753 1700 prae·
791 1618 898 1680 diurna
917 1617 948 1679 ia
966 1617 1080 1679 litteras
1097 1617 1323 1698 diligentissime
1339 1638 1397 1682 re-

152 1702 230 1763 clara
248 1701 392 1764 contineri
403 1700 593 1777 documenta,
607 1701 664 1782 ipsi
674 1720 752 1782 quo·
791 1703 850 1764 lata
871 1711 952 1764 sunt.
979 1699 1128 1781 Imprimis
1152 1702 1267 1766 ludices
1289 1723 1309 1765 a
1330 1703 1397 1767 Deo

152 1803 208 1866 que
227 1784 399 1867 Philosophi
421 1804 481 1846 non
498 1784 670 1847 diffiteatur.
691 1785 752 1848 Ve-
791 1786 956 1861 constituti,
971 1796 1000 1848 et
1011 1783 1175 1866 Prophetae
1187 1785 1298 1868 Spiritu
1313 1787 1397 1849 divi-

152 1869 224 1932 ritas
241 1869 470 1950 Proplaiaram
496 1887 532 1932 ex
557 1866 622 1952 ipso
646 1879 752 1932 euentu
791 1890 830 1932 no
847 1869 965 1952 repleti,
979 1869 1011 1931 id
1021 1869 1080 1932 sibi
1093 1871 1244 1950 negotium
1258 1891 1398 1952 sumpse·

152 1971 205 2015 suo
223 1953 288 2016 loco
309 1951 493 2034 probabitur.
790 1964 872 2030 runt,
889 1963 921 2016 ut
938 1973 986 2016 res
1003 1954 1108 2016 aetatis
1121 1974 1193 2016 suae
1207 1956 1396 2018 memorabi-

190 2033 750 2114 Nota.lncredulisioutl'entateuclri‚
791 2040 833 2102 les
856 2039 963 2101 litteris
981 2039 1198 2116 consignarent.
1229 2037 1316 2101 Varia
1336 2041 1397 2102 ba·
1446 2109 1447 2112 Ἴ

152 2120 193 2182 ita
207 2120 296 2184 etiam
316 2121 498 2203 reliquorum
510 2118 653 2182 libromm
665 2117 701 2182 v.
714 2119 751 2184 Τ.
791 2123 901 2186 bentur
914 2122 1003 2184 buius
1021 2123 1064 2184 rei
1080 2133 1253 2201 argumenta
1270 2123 1301 2186 in
1318 2123 1396 2206 ipsis

152 2205 354 2268 auctoritatem
370 2204 548 2266 labefactare
560 2203 750 2284 conatisunt,
790 2205 901 2284 Regum
921 2205 1023 2282 libris,
1041 2206 1071 2267 in
1089 2206 1198 2287 quibus
1216 2227 1304 2289 saepe
1322 2209 1396 2270 lau·

72 2302 76 2311 ’
152 2296 178 2350 et
189 2287 256 2350 ideo
270 2289 367 2352 varias
380 2288 567 2351 difficultates
583 2298 750 2366 moverunt,
791 2291 899 2354 dautur
917 2291 989 2355 liber
1006 2291 1287 2355 verboramdt'eram
1303 2292 1396 2356 Salo-

151 2391 225 2452 quae
240 2374 354 2435 solutae
372 2371 564 2434 inveniuntur
577 2381 639 2434 turo
651 2371 682 2433 in
694 2392 751 2433 au·
790 2374 1014 2454 moaisllllieg.
1026 2373 1076 2452 Xl,
1087 2375 1141 2450 tl,
1156 2385 1183 2438 et
1199 2377 1274 2440 liber
1286 2378 1396 2440 aerbo·

151 2455 281 2518 etoribus
299 2454 564 2538 §.praecedatis
583 2465 645 2518 tum
665 2456 696 2516 in
713 2456 748 2519 ll.
790 2461 982 2522 romulianam
991 2457 1395 2539 Reptamladucibid.XV‚'l,

151 2539 284 2602 lacessens
301 2541 362 2620 (l),
387 2541 476 2603 llaet.
497 2539 558 2620 (X),
586 2539 667 2603 Gottl
689 2540 749 2622 (3),
790 2541 1293 2622 xtra,xxl1‚na,1vtteg.1,ts,
1311 2544 1395 2622 vlit,

150 2623 277 2705 Bcrpler
296 2624 356 2705 (l),
375 2623 456 2687 Beda
474 2623 563 2704 llapr
583 2623 643 2702 (5),
662 2633 751 2705 atque
790 2629 842 2703 23,
861 2627 898 2704 X,
911 2627 1021 2690 stete.
1034 2626 1267 2708 ltemlParalip.
1288 2627 1395 2706 XXIX,

149 2708 179 2769 iu
196 2709 262 2770 aliis
281 2707 392 2771 multis.
411 2708 534 2788 Aliquas
551 2715 651 2769 tamen
671 2708 750 2772 dilli-
790 2713 830 2774 29
848 2711 968 2774 dicitur:
983 2713 1070 2777 Gesta
1081 2721 1177 2774 autem
1195 2713 1290 2774 David
1303 2715 1397 2794 Rapis

148 2792 286 2869 cultates,
307 2811 381 2874 quas
401 2811 490 2874 saepe
510 2809 670 2872 recoquere
695 2794 750 2854 ad·
786 2797 892 2876 priora
912 2805 939 2859 et
956 2796 1114 2860 novissima
1131 2797 1240 2875 scripta
1270 2807 1340 2858 sant
1358 2801 1396 2860 in

149 2877 271 2940 versarii
288 2879 397 2950 solent,
416 2876 467 2938 hic
484 2892 639 2938 recensere
658 2885 688 2939 et
705 2896 751 2940 re·
790 2882 866 2944 libro
886 2879 1031 2944 Samuelis
1052 2880 1196 2956 videntis,
1214 2889 1241 2943 et
1261 2881 1293 2942 io
1315 2882 1396 2944 libro

150 2959 251 3024 fellere
270 2969 397 3041 oportet.
788 2965 909 3029 Natltoa
934 2965 1116 3044 Prophetae,
1143 2975 1170 3027 et
1188 2965 1222 3026 in
1244 2965 1397 3027 oolaame‘nc

191 3044 255 3108 Oli.
277 3046 306 3106 l.
326 3041 466 3106 Nonnulli
481 3041 551 3106 libri
565 3041 600 3107 V.
617 3043 652 3106 Τ.
672 3043 749 3106 dar·
791 3049 856 3114 God
869 3046 1393 3129 Videatts.EtllParatip.XXVl,2s:

150 3131 207 3201 tur,
218 3147 345 3209 quorum
361 3136 464 3189 auctor
478 3148 536 3192 nan
548 3129 748 3208 cognoscitur,
788 3133 912 3214 Reliqua
923 3142 1020 3196 autem
1031 3151 1201 3195 oecononum
1211 3133 1397 3212 Oziaeprlo-

149 3217 200 3273 rut
211 3213 313 3273 saltem
327 3211 456 3273 incertus
471 3224 525 3277 est.
539 3209 587 3274 Sic
603 3213 748 3274 incertum
788 3234 869 3293 rant,
887 3225 914 3278 ct
931 3218 1160 3280 novissimorum
1183 3217 1301 3296 scripsit
1323 3217 1395 3278 lsa-

149 3301 204 3367 cst,
224 3314 261 3356 an
289 3294 375 3356 losue
397 3295 505 3359 librum
527 3297 748 3378 conscripserit,
789 3301 844 3376 ias,
861 3301 1214 3382 filiasAmosPropbeto:
1230 3297 1393 3376 etXX,3‹l:

148 3375 219 3458 quia
236 3377 267 3439 in
285 3377 433 3440 uolumine
451 3381 506 3462 ipsi
525 3382 672 3462 adscripto
696 3400 750 3442 oc·
788 3386 912 3464 Reliqua
928 3395 1076 3466 pectorum
1092 3385 1226 3464 losapltat
1237 3385 1394 3464 priorum,

148 3471 272 3522 currunt
290 3461 412 3524 nomina
423 3466 538 3526 olfacta
555 3464 641 3526 lasus
656 3475 752 3546 poste·
789 3478 815 3531 et
831 3470 1060 3532 novissimarum
1072 3469 1263 3548 scriptasant
1274 3469 1307 3530 itt
1320 3487 1394 3532 aer-

148 3542 238 3606 riora.
259 3545 369 3607 Auctor
392 3546 460 3610 libri
478 3548 609 3611 lodicum
632 3549 751 3630 penitus
790 3554 834 3616 bis
850 3555 933 3629 leba,
952 3553 1010 3633 filii
1025 3553 1160 3627 Haaatti,
1182 3571 1255 3632 artae
1272 3553 1396 3634 dipesele

149 3627 312 3706 ignoratur.
333 3629 412 3692 ldem
428 3632 585 3696 dicandum
605 3643 649 3694 est
668 3632 704 3694 de
720 3633 753 3694 li·
790 3637 821 3699 in
836 3637 924 3700 libros
937 3639 1051 3720 Rapum
1067 3637 1170 3701 lsrael.
1190 3636 1233 3698 lta
1252 3635 1314 3697 deri
1334 3656 1394 3717 po·

149 3710 211 3773 bris
229 3722 357 3793 quatuor
381 3714 505 3794 Regum.
533 3715 612 3778 Duos
638 3715 751 3796 priores
791 3721 858 3799 tuit,
877 3730 910 3782 ut
931 3741 978 3797 ca,
998 3740 1074 3803 quae
1088 3721 1253 3782 successive
1268 3739 1284 3780 a
1297 3720 1395 3800 pluri·

150 3795 268 3878 quidem
279 3795 405 3860 Hebraei
418 3799 590 3861 adscribunt
605 3797 749 3877 Samueli,
790 3803 846 3865 bas
862 3805 933 3866 viris
954 3805 1011 3868 fide
1030 3805 1127 3884 dignis
1146 3804 1313 3885 conscripta
1327 3805 1396 3866 lne-

150 3881 226 3962 quod
245 3892 343 3944 autem
368 3882 512 3944 absonum
532 3893 588 3961 est,
608 3903 675 3944 cum
700 3885 750 3945 bi·
789 3897 868 3964 rant,
887 3897 987 3970 postea
1012 3890 1108 3951 arira
1130 3889 1250 3966 insigni,
1271 3897 1300 3949 et
1324 3907 1394 3950 ma-

151 3964 269 4026 storiam
288 3967 451 4046 perducant
467 3968 612 4047 usquead
631 3969 750 4030 unctio·
790 3991 864 4048 puae
882 3973 1065 4035 auctoritatis
1082 3973 1112 4034 in
1131 3972 1239 4034 librum
1266 3971 1395 4034 collecta

150 4065 217 4112 nem
241 4047 408 4112 Salomonis
427 4050 458 4110 in
475 4069 586 4132 regern.
602 4049 666 4114 Non
682 4060 750 4133 pot·
789 4056 910 4132 scierint,
927 4076 1013 4138 quem
1033 4064 1143 4131 tamen,
1164 4065 1265 4136 utpote
1282 4075 1300 4118 a
1321 4058 1394 4137 plu-

179 4203 211 4256 μ)
225 4205 324 4252 nemen
349 4171 417 4253 mm·
790 4139 872 4203 ribus
884 4150 1048 4218 exaratum,
1063 4139 1114 4202 illc
1127 4160 1186 4202 non
1200 4139 1258 4202 sibi
1270 4141 1391 4203 soliad·

182 4261 215 4314 (2)
231 4264 358 4310 ttomomtr.
376 4277 457 4324 eram.
829 4272 851 4330 t)
867 4274 979 4333 apologia
992 4274 1040 4320 net.
1055 4275 1108 4321 chr.

179 4317 212 4374 (d)
229 4321 314 4366 Veritas
331 4325 376 4370 ltcl.
391 4327 469 4373 rbrlsl.
485 4330 528 4373 cle.
600 4321 602 4328 ⁴
687 4338 689 4342 '
766 4253 774 4370 Ι
819 4271 851 4383 lbi
868 4331 974 4380 Defensio
989 4335 1115 4390 Religionis
1129 4337 1181 4380 elc..
1198 4336 1251 4379 lom.
1273 4333 1295 4381 l.'·
