2934 4736
401 201 475 246 rins
496 201 540 246 ru.
563 198 666 244 sacrm
685 199 707 242 r.
731 197 825 243 creua
845 197 867 242 r.
1163 179 1225 242 315

45 292 93 360 tar,
109 282 303 348 Ptolomaeum
318 279 561 359 Philadelphum,
578 295 623 338 re·
663 279 823 354 gnitum‘et
834 273 999 356 expositum
1014 274 1052 338 ab
1065 274 1205 337 omnihus
1219 293 1265 338 re-

44 387 96 446 gern
112 369 227 448 Aegypti
240 368 277 432 ab
293 367 432 428 Eleazaro
448 363 621 443 impetrasse
664 361 809 442 cipiatur,
837 379 897 422 non
916 367 1016 420 autem
1036 360 1265 439 quomodocun-

47 453 77 514 ll
96 452 175 527 viros,
196 451 431 528 legisdoctores,
455 448 506 528 qui
525 446 620 528 spatio
664 463 721 525 qtae
744 443 797 506 sed
826 453 859 506 ut
891 442 1062 506 authentica
1089 444 1185 505 versio
1202 490 1211 505 .
1227 490 1262 508 ..

47 535 190 598 lidierum
203 535 331 596 mirabili
345 532 542 595 consensione
558 549 621 592 ver·
664 529 875 609 prohibentes,
894 545 932 590 ue
954 527 1022 608 quis
1050 527 1086 589 de
1112 527 1167 588 hac
1188 547 1266 590 nova

45 620 136 682 sionem
155 619 358 680 absolveruuta
379 617 409 678 id
428 622 564 677 asserunt
578 614 620 676 A·
661 631 768 692 graeca
786 612 917 674 editione
936 613 1044 674 audeat
1062 611 1092 673 iu
1113 618 1263 692 posterum

45 704 148 764 ristaeus
167 711 195 767 et
218 701 362 784 Iosephus
377 701 459 763 Flav.
482 700 542 779 (l).
563 695 618 763 Sed
662 698 708 760 vel
722 697 871 774 addendo,
890 695 936 758 vel
960 696 1133 770 minuendo,
1149 694 1262 776 aliquid

45 806 72 847 an
86 786 182 862 singuli
198 788 358 867 separatim
371 786 400 847 in
418 783 542 846 diversis
556 783 620 844 cel·
662 780 858 844 immutare.)
873 817 916 828 -
932 778 1035 858 Magna
1053 797 1172 861 quoque
1190 797 1262 860 pro-

43 870 215 945 lulis,anbini
229 879 259 932 et
273 871 349 944 bini,
363 889 399 930 an
413 869 492 929 inter
504 885 536 929 se
550 886 621 928 cou—
662 865 792 927 videntia
805 866 905 926 diviua
920 883 955 926 ex
969 864 1024 926 hac
1042 863 1176 926 versione
1195 864 1262 925 elu-

42 953 151 1016 latentes
162 955 351 1035 interpretati
364 955 435 1028 sint,
456 960 500 1013 est
518 950 620 1012 incer·
661 958 720 1011 cet.
741 949 814 1012 Cum
832 949 912 1013 enirn
931 967 984 1029 per
1001 947 1202 1010 Alexandrum
1221 945 1259 1009 hl.

42 1045 105 1114 turn,
116 1039 176 1100 aliis
189 1037 330 1101 Patribus
347 1034 576 1112 affirmantibus,
588 1053 620 1096 a·
662 1033 820 1114 imperium
840 1032 1020 1098 Graecorum
1040 1032 1166 1096 maxime
1183 1031 1262 1094 dila·

41 1119 80 1182 liis
98 1123 278 1200 negantibus.
303 1119 491 1183 probabilius
520 1127 618 1181 tamen
664 1127 755 1179 tatum
774 1119 881 1195 luerit,
902 1117 990 1182 etiam
1005 1117 1122 1196 linguae
1137 1134 1261 1196 graecae

41 1211 87 1281 est,
103 1224 198 1274 ornnes
214 1207 293 1269 inter
311 1225 344 1268 se
363 1204 534 1277 contulisse,
555 1211 617 1264 turn
662 1202 767 1264 notitia
788 1202 869 1284 apud
887 1203 995 1264 multos
1015 1203 1141 1285 populos
1159 1201 1261 1264 incre-

42 1288 96 1366 quia
111 1309 161 1354 nec
178 1289 323 1372 Iosephus
340 1309 395 1352 nec
411 1288 509 1365 Philo,
525 1287 618 1351 histo·
662 1296 762 1348 menta
790 1287 880 1366 cepit.
905 1285 974 1348 Ideo
1002 1286 1157 1368 Apostoli,
1178 1285 1261 1347 hisce

41 1371 98 1434 riam
115 1375 255 1438 versionis
283 1373 485 1438 describentes
513 1370 617 1432 harum
661 1371 778 1452 populis
789 1370 978 1448 Evangelium
990 1370 1206 1452 praedicantes,
1223 1370 1260 1432 ad

43 1457 190 1520 cellularum
201 1459 383 1522 mentionem
395 1457 539 1529 lecerunt,
554 1464 616 1517 tum
660 1455 825 1516 versionem
841 1452 877 1517 ll.
894 1453 928 1516 T.
946 1471 1094 1533 graecam,
1111 1473 1200 1537 quarn
1219 1454 1260 1516 le-

42 1540 619 1623 quiahristaeuseperteasserit,'lOinter-
658 1557 727 1616 gere
740 1547 769 1601 et
787 1538 952 1616 intelligere
961 1540 1131 1617 valuerunt,
1151 1557 1259 1620 provo-

43 1627 215 1701 pretessimul
230 1645 325 1706 usque
340 1627 376 1687 ad
390 1626 490 1686 boram
507 1643 615 1686 nouam
659 1642 727 1685 care
747 1629 917 1702 potuerunt.
936 1623 973 1684 Et
991 1623 1065 1686 haec
1081 1623 1176 1686 versio
1197 1631 1259 1685 ter·

42 1710 194 1774 conterendo
213 1711 378 1773 versionem
398 1709 477 1770 inter
495 1708 533 1770 'lb
553 1709 616 1770 dies
659 1707 776 1780 centis,
806 1708 850 1782 vel
879 1708 983 1770 saltem
1012 1707 1148 1771 ducentis
1172 1707 1260 1770 annis

43 1789 188 1870 absolvisse3
205 1795 286 1859 unde
303 1795 336 1858 S.
355 1795 554 1872 Hieronymus
568 1793 615 1873 (ἓ)
659 1800 727 1852 ante
748 1791 896 1854 Christum
915 1792 1067 1868 conlecta,
1087 1802 1116 1854 et
1141 1791 1259 1854 ludaeis

42 1872 84 1934 ait:
98 1876 236 1952 (Nescio,
251 1877 320 1960 quis
334 1878 447 1960 primus
462 1885 565 1938 auctor
578 1880 616 1939 'lll
659 1875 851 1955 Etlmicisque
864 1882 934 1939 nota
945 1875 1014 1953 luit,
1027 1895 1065 1938 ne
1080 1877 1157 1938 sacri
1169 1873 1204 1937 v.
1219 1875 1254 1938 T.

43 1957 140 2021 cellulas
160 1961 357 2024 Alexandriae
381 1960 536 2024 vivendacio
562 1979 615 2024 suo
657 1958 724 2022 libri
744 1959 950 2022 aCbristianis
965 1960 1084 2022 consueti
1098 1959 1256 2022 autintera

41 2045 533 2128 erstmrrerit,quibusdivisieadem
546 2044 619 2106 scri·
656 2043 749 2124 potati
766 2044 825 2107 dici
845 2043 960 2126 possint
978 2044 1037 2124 (5).

42 2126 142 2202 pserint.
159 2148 174 2192 s
192 2127 432 2210 -Quocunque
451 2148 518 2192 vero
538 2138 617 2190 tem·
698 2127 729 2189 t.
749 2127 857 2190 Primis
877 2127 934 2194 iarn
954 2127 1104 2190 Ecclesiae
1115 2127 1256 2206 saeculis,

42 2225 97 2303 pore
116 2220 143 2275 et
165 2214 256 2281 modo
275 2214 348 2278 haec
368 2213 466 2280 versio
484 2213 617 2276 conlecta
657 2213 784 2274 testibus
801 2213 833 2278 8.
847 2211 1072 2294 Augustiaolb)
1086 2222 1115 2274 et
1133 2213 1166 2277 8.
1187 2213 1258 2276 Hia-

42 2289 97 2367 lurt,
113 2315 217 2378 magna
236 2306 282 2364 est
306 2297 401 2378 ipsius
427 2297 456 2362 iu
485 2297 617 2362 Ecclesia
656 2313 781 2376 rorapmo
809 2297 873 2378 (l),
906 2297 1017 2360 multae
1038 2316 1063 2359 s.
1088 2295 1256 2370 Bibliorum

43 2381 190 2460 auctoritas,
206 2382 238 2462 a)
258 2381 327 2463 quia
342 2382 475 2448 Christus
497 2389 526 2442 et
542 2382 618 2461 hpo·
655 2382 806 2442 versiones
828 2381 938 2444 latinae
952 2381 1255 2460 circumferebantur,

42 2461 93 2522 stoli
105 2483 136 2524 ea
153 2467 199 2527 nsi
219 2467 353 2542 suerunt;
368 2465 399 2546 h)
419 2464 489 2546 quie
503 2466 616 2526 utrius·
657 2462 735 2529 inter
748 2484 823 2544 qtras
841 2464 968 2528 erniuuit
986 2485 1058 2543 una,
1072 2486 1089 2528 a
1101 2463 1133 2530 S.
1153 2466 1257 2544 huga-

43 2559 86 2636 tttte
100 2545 244 2612 Ecclesiae
255 2567 379 2626 graecae
396 2559 426 2611 et
444 2550 554 2612 latinae
567 2548 616 2609 iu·
656 2548 734 2610 stino
752 2550 839 2626 italo,
859 2569 876 2610 a
891 2547 922 2612 S.
935 2548 1114 2632 Hieronymo
1127 2568 1258 2614 commem
1310 2595 1315 2604 .

43 2625 104 2690 dicio
119 2641 146 2695 ct
164 2653 218 2695 usu
238 2642 411 2698 consecrata
428 2642 484 2708 est;
502 2633 531 2712 c)
547 2633 616 2712 quia
656 2632 715 2710 aab,
735 2651 788 2695 seu
809 2632 942 2711 vulgata,
962 2652 979 2694 a
996 2631 1028 2697 S.
1057 2633 1198 2712 Gregorio
1215 2633 1253 2697 ll.

43 2724 88 2772 non
105 2714 163 2781 sine
179 2715 310 2799 Spiritus
327 2713 358 2780 S.
383 2717 552 2782 assistentia
570 2717 616 2780 la·
656 2725 737 2780 uetus
755 2718 914 2797 appellata:
934 2717 1007 2779 baec
1023 2717 1060 2794 ab
1080 2718 1257 2784 incertoau·

41 2797 205 2892 elapidatum
222 2800 544 2866 namS.lrenoeosde
561 2801 616 2864 hac
657 2809 737 2864 crore
755 2800 836 2862 iuxta
865 2801 1017 2882 exemplar
1043 2803 1083 2864 '10
1111 2802 1257 2866 adornata

41 2890 150 2944 tersione
167 2885 264 2946 dicit:
286 2883 376 2950 (Por
402 2885 615 2966 aspirationem
658 2884 724 2946 luit.
750 2883 823 2949 Cum
846 2892 946 2946 autem
969 2884 1129 2948 Christiani
1157 2905 1193 2947 eu
1219 2904 1256 2948 eo

41 2954 574 3050 hetevposnacsuntscripvvme(3)›;
587 2977 616 3032 et
656 2978 860 3049 carperentur,
880 2969 958 3049 quod
979 2969 1097 3030 nonnisi
1119 2987 1153 3030 eu
1167 2986 1256 3048 grae·

41 3039 65 3135 fi.
82 3047 279 3132 diapenticus:
305 3073 320 3115 s
340 3050 479 3134 Spiritus,
499 3054 551 3128 ait,
564 3054 614 3134 qui
656 3071 690 3114 co
705 3054 893 3135 compilatam
910 3051 944 3115 tt.
962 3052 996 3115 T.
1017 3053 1182 3114 versionem
1200 3053 1255 3120 he·

41 3142 64 3186 ¹¹¹
76 3136 216 3216 ttoptretts
234 3145 310 3216 erat,
329 3137 447 3218 quando
466 3138 516 3199 itta
531 3137 614 3201 diue·
656 3135 774 3214 herent,
789 3137 821 3204 S.
841 3137 1039 3217 Hieronymus
1051 3137 1254 3210 irrssullama-

42 3223 112 3292 runt,
130 3219 206 3282 idem
233 3221 297 3302 ipse
321 3231 384 3284 erat
408 3221 439 3282 in
461 3222 500 3286 70
524 3221 614 3298 viris,
656 3221 680 3286 si
703 3220 800 3302 Papae
819 3217 879 3286 lere
900 3230 992 3292 toturn
1007 3219 1043 3285 ll.
1064 3220 1099 3284 T.
1122 3229 1255 3285 transtu«
1277 3289 1279 3297 ,

42 3300 137 3434 dumo
154 3303 204 3366 illa
226 3304 411 3384 interpretati
431 3313 500 3367 sunt
520 3305 613 3386 (l);›
656 3305 690 3367 lit
720 3304 752 3366 iu
781 3305 922 3381 latinum,
954 3305 1083 3386 exceptis
1112 3305 1254 3374 nimirum

56 3375 186 3479 licinum
206 3389 277 3469 quia
296 3387 394 3450 Siutus
412 3386 437 3452 ll
457 3389 538 3452 illam
558 3408 614 3454 aa·
654 3388 739 3450 libris
755 3390 888 3464 Bartsch,
907 3389 1086 3469 Sapientior,
1107 3391 1255 3455 Ecclesia·
1277 3395 1279 3410 ¹

41 3459 177 3534 theuticam
190 3472 361 3536 declaravit:
374 3472 405 3534 in
418 3491 471 3536 suo
482 3473 615 3542 enimdi-
654 3473 732 3550 stici,
755 3483 785 3536 et
803 3475 1065 3548 unctorum-om,-
1082 3475 1174 3538 tibros
1200 3476 1255 3539 la·

41 3545 148 3646 tltnatc
165 3558 292 3637 praefixo
311 3556 442 3620 versioni
458 3557 509 3634 to,
525 3576 615 3638 quarn
655 3557 730 3632 dith,
753 3565 783 3620 et
803 3559 908 3622 Tohitte
933 3559 1084 3622 transtulit
1109 3579 1144 3622 ex
1162 3561 1256 3640 origi-

41 3629 164 3726 pub'lvcam
177 3641 248 3704 lecit
261 3640 341 3703 iuxta
358 3641 520 3720 exemplar,
538 3651 614 3707 tem·
656 3641 716 3704 nali
735 3641 900 3718 chaldaico,
914 3650 943 3705 et
958 3644 1016 3704 duo
1028 3645 1192 3724 posteriora
1206 3664 1257 3706 ca·

42 3717 141 3790 poribus
157 3720 188 3788 S.
204 3723 375 3805 llierongmi
394 3724 477 3806 prius
495 3744 529 3786 ac
548 3725 615 3792 ideo
656 3726 717 3807 pita
729 3724 872 3802 Danielis,
886 3745 962 3807 quae
976 3727 1007 3788 in
1023 3735 1102 3789 textu
1115 3728 1256 3790 hebraico

42 3803 155 3868 tmultis
173 3809 288 3873 mendis
306 3809 447 3884 liberum,
461 3808 502 3872 ita
519 3810 616 3890 loqui·
656 3829 716 3873 uon
731 3809 970 3887 inveniebantur,
983 3811 1128 3873 desnmsit
1142 3831 1177 3873 eu
1191 3829 1256 3872 ver·

42 3882 118 3978 tvnc
132 3887 273 3954 llolumns
292 3901 322 3956 ot
335 3893 486 3956 sancimus
507 3893 544 3956 ad
562 3893 615 3962 Dei
655 3895 740 3959 sicus
758 3892 981 3960 Theodotionis.
1004 3896 1197 3970 Peoltemum,
1216 3894 1254 3955 ti.

41 3959 143 4035 ttorvan
161 3983 192 4038 et
213 3975 363 4042 Ecclesiae
387 3978 563 4052 utilitatem,
584 3986 616 4044 ut
656 3987 704 4042 cet
723 3999 739 4042 a
758 3975 789 4044 S.
811 3976 990 4060 Hieronymo
1009 3998 1146 4053 versum,
1176 3987 1254 4040 atta-

42 4055 110 4114 vetus
126 4053 343 4126 Testamentum
367 4059 449 4126 iuxta
473 4061 511 4126 to
529 4080 616 4126 reco·
656 4081 725 4126 men
750 4071 907 4130 retentum·
926 4071 971 4128 est
996 4061 1077 4129 iuxta
1101 4061 1254 4142 antiquam

74 4197 89 4256 tt
102 4204 124 4252 t.
137 4207 165 4256 rs
179 4213 228 4260 ant.
240 4223 261 4260 c.
276 4211 301 4259 a.
361 4212 393 4274 (a)
404 4213 478 4265 recor.
491 4215 517 4262 vn
527 4215 617 4266 venue
687 4217 720 4276 (s)
734 4217 760 4264 v.
775 4197 979 4275 svorocrg'cesm.
995 4215 1018 4261 u.
1034 4216 1108 4262 aevu.
1121 4214 1142 4259 r.
1153 4215 1176 4264 c.
1187 4213 1208 4276 a,
1218 4215 1257 4264 n.

61 4295 63 4304 ν
86 4266 91 4316 l
104 4264 125 4336 l:
139 4269 214 4318 dedu.
230 4272 294 4319 haer.
308 4283 329 4322 e·
345 4272 382 4320 td.
688 4277 720 4335 (tl)
736 4275 786 4322 Lib.
802 4277 820 4321 ll
836 4276 866 4323 de
881 4276 956 4324 drictr.
971 4274 1053 4324 curet
1068 4287 1090 4321 c.
1105 4274 1143 4322 tt.

83 4323 149 4380 lttb.
164 4331 191 4376 ta
206 4331 235 4378 de
250 4333 297 4380 clv.
314 4331 364 4394 Det,
379 4344 400 4382 c.
415 4331 453 4382 tl.
686 4337 719 4394 (t)
735 4333 808 4382 Prael
823 4336 850 4384 iu
864 4333 940 4384 tosus.
