<?xml version="1.0" encoding="UTF-8"?>
<!DOCTYPE html PUBLIC "-//W3C//DTD XHTML 1.0 Transitional//EN"
    "http://www.w3.org/TR/xhtml1/DTD/xhtml1-transitional.dtd">
<html xmlns="http://www.w3.org/1999/xhtml" xml:lang="en" lang="en">
 <head>
  <title>
</title>
<meta http-equiv="Content-Type" content="text/html;charset=utf-8" />
  <meta name='ocr-system' content='tesseract 3.04.00' />
  <meta name='ocr-capabilities' content='ocr_page ocr_carea ocr_par ocr_line ocrx_word'/>
</head>
<body>
  <div class='ocr_page' id='page_1' title='image "./institutionesth00knolgoog_0220.png"; bbox 0 0 2928 4734; ppageno 0'>
   <div class='ocr_carea' id='block_1_1' title="bbox 627 183 996 236">
    <p class='ocr_par' dir='ltr' id='par_1_1' title="bbox 627 183 996 236">
     <span class='ocr_line' id='line_1_1' title="bbox 627 183 996 236; baseline 0.014 -9"><span class='ocrx_word' id='word_1_1' title='bbox 627 183 812 236; x_wconf 74' lang='lat' dir='ltr'>I&#39;IIEOLOGIAE</span> <span class='ocrx_word' id='word_1_2' title='bbox 833 185 996 236; x_wconf 61' lang='lat' dir='ltr'><strong><em>venenatas</em></strong></span> 
     </span>
    </p>
   </div>
   <div class='ocr_carea' id='block_1_2' title="bbox 155 261 1416 1170">
    <p class='ocr_par' dir='ltr' id='par_1_2' title="bbox 155 261 1416 767">
     <span class='ocr_line' id='line_1_2' title="bbox 170 261 1414 346; baseline 0.002 -22"><span class='ocrx_word' id='word_1_3' title='bbox 170 263 203 324; x_wconf 87' lang='lat' dir='ltr'><strong><em>in</em></strong></span> <span class='ocrx_word' id='word_1_4' title='bbox 217 261 373 325; x_wconf 77' lang='lat' dir='ltr'><strong><em>uisceribus</em></strong></span> <span class='ocrx_word' id='word_1_5' title='bbox 391 279 504 332; x_wconf 84' lang='lat' dir='ltr'><strong><em>carram,</em></strong></span> <span class='ocrx_word' id='word_1_6' title='bbox 524 268 551 324; x_wconf 90' lang='lat' dir='ltr'><strong><em>ct</em></strong></span> <span class='ocrx_word' id='word_1_7' title='bbox 569 261 602 324; x_wconf 90' lang='lat' dir='ltr'><strong><em>in</em></strong></span> <span class='ocrx_word' id='word_1_8' title='bbox 619 267 705 328; x_wconf 89' lang='lat' dir='ltr'><strong><em>corde</em></strong></span> <span class='ocrx_word' id='word_1_9' title='bbox 722 285 772 330; x_wconf 88' lang='lat' dir='ltr'><strong><em>eo·</em></strong></span> <span class='ocrx_word' id='word_1_10' title='bbox 790 264 793 272; x_wconf 89' lang='lat'>&#39;</span> <span class='ocrx_word' id='word_1_11' title='bbox 813 265 964 328; x_wconf 86' lang='lat' dir='ltr'><strong><em>mendicas</em></strong></span> <span class='ocrx_word' id='word_1_12' title='bbox 978 283 1044 327; x_wconf 89' lang='lat' dir='ltr'><strong><em>san</em></strong></span> <span class='ocrx_word' id='word_1_13' title='bbox 1058 271 1085 327; x_wconf 90' lang='lat' dir='ltr'><strong><em>et</em></strong></span> <span class='ocrx_word' id='word_1_14' title='bbox 1096 281 1222 346; x_wconf 86' lang='lat' dir='ltr'><strong><em>pauper,</em></strong></span> <span class='ocrx_word' id='word_1_15' title='bbox 1236 280 1313 344; x_wconf 87' lang='lat' dir='ltr'><strong><em>quae</em></strong></span> <span class='ocrx_word' id='word_1_16' title='bbox 1323 261 1414 326; x_wconf 80' lang='lat' dir='ltr'><strong><em>rerba</em></strong></span> 
     </span>
     <span class='ocr_line' id='line_1_3' title="bbox 170 347 1413 429; baseline 0.002 -22"><span class='ocrx_word' id='word_1_17' title='bbox 170 363 239 408; x_wconf 88' lang='lat' dir='ltr'><strong><em>rum</em></strong></span> <span class='ocrx_word' id='word_1_18' title='bbox 253 347 468 409; x_wconf 83' lang='lat' dir='ltr'><strong><em>scribameom:</em></strong></span> <span class='ocrx_word' id='word_1_19' title='bbox 482 347 590 426; x_wconf 84' lang='lat' dir='ltr'><strong><em>quibas</em></strong></span> <span class='ocrx_word' id='word_1_20' title='bbox 602 349 698 411; x_wconf 90' lang='lat' dir='ltr'><strong><em>verbis</em></strong></span> <span class='ocrx_word' id='word_1_21' title='bbox 712 371 770 414; x_wconf 89' lang='lat' dir='ltr'><strong><em>non</em></strong></span> <span class='ocrx_word' id='word_1_22' title='bbox 811 350 859 411; x_wconf 86' lang='lat' dir='ltr'><strong><em>vix</em></strong></span> <span class='ocrx_word' id='word_1_23' title='bbox 877 349 912 415; x_wconf 84' lang='lat' dir='ltr'><strong><em>ad</em></strong></span> <span class='ocrx_word' id='word_1_24' title='bbox 932 349 1070 410; x_wconf 84' lang='lat' dir='ltr'><strong><em>Davidem</em></strong></span> <span class='ocrx_word' id='word_1_25' title='bbox 1092 367 1190 426; x_wconf 79' lang='lat' dir='ltr'><strong><em>regem</em></strong></span> <span class='ocrx_word' id='word_1_26' title='bbox 1215 347 1319 410; x_wconf 80' lang='lat' dir='ltr'><strong><em>referri</em></strong></span> <span class='ocrx_word' id='word_1_27' title='bbox 1342 367 1413 429; x_wconf 87' lang='lat' dir='ltr'><strong><em>pos-</em></strong></span> 
     </span>
     <span class='ocr_line' id='line_1_4' title="bbox 170 429 1415 516; baseline 0.002 -26"><span class='ocrx_word' id='word_1_28' title='bbox 170 431 264 490; x_wconf 88' lang='lat' dir='ltr'><strong><em>squm</em></strong></span> <span class='ocrx_word' id='word_1_29' title='bbox 284 431 351 492; x_wconf 88' lang='lat' dir='ltr'><strong><em>novi</em></strong></span> <span class='ocrx_word' id='word_1_30' title='bbox 371 430 498 491; x_wconf 79' lang='lat' dir='ltr'><strong><em>foederis</em></strong></span> <span class='ocrx_word' id='word_1_31' title='bbox 517 431 663 494; x_wconf 92' lang='lat' dir='ltr'><strong><em>institutio</em></strong></span> <span class='ocrx_word' id='word_1_32' title='bbox 682 454 770 516; x_wconf 88' lang='lat' dir='ltr'><strong><em>prae·</em></strong></span> <span class='ocrx_word' id='word_1_33' title='bbox 812 442 903 508; x_wconf 86' lang='lat' dir='ltr'><strong><em>sunt,</em></strong></span> <span class='ocrx_word' id='word_1_34' title='bbox 925 433 983 494; x_wconf 86' lang='lat' dir='ltr'><strong><em>nisi</em></strong></span> <span class='ocrx_word' id='word_1_35' title='bbox 1011 433 1040 494; x_wconf 89' lang='lat' dir='ltr'><strong><em>in</em></strong></span> <span class='ocrx_word' id='word_1_36' title='bbox 1069 440 1212 513; x_wconf 87' lang='lat' dir='ltr'><strong><em>quantum</em></strong></span> <span class='ocrx_word' id='word_1_37' title='bbox 1240 429 1336 512; x_wconf 79' lang='lat' dir='ltr'><strong><em>figura</em></strong></span> <span class='ocrx_word' id='word_1_38' title='bbox 1359 431 1415 493; x_wconf 83' lang='lat' dir='ltr'><strong><em>suit</em></strong></span> 
     </span>
     <span class='ocr_line' id='line_1_5' title="bbox 171 513 1410 599; baseline 0.002 -25"><span class='ocrx_word' id='word_1_39' title='bbox 171 513 291 590; x_wconf 81' lang='lat' dir='ltr'><strong><em>dicitur,</em></strong></span> <span class='ocrx_word' id='word_1_40' title='bbox 311 515 362 576; x_wconf 85' lang='lat' dir='ltr'><strong><em>sed</em></strong></span> <span class='ocrx_word' id='word_1_41' title='bbox 388 513 417 574; x_wconf 86' lang='lat' dir='ltr'><strong><em>id</em></strong></span> <span class='ocrx_word' id='word_1_42' title='bbox 440 533 559 594; x_wconf 90' lang='lat' dir='ltr'><strong><em>quoque</em></strong></span> <span class='ocrx_word' id='word_1_43' title='bbox 584 515 768 595; x_wconf 79' lang='lat' dir='ltr'><strong><em>indigitetur,</em></strong></span> <span class='ocrx_word' id='word_1_44' title='bbox 811 516 933 580; x_wconf 91' lang='lat' dir='ltr'><strong><em>Messiae</em></strong></span> <span class='ocrx_word' id='word_1_45' title='bbox 959 517 1018 599; x_wconf 70' lang='lat' dir='ltr'><strong><em>(i).</em></strong></span> <span class='ocrx_word' id='word_1_46' title='bbox 1045 515 1202 578; x_wconf 84' lang='lat' dir='ltr'>Zacharias</span> <span class='ocrx_word' id='word_1_47' title='bbox 1223 517 1259 578; x_wconf 78' lang='lat' dir='ltr'><strong><em>tle</em></strong></span> <span class='ocrx_word' id='word_1_48' title='bbox 1286 514 1410 591; x_wconf 80' lang='lat' dir='ltr'><strong><em>Massia,</em></strong></span> 
     </span>
     <span class='ocr_line' id='line_1_6' title="bbox 169 597 1416 685; baseline 0.003 -27"><span class='ocrx_word' id='word_1_49' title='bbox 169 611 273 658; x_wconf 85' lang='lat' dir='ltr'><strong><em>acram</em></strong></span> <span class='ocrx_word' id='word_1_50' title='bbox 288 599 383 678; x_wconf 81' lang='lat' dir='ltr'><strong><em>legem</em></strong></span> <span class='ocrx_word' id='word_1_51' title='bbox 396 597 433 660; x_wconf 88' lang='lat' dir='ltr'><strong><em>ad</em></strong></span> <span class='ocrx_word' id='word_1_52' title='bbox 449 599 594 660; x_wconf 89' lang='lat' dir='ltr'><strong><em>internam</em></strong></span> <span class='ocrx_word' id='word_1_53' title='bbox 611 603 769 685; x_wconf 79' lang='lat' dir='ltr'>praecipue</span> <span class='ocrx_word' id='word_1_54' title='bbox 810 599 889 679; x_wconf 79' lang='lat' dir='ltr'><strong><em>Mage</em></strong></span> <span class='ocrx_word' id='word_1_55' title='bbox 915 611 1059 678; x_wconf 88' lang='lat' dir='ltr'><strong><em>venturo,</em></strong></span> <span class='ocrx_word' id='word_1_56' title='bbox 1087 599 1183 662; x_wconf 80' lang='lat' dir='ltr'><strong><em>dicit:</em></strong></span> <span class='ocrx_word' id='word_1_57' title='bbox 1209 600 1273 680; x_wconf 85' lang='lat' dir='ltr'><strong><em>Ipse</em></strong></span> <span class='ocrx_word' id='word_1_58' title='bbox 1294 618 1416 682; x_wconf 78' lang='lat' dir='ltr'><strong><em>pauper</em></strong></span> 
     </span>
     <span class='ocr_line' id='line_1_7' title="bbox 155 683 1257 767; baseline 0.005 -25"><span class='ocrx_word' id='word_1_59' title='bbox 155 683 291 764; x_wconf 16' lang='lat' dir='ltr'><strong><em>&#39;tondere</em></strong></span> <span class='ocrx_word' id='word_1_60' title='bbox 311 683 510 744; x_wconf 89' lang='lat' dir='ltr'><strong><em>sanctitatem.</em></strong></span> <span class='ocrx_word' id='word_1_61' title='bbox 810 695 868 748; x_wconf 85' lang='lat' dir='ltr'><strong><em>etc.</em></strong></span> <span class='ocrx_word' id='word_1_62' title='bbox 887 685 946 767; x_wconf 88' lang='lat'>(3).</span> <span class='ocrx_word' id='word_1_63' title='bbox 1129 707 1131 714; x_wconf 94' lang='lat'>·</span> <span class='ocrx_word' id='word_1_64' title='bbox 1254 699 1257 704; x_wconf 83' lang='lat'>&#39;</span> 
     </span>
    </p>

    <p class='ocr_par' dir='ltr' id='par_1_3' title="bbox 166 765 1412 1170">
     <span class='ocr_line' id='line_1_8' title="bbox 199 765 1412 848; baseline 0.001 -20"><span class='ocrx_word' id='word_1_65' title='bbox 199 767 242 828; x_wconf 78' lang='lat' dir='ltr'><strong><em>t.</em></strong></span> <span class='ocrx_word' id='word_1_66' title='bbox 263 765 386 828; x_wconf 89' lang='lat' dir='ltr'><strong><em>Messiae</em></strong></span> <span class='ocrx_word' id='word_1_67' title='bbox 400 784 509 828; x_wconf 84' lang='lat' dir='ltr'><strong><em>marnas</em></strong></span> <span class='ocrx_word' id='word_1_68' title='bbox 523 767 702 831; x_wconf 86' lang='lat' dir='ltr'><strong><em>sacerdotale</em></strong></span> <span class='ocrx_word' id='word_1_69' title='bbox 717 770 769 832; x_wconf 88' lang='lat' dir='ltr'><strong><em>ad·</em></strong></span> <span class='ocrx_word' id='word_1_70' title='bbox 852 769 902 832; x_wconf 87' lang='lat' dir='ltr'><strong><em>to.</em></strong></span> <span class='ocrx_word' id='word_1_71' title='bbox 923 767 1044 830; x_wconf 76' lang='lat' dir='ltr'>Messias</span> <span class='ocrx_word' id='word_1_72' title='bbox 1061 765 1294 848; x_wconf 74' lang='lat' dir='ltr'>Hierosolymam</span> <span class='ocrx_word' id='word_1_73' title='bbox 1315 767 1412 829; x_wconf 88' lang='lat' dir='ltr'><strong><em>iatra-</em></strong></span> 
     </span>
     <span class='ocr_line' id='line_1_9' title="bbox 168 847 1411 932; baseline -0.002 -18"><span class='ocrx_word' id='word_1_74' title='bbox 168 849 309 914; x_wconf 88' lang='lat' dir='ltr'><strong><em>scribitur</em></strong></span> <span class='ocrx_word' id='word_1_75' title='bbox 327 851 357 911; x_wconf 89' lang='lat' dir='ltr'><strong><em>in</em></strong></span> <span class='ocrx_word' id='word_1_76' title='bbox 378 849 493 910; x_wconf 80' lang='lat' dir='ltr'>Psalmo</span> <span class='ocrx_word' id='word_1_77' title='bbox 514 847 593 926; x_wconf 87' lang='lat' dir='ltr'>CIX,</span> <span class='ocrx_word' id='word_1_78' title='bbox 612 871 640 913; x_wconf 93' lang='lat' dir='ltr'><strong><em>v.</em></strong></span> <span class='ocrx_word' id='word_1_79' title='bbox 662 853 699 930; x_wconf 85' lang='lat' dir='ltr'><strong><em>t,</em></strong></span> <span class='ocrx_word' id='word_1_80' title='bbox 721 854 768 917; x_wconf 91' lang='lat' dir='ltr'><strong><em>his</em></strong></span> <span class='ocrx_word' id='word_1_81' title='bbox 808 859 891 914; x_wconf 87' lang='lat' dir='ltr'><strong><em>turus</em></strong></span> <span class='ocrx_word' id='word_1_82' title='bbox 910 865 972 914; x_wconf 91' lang='lat' dir='ltr'><strong><em>erat</em></strong></span> <span class='ocrx_word' id='word_1_83' title='bbox 996 853 1081 914; x_wconf 84' lang='lat' dir='ltr'><strong><em>asirra</em></strong></span> <span class='ocrx_word' id='word_1_84' title='bbox 1099 853 1179 932; x_wconf 88' lang='lat' dir='ltr'><strong><em>pallo</em></strong></span> <span class='ocrx_word' id='word_1_85' title='bbox 1198 852 1340 912; x_wconf 85' lang='lat' dir='ltr'><strong><em>comitata</em></strong></span> <span class='ocrx_word' id='word_1_86' title='bbox 1357 871 1411 913; x_wconf 87' lang='lat' dir='ltr'><strong><em>re·</em></strong></span> 
     </span>
     <span class='ocr_line' id='line_1_10' title="bbox 168 934 1412 1018; baseline 0.002 -22"><span class='ocrx_word' id='word_1_87' title='bbox 168 935 275 998; x_wconf 86' lang='lat' dir='ltr'><strong><em>verbis:</em></strong></span> <span class='ocrx_word' id='word_1_88' title='bbox 291 935 406 998; x_wconf 89' lang='lat' dir='ltr'><strong><em>Iaraoit</em></strong></span> <span class='ocrx_word' id='word_1_89' title='bbox 419 935 575 1010; x_wconf 85' lang='lat' dir='ltr'><strong><em>Dominus,</em></strong></span> <span class='ocrx_word' id='word_1_90' title='bbox 591 943 618 998; x_wconf 91' lang='lat' dir='ltr'><strong><em>et</em></strong></span> <span class='ocrx_word' id='word_1_91' title='bbox 631 955 692 1000; x_wconf 92' lang='lat' dir='ltr'><strong><em>non</em></strong></span> <span class='ocrx_word' id='word_1_92' title='bbox 704 956 770 1018; x_wconf 90' lang='lat' dir='ltr'><strong><em>poe·</em></strong></span> <span class='ocrx_word' id='word_1_93' title='bbox 808 946 884 998; x_wconf 87' lang='lat' dir='ltr'><strong><em>ctas.</em></strong></span> <span class='ocrx_word' id='word_1_94' title='bbox 906 936 1058 998; x_wconf 77' lang='lat' dir='ltr'>Exclamat</span> <span class='ocrx_word' id='word_1_95' title='bbox 1079 937 1158 996; x_wconf 85' lang='lat' dir='ltr'><strong><em>eoim</em></strong></span> <span class='ocrx_word' id='word_1_96' title='bbox 1178 934 1345 1016; x_wconf 73' lang='lat' dir='ltr'><strong>Propheta:</strong></span> <span class='ocrx_word' id='word_1_97' title='bbox 1365 938 1412 998; x_wconf 84' lang='grc' dir='ltr'><strong><em>Ε-</em></strong></span> 
     </span>
     <span class='ocr_line' id='line_1_11' title="bbox 167 1018 1412 1101; baseline 0 -19"><span class='ocrx_word' id='word_1_98' title='bbox 167 1018 271 1082; x_wconf 79' lang='lat' dir='ltr'><strong><em>nitebit</em></strong></span> <span class='ocrx_word' id='word_1_99' title='bbox 286 1037 367 1092; x_wconf 88' lang='lat' dir='ltr'><strong><em>eram;</em></strong></span> <span class='ocrx_word' id='word_1_100' title='bbox 379 1029 413 1080; x_wconf 89' lang='lat' dir='ltr'><strong><em>ta</em></strong></span> <span class='ocrx_word' id='word_1_101' title='bbox 427 1037 456 1081; x_wconf 84' lang='lat' dir='ltr'><strong><em>cs</em></strong></span> <span class='ocrx_word' id='word_1_102' title='bbox 469 1019 609 1082; x_wconf 76' lang='lat' dir='ltr'><strong><em>Sacerdos</em></strong></span> <span class='ocrx_word' id='word_1_103' title='bbox 622 1022 656 1082; x_wconf 89' lang='lat' dir='ltr'><strong><em>iu</em></strong></span> <span class='ocrx_word' id='word_1_104' title='bbox 674 1031 781 1088; x_wconf 60' lang='lat' dir='ltr'><strong><em>aeter-²</em></strong></span> <span class='ocrx_word' id='word_1_105' title='bbox 806 1023 899 1090; x_wconf 76' lang='lat' dir='ltr'><strong><em>aram</em></strong></span> <span class='ocrx_word' id='word_1_106' title='bbox 909 1023 1001 1096; x_wconf 86' lang='lat' dir='ltr'><strong><em>satis,</em></strong></span> <span class='ocrx_word' id='word_1_107' title='bbox 1019 1021 1084 1101; x_wconf 75' lang='lat' dir='ltr'><strong><em>filia</em></strong></span> <span class='ocrx_word' id='word_1_108' title='bbox 1100 1020 1198 1084; x_wconf 87' lang='lat' dir='ltr'><strong><em>Siout</em></strong></span> <span class='ocrx_word' id='word_1_109' title='bbox 1216 1020 1328 1095; x_wconf 80' lang='lat' dir='ltr'><strong><em>iubila,</em></strong></span> <span class='ocrx_word' id='word_1_110' title='bbox 1348 1021 1412 1100; x_wconf 76' lang='lat' dir='ltr'><strong><em>filla</em></strong></span> 
     </span>
     <span class='ocr_line' id='line_1_12' title="bbox 166 1103 1412 1170; baseline -0.002 -4"><span class='ocrx_word' id='word_1_111' title='bbox 166 1123 241 1166; x_wconf 91' lang='lat' dir='ltr'><strong><em>nam</em></strong></span> <span class='ocrx_word' id='word_1_112' title='bbox 269 1105 430 1166; x_wconf 87' lang='lat' dir='ltr'><strong><em>secandam</em></strong></span> <span class='ocrx_word' id='word_1_113' title='bbox 457 1103 592 1165; x_wconf 78' lang='lat' dir='ltr'><em>ordinem</em></span> <span class='ocrx_word' id='word_1_114' title='bbox 613 1105 766 1170; x_wconf 84' lang='lat' dir='ltr'><strong><em>Melclrise-</em></strong></span> <span class='ocrx_word' id='word_1_115' title='bbox 806 1105 989 1168; x_wconf 73' lang='lat' dir='ltr'><strong><em>Ierusalem!</em></strong></span> <span class='ocrx_word' id='word_1_116' title='bbox 1007 1122 1068 1167; x_wconf 86' lang='lat' dir='ltr'><strong><em>caca</em></strong></span> <span class='ocrx_word' id='word_1_117' title='bbox 1088 1121 1145 1166; x_wconf 83' lang='lat' dir='ltr'><strong><em>rea</em></strong></span> <span class='ocrx_word' id='word_1_118' title='bbox 1165 1111 1234 1166; x_wconf 78' lang='lat' dir='ltr'><strong><em>tutu</em></strong></span> <span class='ocrx_word' id='word_1_119' title='bbox 1254 1105 1335 1166; x_wconf 81' lang='lat' dir='ltr'><strong><em>cetrit</em></strong></span> <span class='ocrx_word' id='word_1_120' title='bbox 1358 1105 1412 1166; x_wconf 87' lang='lat' dir='ltr'><strong><em>tili</em></strong></span> 
     </span>
    </p>
   </div>
   <div class='ocr_carea' id='block_1_3' title="bbox 71 1185 1415 1268">
    <p class='ocr_par' dir='ltr' id='par_1_4' title="bbox 71 1185 1415 1268">
     <span class='ocr_line' id='line_1_13' title="bbox 71 1185 1415 1268; baseline -0.001 -17"><span class='ocrx_word' id='word_1_121' title='bbox 71 1189 75 1197; x_wconf 91' lang='lat'>&#39;</span> <span class='ocrx_word' id='word_1_122' title='bbox 166 1189 249 1251; x_wconf 84' lang='lat' dir='ltr'><strong><em>decl:</em></strong></span> <span class='ocrx_word' id='word_1_123' title='bbox 262 1207 329 1266; x_wconf 83' lang='lat' dir='ltr'><strong><em>ergo</em></strong></span> <span class='ocrx_word' id='word_1_124' title='bbox 342 1185 462 1248; x_wconf 87' lang='lat' dir='ltr'><strong><em>Messias</em></strong></span> <span class='ocrx_word' id='word_1_125' title='bbox 475 1189 765 1266; x_wconf 86' lang='lat' dir='ltr'><strong><em>praenuntiaturceu</em></strong></span> <span class='ocrx_word' id='word_1_126' title='bbox 807 1189 902 1252; x_wconf 83' lang='lat' dir='ltr'><strong><em>lustru</em></strong></span> <span class='ocrx_word' id='word_1_127' title='bbox 928 1197 954 1252; x_wconf 89' lang='lat' dir='ltr'><strong><em>et</em></strong></span> <span class='ocrx_word' id='word_1_128' title='bbox 977 1189 1134 1252; x_wconf 78' lang='lat' dir='ltr'><strong><em>Salvator:</em></strong></span> <span class='ocrx_word' id='word_1_129' title='bbox 1154 1188 1213 1268; x_wconf 88' lang='lat' dir='ltr'><strong><em>ipse</em></strong></span> <span class='ocrx_word' id='word_1_130' title='bbox 1233 1205 1359 1267; x_wconf 89' lang='lat' dir='ltr'><strong><em>pauper,</em></strong></span> <span class='ocrx_word' id='word_1_131' title='bbox 1385 1196 1415 1250; x_wconf 89' lang='lat' dir='ltr'><strong><em>et</em></strong></span> 
     </span>
    </p>
   </div>
   <div class='ocr_carea' id='block_1_4' title="bbox 160 1271 1415 3034">
    <p class='ocr_par' dir='ltr' id='par_1_5' title="bbox 166 1271 1415 1859">
     <span class='ocr_line' id='line_1_14' title="bbox 167 1271 1415 1354; baseline -0.002 -18"><span class='ocrx_word' id='word_1_132' title='bbox 167 1272 306 1336; x_wconf 78' lang='lat' dir='ltr'><strong><em>Sacerdos</em></strong></span> <span class='ocrx_word' id='word_1_133' title='bbox 323 1273 356 1334; x_wconf 88' lang='lat' dir='ltr'><strong><em>ia</em></strong></span> <span class='ocrx_word' id='word_1_134' title='bbox 371 1279 536 1347; x_wconf 77' lang='lat' dir='ltr'><strong><em>aeternam,</em></strong></span> <span class='ocrx_word' id='word_1_135' title='bbox 552 1271 573 1333; x_wconf 92' lang='lat' dir='ltr'><strong><em>i.</em></strong></span> <span class='ocrx_word' id='word_1_136' title='bbox 588 1292 615 1334; x_wconf 90' lang='lat' dir='ltr'><strong><em>e.</em></strong></span> <span class='ocrx_word' id='word_1_137' title='bbox 631 1293 683 1354; x_wconf 88' lang='lat' dir='ltr'><strong><em>per</em></strong></span> <span class='ocrx_word' id='word_1_138' title='bbox 697 1275 765 1336; x_wconf 88' lang='lat' dir='ltr'><strong><em>Ion·</em></strong></span> <span class='ocrx_word' id='word_1_139' title='bbox 806 1275 962 1336; x_wconf 83' lang='lat' dir='ltr'><strong><em>asceradens</em></strong></span> <span class='ocrx_word' id='word_1_140' title='bbox 972 1273 1196 1352; x_wconf 86' lang='lat' dir='ltr'><strong><em>saperasinam,</em></strong></span> <span class='ocrx_word' id='word_1_141' title='bbox 1211 1281 1236 1334; x_wconf 91' lang='lat' dir='ltr'><strong><em>et</em></strong></span> <span class='ocrx_word' id='word_1_142' title='bbox 1247 1273 1415 1352; x_wconf 87' lang='lat' dir='ltr'><strong><em>superpul-</em></strong></span> 
     </span>
     <span class='ocr_line' id='line_1_15' title="bbox 167 1355 1412 1438; baseline 0.001 -22"><span class='ocrx_word' id='word_1_143' title='bbox 167 1356 320 1435; x_wconf 81' lang='lat' dir='ltr'><strong><em>gissimum</em></strong></span> <span class='ocrx_word' id='word_1_144' title='bbox 341 1364 469 1435; x_wconf 87' lang='lat' dir='ltr'><strong><em>tempus,</em></strong></span> <span class='ocrx_word' id='word_1_145' title='bbox 490 1374 540 1417; x_wconf 92' lang='lat' dir='ltr'><strong><em>sea</em></strong></span> <span class='ocrx_word' id='word_1_146' title='bbox 561 1376 654 1438; x_wconf 86' lang='lat' dir='ltr'><strong><em>usque</em></strong></span> <span class='ocrx_word' id='word_1_147' title='bbox 674 1359 708 1419; x_wconf 87' lang='lat' dir='ltr'><strong><em>ad</em></strong></span> <span class='ocrx_word' id='word_1_148' title='bbox 728 1360 765 1420; x_wconf 84' lang='lat' dir='ltr'><strong><em>sr-</em></strong></span> <span class='ocrx_word' id='word_1_149' title='bbox 807 1355 880 1431; x_wconf 89' lang='lat' dir='ltr'><strong><em>lam,</em></strong></span> <span class='ocrx_word' id='word_1_150' title='bbox 898 1359 995 1438; x_wconf 75' lang='lat' dir='ltr'><strong><em>filicem</em></strong></span> <span class='ocrx_word' id='word_1_151' title='bbox 1013 1357 1117 1419; x_wconf 85' lang='lat' dir='ltr'><strong><em>asinae</em></strong></span> <span class='ocrx_word' id='word_1_152' title='bbox 1136 1356 1194 1436; x_wconf 61' lang='lat' dir='ltr'><strong><em>(ip</em></strong></span> <span class='ocrx_word' id='word_1_153' title='bbox 1213 1358 1274 1438; x_wconf 80' lang='lat' dir='ltr'><strong><em>qao</em></strong></span> <span class='ocrx_word' id='word_1_154' title='bbox 1292 1356 1323 1416; x_wconf 89' lang='lat' dir='ltr'><strong><em>ia</em></strong></span> <span class='ocrx_word' id='word_1_155' title='bbox 1343 1357 1412 1417; x_wconf 90' lang='lat' dir='ltr'><strong><em>loco</em></strong></span> 
     </span>
     <span class='ocr_line' id='line_1_16' title="bbox 168 1439 1412 1516; baseline 0 -16"><span class='ocrx_word' id='word_1_156' title='bbox 168 1459 233 1501; x_wconf 88' lang='lat' dir='ltr'><strong><em>uem</em></strong></span> <span class='ocrx_word' id='word_1_157' title='bbox 248 1439 363 1516; x_wconf 80' lang='lat' dir='ltr'><strong><em>aurardi,</em></strong></span> <span class='ocrx_word' id='word_1_158' title='bbox 376 1441 535 1502; x_wconf 87' lang='lat' dir='ltr'><strong><em>secandam</em></strong></span> <span class='ocrx_word' id='word_1_159' title='bbox 548 1443 683 1504; x_wconf 86' lang='lat' dir='ltr'><strong><em>ordinem</em></strong></span> <span class='ocrx_word' id='word_1_160' title='bbox 695 1445 767 1507; x_wconf 89' lang='lat' dir='ltr'><strong><em>Mel·</em></strong></span> <span class='ocrx_word' id='word_1_161' title='bbox 807 1442 842 1502; x_wconf 88' lang='lat' dir='ltr'><strong><em>do</em></strong></span> <span class='ocrx_word' id='word_1_162' title='bbox 856 1441 962 1503; x_wconf 83' lang='lat' dir='ltr'><strong><em>Massia</em></strong></span> <span class='ocrx_word' id='word_1_163' title='bbox 975 1459 1141 1504; x_wconf 86' lang='lat' dir='ltr'><strong><em>sermonem</em></strong></span> <span class='ocrx_word' id='word_1_164' title='bbox 1156 1459 1232 1516; x_wconf 86' lang='lat' dir='ltr'><strong><em>esse,</em></strong></span> <span class='ocrx_word' id='word_1_165' title='bbox 1247 1440 1412 1501; x_wconf 84' lang='lat' dir='ltr'><strong><em>ostendant</em></strong></span> 
     </span>
     <span class='ocr_line' id='line_1_17' title="bbox 167 1523 1411 1608; baseline -0.002 -22"><span class='ocrx_word' id='word_1_166' title='bbox 167 1525 323 1598; x_wconf 70' lang='lat' dir='ltr'><strong><em>chisedech,</em></strong></span> <span class='ocrx_word' id='word_1_167' title='bbox 341 1524 362 1584; x_wconf 83' lang='lat' dir='ltr'><strong><em>t.</em></strong></span> <span class='ocrx_word' id='word_1_168' title='bbox 381 1543 407 1585; x_wconf 91' lang='lat' dir='ltr'><strong><em>e.</em></strong></span> <span class='ocrx_word' id='word_1_169' title='bbox 429 1524 509 1585; x_wconf 80' lang='lat' dir='ltr'><strong><em>iuxta</em></strong></span> <span class='ocrx_word' id='word_1_170' title='bbox 528 1526 661 1601; x_wconf 89' lang='lat' dir='ltr'><strong><em>modum,</em></strong></span> <span class='ocrx_word' id='word_1_171' title='bbox 676 1547 763 1608; x_wconf 87' lang='lat' dir='ltr'><strong><em>quem</em></strong></span> <span class='ocrx_word' id='word_1_172' title='bbox 806 1525 1011 1602; x_wconf 87' lang='lat' dir='ltr'><strong><em>characteres,</em></strong></span> <span class='ocrx_word' id='word_1_173' title='bbox 1032 1524 1141 1605; x_wconf 84' lang='lat' dir='ltr'><strong><em>quibus</em></strong></span> <span class='ocrx_word' id='word_1_174' title='bbox 1161 1523 1340 1602; x_wconf 81' lang='lat' dir='ltr'><strong><em>insignitur;</em></strong></span> <span class='ocrx_word' id='word_1_175' title='bbox 1360 1524 1411 1584; x_wconf 88' lang='lat' dir='ltr'><strong><em>di-</em></strong></span> 
     </span>
     <span class='ocr_line' id='line_1_18' title="bbox 166 1607 1412 1688; baseline 0 -20"><span class='ocrx_word' id='word_1_176' title='bbox 166 1607 763 1688; x_wconf 80' lang='lat' dir='ltr'><strong><em>servavitinsacrificandoMelchisedech,</em></strong></span> <span class='ocrx_word' id='word_1_177' title='bbox 805 1610 883 1670; x_wconf 87' lang='lat' dir='ltr'><strong><em>citur</em></strong></span> <span class='ocrx_word' id='word_1_178' title='bbox 906 1610 984 1670; x_wconf 89' lang='lat' dir='ltr'><strong><em>enim</em></strong></span> <span class='ocrx_word' id='word_1_179' title='bbox 1010 1609 1095 1684; x_wconf 82' lang='lat' dir='ltr'><strong><em>Rea,</em></strong></span> <span class='ocrx_word' id='word_1_180' title='bbox 1122 1608 1237 1684; x_wconf 87' lang='lat' dir='ltr'><strong><em>itastus,</em></strong></span> <span class='ocrx_word' id='word_1_181' title='bbox 1257 1607 1412 1680; x_wconf 64' lang='lat' dir='ltr'><strong><em>salectam·</em></strong></span> 
     </span>
     <span class='ocr_line' id='line_1_19' title="bbox 166 1691 1411 1775; baseline 0 -23"><span class='ocrx_word' id='word_1_182' title='bbox 166 1692 215 1772; x_wconf 88' lang='lat' dir='ltr'><strong><em>qai</em></strong></span> <span class='ocrx_word' id='word_1_183' title='bbox 234 1693 404 1774; x_wconf 86' lang='lat' dir='ltr'><strong><em>proferebat</em></strong></span> <span class='ocrx_word' id='word_1_184' title='bbox 423 1712 528 1774; x_wconf 81' lang='lat' dir='ltr'><strong><em>panem</em></strong></span> <span class='ocrx_word' id='word_1_185' title='bbox 546 1702 575 1754; x_wconf 89' lang='lat' dir='ltr'><strong><em>el</em></strong></span> <span class='ocrx_word' id='word_1_186' title='bbox 589 1695 688 1754; x_wconf 86' lang='lat' dir='ltr'><strong><em>viuum</em></strong></span> <span class='ocrx_word' id='word_1_187' title='bbox 704 1697 762 1775; x_wconf 90' lang='lat' dir='ltr'>(I).</span> <span class='ocrx_word' id='word_1_188' title='bbox 806 1693 872 1754; x_wconf 86' lang='lat' dir='ltr'><strong><em>ideo</em></strong></span> <span class='ocrx_word' id='word_1_189' title='bbox 891 1693 955 1774; x_wconf 87' lang='lat' dir='ltr'><strong><em>ipsa</em></strong></span> <span class='ocrx_word' id='word_1_190' title='bbox 974 1691 1125 1774; x_wconf 80' lang='lat' dir='ltr'><strong><em>Syaagoga</em></strong></span> <span class='ocrx_word' id='word_1_191' title='bbox 1145 1693 1267 1774; x_wconf 84' lang='lat' dir='ltr'><strong><em>antIqua</em></strong></span> <span class='ocrx_word' id='word_1_192' title='bbox 1286 1691 1344 1753; x_wconf 89' lang='lat' dir='ltr'><strong><em>hoc</em></strong></span> <span class='ocrx_word' id='word_1_193' title='bbox 1358 1710 1411 1752; x_wconf 83' lang='lat' dir='ltr'><strong><em>aa·</em></strong></span> 
     </span>
     <span class='ocr_line' id='line_1_20' title="bbox 207 1775 1280 1859; baseline -0.002 -22"><span class='ocrx_word' id='word_1_194' title='bbox 207 1777 237 1837; x_wconf 91' lang='lat'><strong><em>8.</em></strong></span> <span class='ocrx_word' id='word_1_195' title='bbox 259 1775 380 1837; x_wconf 84' lang='lat' dir='ltr'><strong><em>Messias</em></strong></span> <span class='ocrx_word' id='word_1_196' title='bbox 405 1777 578 1857; x_wconf 89' lang='lat' dir='ltr'><strong><em>saepissime</em></strong></span> <span class='ocrx_word' id='word_1_197' title='bbox 596 1797 612 1838; x_wconf 92' lang='lat' dir='ltr'><strong><em>a</em></strong></span> <span class='ocrx_word' id='word_1_198' title='bbox 631 1777 762 1859; x_wconf 83' lang='lat' dir='ltr'><strong><em>Proplre-</em></strong></span> <span class='ocrx_word' id='word_1_199' title='bbox 807 1775 940 1838; x_wconf 89' lang='lat' dir='ltr'><strong><em>ticinium</em></strong></span> <span class='ocrx_word' id='word_1_200' title='bbox 959 1779 993 1839; x_wconf 88' lang='lat' dir='ltr'><strong><em>ad</em></strong></span> <span class='ocrx_word' id='word_1_201' title='bbox 1014 1775 1148 1840; x_wconf 82' lang='lat' dir='ltr'><strong><em>Messium</em></strong></span> <span class='ocrx_word' id='word_1_202' title='bbox 1168 1777 1280 1837; x_wconf 87' lang='lat' dir='ltr'><strong><em>retulit.</em></strong></span> 
     </span>
    </p>

    <p class='ocr_par' dir='ltr' id='par_1_6' title="bbox 163 1856 1411 2445">
     <span class='ocr_line' id='line_1_21' title="bbox 166 1856 1411 1942; baseline 0.002 -25"><span class='ocrx_word' id='word_1_203' title='bbox 166 1856 203 1918; x_wconf 90' lang='lat' dir='ltr'><strong><em>tis</em></strong></span> <span class='ocrx_word' id='word_1_204' title='bbox 222 1860 287 1923; x_wconf 82' lang='lat' dir='ltr'><strong><em>Iler</em></strong></span> <span class='ocrx_word' id='word_1_205' title='bbox 305 1871 511 1940; x_wconf 65' lang='lat' dir='ltr'><strong><em>nuncupatum</em></strong></span> <span class='ocrx_word' id='word_1_206' title='bbox 533 1869 562 1922; x_wconf 91' lang='lat' dir='ltr'><strong><em>at</em></strong></span> <span class='ocrx_word' id='word_1_207' title='bbox 580 1860 623 1922; x_wconf 86' lang='lat' dir='ltr'><strong><em>itti</em></strong></span> <span class='ocrx_word' id='word_1_208' title='bbox 641 1881 764 1942; x_wconf 77' lang='lat' dir='ltr'><strong><em>reguum</em></strong></span> <span class='ocrx_word' id='word_1_209' title='bbox 849 1861 1040 1923; x_wconf 73' lang='lat' dir='ltr'><strong><em>tartessus</em></strong></span> <span class='ocrx_word' id='word_1_210' title='bbox 1062 1859 1175 1938; x_wconf 80' lang='lat' dir='ltr'><strong><em>ingredi</em></strong></span> <span class='ocrx_word' id='word_1_211' title='bbox 1200 1858 1304 1920; x_wconf 82' lang='lat' dir='ltr'><strong><em>debuit</em></strong></span> <span class='ocrx_word' id='word_1_212' title='bbox 1328 1867 1411 1920; x_wconf 88' lang='lat' dir='ltr'><strong><em>tem·</em></strong></span> 
     </span>
     <span class='ocr_line' id='line_1_22' title="bbox 166 1943 1409 2026; baseline 0.003 -26"><span class='ocrx_word' id='word_1_213' title='bbox 166 1944 319 2020; x_wconf 85' lang='lat' dir='ltr'><strong><em>spirituale</em></strong></span> <span class='ocrx_word' id='word_1_214' title='bbox 338 1953 366 2006; x_wconf 90' lang='lat' dir='ltr'><strong><em>et</em></strong></span> <span class='ocrx_word' id='word_1_215' title='bbox 385 1953 538 2006; x_wconf 88' lang='lat' dir='ltr'><strong><em>aeternum</em></strong></span> <span class='ocrx_word' id='word_1_216' title='bbox 565 1945 762 2010; x_wconf 76' lang='lat' dir='ltr'><strong><em>adiudicatus.</em></strong></span> <span class='ocrx_word' id='word_1_217' title='bbox 806 1945 886 2026; x_wconf 90' lang='lat' dir='ltr'><strong><em>plum</em></strong></span> <span class='ocrx_word' id='word_1_218' title='bbox 900 1947 1077 2017; x_wconf 89' lang='lat' dir='ltr'><strong><em>secundum,</em></strong></span> <span class='ocrx_word' id='word_1_219' title='bbox 1090 1944 1145 2004; x_wconf 88' lang='lat' dir='ltr'><strong><em>sub</em></strong></span> <span class='ocrx_word' id='word_1_220' title='bbox 1158 1943 1340 2004; x_wconf 83' lang='lat' dir='ltr'><strong><em>Zorobalrale</em></strong></span> <span class='ocrx_word' id='word_1_221' title='bbox 1355 1963 1409 2004; x_wconf 84' lang='lat' dir='ltr'><strong><em>cx-</em></strong></span> 
     </span>
     <span class='ocr_line' id='line_1_23' title="bbox 163 2023 1408 2113; baseline 0.002 -27"><span class='ocrx_word' id='word_1_222' title='bbox 163 2023 211 2088; x_wconf 88' lang='lat' dir='ltr'><strong><em>Sic</em></strong></span> <span class='ocrx_word' id='word_1_223' title='bbox 230 2027 279 2113; x_wconf 80' lang='lat' dir='ltr'><strong><em>Ps.</em></strong></span> <span class='ocrx_word' id='word_1_224' title='bbox 298 2026 324 2089; x_wconf 95' lang='lat' dir='ltr'><strong><em>II</em></strong></span> <span class='ocrx_word' id='word_1_225' title='bbox 336 2075 344 2105; x_wconf 92' lang='lat'><strong><em>,</em></strong></span> <span class='ocrx_word' id='word_1_226' title='bbox 364 2029 382 2090; x_wconf 85' lang='grc'><strong>6</strong></span> <span class='ocrx_word' id='word_1_227' title='bbox 400 2028 520 2090; x_wconf 80' lang='lat' dir='ltr'><strong><em>Messias</em></strong></span> <span class='ocrx_word' id='word_1_228' title='bbox 543 2029 603 2090; x_wconf 89' lang='lat' dir='ltr'><strong><em>ait:</em></strong></span> <span class='ocrx_word' id='word_1_229' title='bbox 623 2033 688 2112; x_wconf 79' lang='lat' dir='ltr'><strong><em>Epo</em></strong></span> <span class='ocrx_word' id='word_1_230' title='bbox 707 2051 763 2095; x_wconf 88' lang='lat' dir='ltr'><strong><em>aa·</em></strong></span> <span class='ocrx_word' id='word_1_231' title='bbox 805 2039 948 2090; x_wconf 89' lang='lat' dir='ltr'><strong><em>structum</em></strong></span> <span class='ocrx_word' id='word_1_232' title='bbox 962 2030 1042 2090; x_wconf 83' lang='lat' dir='ltr'><strong><em>iaxta</em></strong></span> <span class='ocrx_word' id='word_1_233' title='bbox 1056 2029 1143 2089; x_wconf 87' lang='lat' dir='ltr'><strong><em>citata</em></strong></span> <span class='ocrx_word' id='word_1_234' title='bbox 1162 2027 1219 2088; x_wconf 87' lang='lat' dir='ltr'><strong><em>iam</em></strong></span> <span class='ocrx_word' id='word_1_235' title='bbox 1241 2027 1330 2088; x_wconf 89' lang='lat' dir='ltr'><strong><em>verba</em></strong></span> <span class='ocrx_word' id='word_1_236' title='bbox 1344 2026 1408 2088; x_wconf 94' lang='lat' dir='ltr'><strong><em>Ma-</em></strong></span> 
     </span>
     <span class='ocr_line' id='line_1_24' title="bbox 164 2111 1410 2196; baseline 0.002 -26"><span class='ocrx_word' id='word_1_237' title='bbox 164 2117 221 2174; x_wconf 91' lang='lat' dir='ltr'><strong><em>tem</em></strong></span> <span class='ocrx_word' id='word_1_238' title='bbox 236 2113 411 2174; x_wconf 87' lang='lat' dir='ltr'><strong><em>constitutas</em></strong></span> <span class='ocrx_word' id='word_1_239' title='bbox 427 2131 492 2174; x_wconf 88' lang='lat' dir='ltr'><strong><em>sam</em></strong></span> <span class='ocrx_word' id='word_1_240' title='bbox 506 2113 570 2175; x_wconf 82' lang='lat' dir='ltr'><strong><em>Rea</em></strong></span> <span class='ocrx_word' id='word_1_241' title='bbox 583 2115 618 2176; x_wconf 81' lang='lat' dir='ltr'><strong><em>ab</em></strong></span> <span class='ocrx_word' id='word_1_242' title='bbox 632 2134 663 2178; x_wconf 90' lang='lat' dir='ltr'><strong><em>co</em></strong></span> <span class='ocrx_word' id='word_1_243' title='bbox 677 2134 766 2196; x_wconf 78' lang='lat' dir='ltr'><strong><em>suaper</em></strong></span> <span class='ocrx_word' id='word_1_244' title='bbox 805 2113 938 2175; x_wconf 89' lang='lat' dir='ltr'><strong><em>laclriae:</em></strong></span> <span class='ocrx_word' id='word_1_245' title='bbox 969 2112 1069 2178; x_wconf 85' lang='lat' dir='ltr'><strong><em>Veniet</em></strong></span> <span class='ocrx_word' id='word_1_246' title='bbox 1093 2113 1133 2174; x_wconf 92' lang='lat' dir='ltr'><strong><em>ad</em></strong></span> <span class='ocrx_word' id='word_1_247' title='bbox 1157 2111 1297 2190; x_wconf 89' lang='lat' dir='ltr'><strong><em>templum</em></strong></span> <span class='ocrx_word' id='word_1_248' title='bbox 1320 2129 1410 2173; x_wconf 85' lang='lat' dir='ltr'><strong><em>saram</em></strong></span> 
     </span>
     <span class='ocr_line' id='line_1_25' title="bbox 163 2194 1409 2280; baseline -0.001 -23"><span class='ocrx_word' id='word_1_249' title='bbox 163 2194 236 2258; x_wconf 87' lang='lat' dir='ltr'><strong><em>Sion</em></strong></span> <span class='ocrx_word' id='word_1_250' title='bbox 253 2205 381 2258; x_wconf 91' lang='lat' dir='ltr'><strong><em>montem</em></strong></span> <span class='ocrx_word' id='word_1_251' title='bbox 397 2205 532 2259; x_wconf 86' lang='lat' dir='ltr'><strong><em>sanatam</em></strong></span> <span class='ocrx_word' id='word_1_252' title='bbox 550 2197 624 2275; x_wconf 82' lang='lat' dir='ltr'><strong><em>eiras,</em></strong></span> <span class='ocrx_word' id='word_1_253' title='bbox 642 2201 764 2280; x_wconf 86' lang='lat' dir='ltr'><strong><em>praedi·</em></strong></span> <span class='ocrx_word' id='word_1_254' title='bbox 805 2198 991 2272; x_wconf 78' lang='lat' dir='ltr'><strong><em>dominator,</em></strong></span> <span class='ocrx_word' id='word_1_255' title='bbox 1011 2215 1096 2275; x_wconf 84' lang='lat' dir='ltr'><strong><em>quem</em></strong></span> <span class='ocrx_word' id='word_1_256' title='bbox 1121 2213 1172 2259; x_wconf 85' lang='lat' dir='ltr'><strong><em>cos</em></strong></span> <span class='ocrx_word' id='word_1_257' title='bbox 1194 2195 1353 2274; x_wconf 78' lang='lat' dir='ltr'><strong><em>atramitis,</em></strong></span> <span class='ocrx_word' id='word_1_258' title='bbox 1380 2203 1409 2257; x_wconf 89' lang='lat' dir='ltr'><strong><em>ot</em></strong></span> 
     </span>
     <span class='ocr_line' id='line_1_26' title="bbox 164 2280 1411 2362; baseline 0 -21"><span class='ocrx_word' id='word_1_259' title='bbox 164 2296 234 2342; x_wconf 86' lang='lat' dir='ltr'><strong><em>cans</em></strong></span> <span class='ocrx_word' id='word_1_260' title='bbox 249 2290 435 2360; x_wconf 87' lang='lat' dir='ltr'><strong><em>praeceptam</em></strong></span> <span class='ocrx_word' id='word_1_261' title='bbox 452 2283 526 2344; x_wconf 87' lang='lat' dir='ltr'><strong><em>eius.</em></strong></span> <span class='ocrx_word' id='word_1_262' title='bbox 550 2281 598 2344; x_wconf 90' lang='lat' dir='ltr'><strong><em>Ps.</em></strong></span> <span class='ocrx_word' id='word_1_263' title='bbox 619 2283 725 2362; x_wconf 86' lang='lat' dir='ltr'>LXXI,</span> <span class='ocrx_word' id='word_1_264' title='bbox 746 2289 759 2346; x_wconf 84' lang='lat' dir='ltr'><strong><em>t</em></strong></span> <span class='ocrx_word' id='word_1_265' title='bbox 804 2282 925 2360; x_wconf 72' lang='lat' dir='ltr'><strong><em>anactea</em></strong></span> <span class='ocrx_word' id='word_1_266' title='bbox 950 2280 1124 2355; x_wconf 88' lang='lat' dir='ltr'><strong><em>testamenti,</em></strong></span> <span class='ocrx_word' id='word_1_267' title='bbox 1153 2297 1237 2360; x_wconf 78' lang='lat' dir='ltr'><strong><em>arram</em></strong></span> <span class='ocrx_word' id='word_1_268' title='bbox 1260 2296 1311 2342; x_wconf 87' lang='lat' dir='ltr'><strong><em>vos</em></strong></span> <span class='ocrx_word' id='word_1_269' title='bbox 1339 2280 1411 2342; x_wconf 86' lang='lat' dir='ltr'><strong><em>aral·</em></strong></span> 
     </span>
     <span class='ocr_line' id='line_1_27' title="bbox 164 2364 913 2445; baseline 0 -20"><span class='ocrx_word' id='word_1_270' title='bbox 164 2370 222 2425; x_wconf 89' lang='lat' dir='ltr'><strong><em>eta.</em></strong></span> <span class='ocrx_word' id='word_1_271' title='bbox 242 2364 369 2426; x_wconf 87' lang='lat' dir='ltr'><strong><em>dicitur:</em></strong></span> <span class='ocrx_word' id='word_1_272' title='bbox 390 2366 487 2444; x_wconf 83' lang='lat' dir='ltr'><strong><em>Deus,</em></strong></span> <span class='ocrx_word' id='word_1_273' title='bbox 511 2367 655 2430; x_wconf 87' lang='lat' dir='ltr'><strong><em>indiciam</em></strong></span> <span class='ocrx_word' id='word_1_274' title='bbox 680 2379 765 2432; x_wconf 76' lang='lat' dir='ltr'><strong><em>tauram</em></strong></span> <span class='ocrx_word' id='word_1_275' title='bbox 804 2365 841 2427; x_wconf 86' lang='lat' dir='ltr'><strong><em>tis</em></strong></span> <span class='ocrx_word' id='word_1_276' title='bbox 855 2365 913 2445; x_wconf 85' lang='lat'>(5).</span> 
     </span>
    </p>

    <p class='ocr_par' dir='ltr' id='par_1_7' title="bbox 160 2446 1411 3034">
     <span class='ocr_line' id='line_1_28' title="bbox 162 2446 1408 2534; baseline -0.001 -25"><span class='ocrx_word' id='word_1_277' title='bbox 162 2447 237 2528; x_wconf 84' lang='lat' dir='ltr'><strong><em>Rrpi</em></strong></span> <span class='ocrx_word' id='word_1_278' title='bbox 253 2449 310 2524; x_wconf 93' lang='lat' dir='ltr'><strong><em>da,</em></strong></span> <span class='ocrx_word' id='word_1_279' title='bbox 330 2458 357 2512; x_wconf 88' lang='lat' dir='ltr'><strong><em>et</em></strong></span> <span class='ocrx_word' id='word_1_280' title='bbox 375 2449 518 2513; x_wconf 87' lang='lat' dir='ltr'><strong><em>iustitiam</em></strong></span> <span class='ocrx_word' id='word_1_281' title='bbox 537 2460 618 2514; x_wconf 89' lang='lat' dir='ltr'><strong><em>tuam</em></strong></span> <span class='ocrx_word' id='word_1_282' title='bbox 634 2453 696 2534; x_wconf 81' lang='lat' dir='ltr'><strong><em>filio</em></strong></span> <span class='ocrx_word' id='word_1_283' title='bbox 714 2471 763 2514; x_wconf 90' lang='lat' dir='ltr'><strong><em>ra·</em></strong></span> <span class='ocrx_word' id='word_1_284' title='bbox 846 2449 896 2511; x_wconf 77' lang='lat' dir='ltr'><strong><em>tr.</em></strong></span> <span class='ocrx_word' id='word_1_285' title='bbox 916 2447 1035 2510; x_wconf 85' lang='lat' dir='ltr'><strong><em>Messias</em></strong></span> <span class='ocrx_word' id='word_1_286' title='bbox 1051 2446 1211 2508; x_wconf 86' lang='lat' dir='ltr'><strong><em>maximum</em></strong></span> <span class='ocrx_word' id='word_1_287' title='bbox 1229 2447 1326 2508; x_wconf 84' lang='lat' dir='ltr'><strong><em>zelum</em></strong></span> <span class='ocrx_word' id='word_1_288' title='bbox 1353 2465 1408 2528; x_wconf 88' lang='lat' dir='ltr'><strong><em>pro</em></strong></span> 
     </span>
     <span class='ocr_line' id='line_1_29' title="bbox 162 2531 1408 2614; baseline -0.002 -20"><span class='ocrx_word' id='word_1_289' title='bbox 162 2532 227 2612; x_wconf 80' lang='lat' dir='ltr'><strong><em>pis:</em></strong></span> <span class='ocrx_word' id='word_1_290' title='bbox 245 2533 379 2596; x_wconf 83' lang='lat' dir='ltr'><strong><em>iudicare</em></strong></span> <span class='ocrx_word' id='word_1_291' title='bbox 392 2536 534 2614; x_wconf 81' lang='lat' dir='ltr'><strong><em>papatiam</em></strong></span> <span class='ocrx_word' id='word_1_292' title='bbox 552 2545 636 2598; x_wconf 88' lang='lat' dir='ltr'><strong><em>taam</em></strong></span> <span class='ocrx_word' id='word_1_293' title='bbox 654 2537 687 2598; x_wconf 87' lang='lat' dir='ltr'><strong><em>in</em></strong></span> <span class='ocrx_word' id='word_1_294' title='bbox 713 2537 764 2599; x_wconf 91' lang='lat' dir='ltr'><strong><em>iu·</em></strong></span> <span class='ocrx_word' id='word_1_295' title='bbox 804 2531 891 2595; x_wconf 89' lang='lat' dir='ltr'><strong><em>domo</em></strong></span> <span class='ocrx_word' id='word_1_296' title='bbox 914 2533 979 2609; x_wconf 82' lang='lat' dir='ltr'><strong><em>Ilei,</em></strong></span> <span class='ocrx_word' id='word_1_297' title='bbox 1001 2533 1021 2593; x_wconf 92' lang='lat' dir='ltr'><strong><em>i.</em></strong></span> <span class='ocrx_word' id='word_1_298' title='bbox 1044 2551 1071 2593; x_wconf 93' lang='lat' dir='ltr'><strong><em>e.</em></strong></span> <span class='ocrx_word' id='word_1_299' title='bbox 1092 2551 1145 2610; x_wconf 85' lang='lat' dir='ltr'><strong><em>pro</em></strong></span> <span class='ocrx_word' id='word_1_300' title='bbox 1164 2531 1278 2592; x_wconf 83' lang='lat' dir='ltr'><strong><em>honore</em></strong></span> <span class='ocrx_word' id='word_1_301' title='bbox 1301 2533 1408 2610; x_wconf 85' lang='lat' dir='ltr'><strong><em>templi</em></strong></span> 
     </span>
     <span class='ocr_line' id='line_1_30' title="bbox 162 2613 1411 2698; baseline -0.002 -20"><span class='ocrx_word' id='word_1_302' title='bbox 162 2617 261 2694; x_wconf 82' lang='lat' dir='ltr'><strong><em>stilio,</em></strong></span> <span class='ocrx_word' id='word_1_303' title='bbox 278 2625 305 2678; x_wconf 89' lang='lat' dir='ltr'><strong><em>el</em></strong></span> <span class='ocrx_word' id='word_1_304' title='bbox 319 2637 462 2698; x_wconf 83' lang='lat' dir='ltr'><strong><em>pauperes</em></strong></span> <span class='ocrx_word' id='word_1_305' title='bbox 480 2628 543 2682; x_wconf 78' lang='lat' dir='ltr'><strong><em>talos</em></strong></span> <span class='ocrx_word' id='word_1_306' title='bbox 561 2622 593 2681; x_wconf 90' lang='lat' dir='ltr'><strong><em>in</em></strong></span> <span class='ocrx_word' id='word_1_307' title='bbox 612 2621 761 2684; x_wconf 82' lang='lat' dir='ltr'><strong><em>iudicio...</em></strong></span> <span class='ocrx_word' id='word_1_308' title='bbox 804 2624 977 2678; x_wconf 86' lang='lat' dir='ltr'><strong><em>ostensurus</em></strong></span> <span class='ocrx_word' id='word_1_309' title='bbox 995 2623 1068 2677; x_wconf 89' lang='lat' dir='ltr'><strong><em>erat:</em></strong></span> <span class='ocrx_word' id='word_1_310' title='bbox 1093 2615 1156 2696; x_wconf 82' lang='lat' dir='ltr'><strong><em>ipse</em></strong></span> <span class='ocrx_word' id='word_1_311' title='bbox 1176 2615 1254 2675; x_wconf 86' lang='lat' dir='ltr'><strong><em>eninr</em></strong></span> <span class='ocrx_word' id='word_1_312' title='bbox 1275 2615 1305 2675; x_wconf 89' lang='lat' dir='ltr'><strong><em>in</em></strong></span> <span class='ocrx_word' id='word_1_313' title='bbox 1324 2613 1411 2676; x_wconf 81' lang='lat' dir='ltr'><strong><em>I‘sal·</em></strong></span> 
     </span>
     <span class='ocr_line' id='line_1_31' title="bbox 163 2697 1409 2783; baseline -0.005 -16"><span class='ocrx_word' id='word_1_314' title='bbox 163 2701 303 2764; x_wconf 84' lang='lat' dir='ltr'><strong><em>t&#39;ttdt&#39;caltit</em></strong></span> <span class='ocrx_word' id='word_1_315' title='bbox 318 2721 462 2783; x_wconf 76' lang='lat' dir='ltr'><strong><em>parsperes</em></strong></span> <span class='ocrx_word' id='word_1_316' title='bbox 477 2704 599 2782; x_wconf 85' lang='lat' dir='ltr'><strong><em>populi,</em></strong></span> <span class='ocrx_word' id='word_1_317' title='bbox 622 2713 648 2766; x_wconf 92' lang='lat' dir='ltr'><strong><em>et</em></strong></span> <span class='ocrx_word' id='word_1_318' title='bbox 671 2705 764 2768; x_wconf 83' lang='lat' dir='ltr'><strong><em>salvos</em></strong></span> <span class='ocrx_word' id='word_1_319' title='bbox 805 2719 851 2760; x_wconf 92' lang='lat' dir='ltr'><strong><em>mo</em></strong></span> <span class='ocrx_word' id='word_1_320' title='bbox 866 2698 991 2776; x_wconf 83' lang='lat' dir='ltr'>LXVIII,</span> <span class='ocrx_word' id='word_1_321' title='bbox 1007 2721 1032 2762; x_wconf 87' lang='lat' dir='ltr'><strong><em>v.</em></strong></span> <span class='ocrx_word' id='word_1_322' title='bbox 1047 2700 1085 2760; x_wconf 72' lang='lat' dir='ltr'><strong><em>li</em></strong></span> <span class='ocrx_word' id='word_1_323' title='bbox 1097 2697 1180 2760; x_wconf 86' lang='lat' dir='ltr'><strong><em>dicit:</em></strong></span> <span class='ocrx_word' id='word_1_324' title='bbox 1201 2699 1290 2760; x_wconf 86' lang='lat' dir='ltr'><strong><em>chras</em></strong></span> <span class='ocrx_word' id='word_1_325' title='bbox 1301 2699 1409 2761; x_wconf 87' lang='lat' dir='ltr'><strong><em>domas</em></strong></span> 
     </span>
     <span class='ocr_line' id='line_1_32' title="bbox 160 2784 1409 2867; baseline -0.003 -19"><span class='ocrx_word' id='word_1_326' title='bbox 160 2787 248 2866; x_wconf 72' lang='lat' dir='ltr'><strong><em>saciet</em></strong></span> <span class='ocrx_word' id='word_1_327' title='bbox 262 2787 339 2867; x_wconf 81' lang='lat' dir='ltr'><strong><em>filios</em></strong></span> <span class='ocrx_word' id='word_1_328' title='bbox 350 2795 597 2866; x_wconf 81' lang='lat' dir='ltr'><strong><em>paraper·am...&#39;at</em></strong></span> <span class='ocrx_word' id='word_1_329' title='bbox 608 2805 764 2867; x_wconf 88' lang='lat' dir='ltr'><strong><em>permane·</em></strong></span> <span class='ocrx_word' id='word_1_330' title='bbox 803 2793 870 2846; x_wconf 83' lang='lat' dir='ltr'><strong><em>Inoa</em></strong></span> <span class='ocrx_word' id='word_1_331' title='bbox 887 2785 1075 2860; x_wconf 75' lang='lat' dir='ltr'><strong><em>comeditur,</em></strong></span> <span class='ocrx_word' id='word_1_332' title='bbox 1090 2792 1116 2846; x_wconf 91' lang='lat' dir='ltr'><strong><em>ct</em></strong></span> <span class='ocrx_word' id='word_1_333' title='bbox 1130 2784 1409 2862; x_wconf 82' lang='lat' dir='ltr'><strong><em>opprobriacapro-</em></strong></span> 
     </span>
     <span class='ocr_line' id='line_1_33' title="bbox 163 2867 1404 2953; baseline -0.002 -22"><span class='ocrx_word' id='word_1_334' title='bbox 163 2871 202 2932; x_wconf 86' lang='lat' dir='ltr'><strong><em>trit</em></strong></span> <span class='ocrx_word' id='word_1_335' title='bbox 221 2889 288 2933; x_wconf 89' lang='lat' dir='ltr'><strong><em>carn</em></strong></span> <span class='ocrx_word' id='word_1_336' title='bbox 305 2871 364 2933; x_wconf 90' lang='lat' dir='ltr'><strong><em>sole</em></strong></span> <span class='ocrx_word' id='word_1_337' title='bbox 382 2880 408 2933; x_wconf 91' lang='lat' dir='ltr'><strong><em>et</em></strong></span> <span class='ocrx_word' id='word_1_338' title='bbox 426 2879 495 2932; x_wconf 88' lang='lat' dir='ltr'><strong><em>ante</em></strong></span> <span class='ocrx_word' id='word_1_339' title='bbox 512 2871 616 2933; x_wconf 85' lang='lat' dir='ltr'><strong><em>lrcrram</em></strong></span> <span class='ocrx_word' id='word_1_340' title='bbox 631 2874 663 2933; x_wconf 91' lang='lat' dir='ltr'><strong><em>in</em></strong></span> <span class='ocrx_word' id='word_1_341' title='bbox 678 2891 764 2953; x_wconf 79' lang='lat' dir='ltr'><strong><em>pene·</em></strong></span> <span class='ocrx_word' id='word_1_342' title='bbox 803 2869 1016 2932; x_wconf 83' lang='lat' dir='ltr'><strong><em>lrarttiamtili</em></strong></span> <span class='ocrx_word' id='word_1_343' title='bbox 1025 2870 1191 2931; x_wconf 87' lang='lat' dir='ltr'><strong><em>ceciderant</em></strong></span> <span class='ocrx_word' id='word_1_344' title='bbox 1202 2885 1302 2946; x_wconf 87' lang='lat' dir='ltr'><strong><em>srrpar,</em></strong></span> <span class='ocrx_word' id='word_1_345' title='bbox 1316 2867 1404 2942; x_wconf 73' lang='lat' dir='ltr'><strong><em>mai.</em></strong></span> 
     </span>
     <span class='ocr_line' id='line_1_34' title="bbox 162 2951 1406 3034; baseline -0.003 -18"><span class='ocrx_word' id='word_1_346' title='bbox 162 2955 308 3017; x_wconf 84' lang='lat' dir='ltr'><strong><em>rationem</em></strong></span> <span class='ocrx_word' id='word_1_347' title='bbox 330 2964 357 3016; x_wconf 89' lang='lat' dir='ltr'><strong><em>at</em></strong></span> <span class='ocrx_word' id='word_1_348' title='bbox 381 2955 601 3034; x_wconf 77' lang='lat' dir='ltr'><strong><em>persecutionem</em></strong></span> <span class='ocrx_word' id='word_1_349' title='bbox 626 2963 682 3017; x_wconf 89' lang='lat' dir='ltr'><strong><em>etc.</em></strong></span> <span class='ocrx_word' id='word_1_350' title='bbox 703 2955 760 3018; x_wconf 91' lang='lat' dir='ltr'><strong><em>Isa.</em></strong></span> <span class='ocrx_word' id='word_1_351' title='bbox 803 2970 830 3013; x_wconf 90' lang='lat' dir='ltr'><strong><em>e.</em></strong></span> <span class='ocrx_word' id='word_1_352' title='bbox 851 2952 979 3014; x_wconf 90' lang='lat' dir='ltr'><strong><em>iniuriae</em></strong></span> <span class='ocrx_word' id='word_1_353' title='bbox 998 2953 1064 3027; x_wconf 90' lang='lat' dir='ltr'><strong><em>tibi,</em></strong></span> <span class='ocrx_word' id='word_1_354' title='bbox 1082 2972 1099 3012; x_wconf 92' lang='lat' dir='ltr'><strong><em>o</em></strong></span> <span class='ocrx_word' id='word_1_355' title='bbox 1116 2951 1204 3012; x_wconf 88' lang='lat' dir='ltr'><strong><em>Deus!</em></strong></span> <span class='ocrx_word' id='word_1_356' title='bbox 1227 2952 1339 3026; x_wconf 85' lang='lat' dir='ltr'><strong><em>illatae,</em></strong></span> <span class='ocrx_word' id='word_1_357' title='bbox 1358 2969 1406 3012; x_wconf 90' lang='lat' dir='ltr'><strong><em>me</em></strong></span> 
     </span>
    </p>
   </div>
   <div class='ocr_carea' id='block_1_5' title="bbox 66 3033 1405 3118">
    <p class='ocr_par' dir='ltr' id='par_1_8' title="bbox 66 3033 1405 3118">
     <span class='ocr_line' id='line_1_35' title="bbox 66 3033 1405 3118; baseline -0.002 -21"><span class='ocrx_word' id='word_1_358' title='bbox 66 3091 71 3097; x_wconf 91' lang='lat'>.</span> <span class='ocrx_word' id='word_1_359' title='bbox 160 3035 211 3114; x_wconf 91' lang='lat' dir='ltr'><strong><em>IX,</em></strong></span> <span class='ocrx_word' id='word_1_360' title='bbox 226 3040 245 3100; x_wconf 88' lang='lat' dir='ltr'><strong><em>o</em></strong></span> <span class='ocrx_word' id='word_1_361' title='bbox 260 3048 331 3100; x_wconf 76' lang='lat' dir='ltr'><strong><em>eta:</em></strong></span> <span class='ocrx_word' id='word_1_362' title='bbox 345 3039 598 3102; x_wconf 86' lang='lat' dir='ltr'><strong><em>Paratalasnatas</em></strong></span> <span class='ocrx_word' id='word_1_363' title='bbox 611 3048 651 3102; x_wconf 85' lang='lat' dir='ltr'><strong><em>est</em></strong></span> <span class='ocrx_word' id='word_1_364' title='bbox 665 3042 760 3118; x_wconf 83' lang='lat' dir='ltr'><strong><em>notris,</em></strong></span> <span class='ocrx_word' id='word_1_365' title='bbox 803 3055 921 3117; x_wconf 80' lang='lat' dir='ltr'><strong><em>artaque</em></strong></span> <span class='ocrx_word' id='word_1_366' title='bbox 941 3036 1045 3098; x_wconf 88' lang='lat' dir='ltr'><strong><em>intime</em></strong></span> <span class='ocrx_word' id='word_1_367' title='bbox 1066 3036 1208 3098; x_wconf 85' lang='lat' dir='ltr'><strong><em>afficiunt.</em></strong></span> <span class='ocrx_word' id='word_1_368' title='bbox 1230 3033 1315 3095; x_wconf 89' lang='lat' dir='ltr'><strong><em>IIunc</em></strong></span> <span class='ocrx_word' id='word_1_369' title='bbox 1335 3052 1405 3095; x_wconf 87' lang='lat' dir='ltr'><strong><em>vero</em></strong></span> 
     </span>
    </p>
   </div>
   <div class='ocr_carea' id='block_1_6' title="bbox 158 3117 1449 4262">
    <p class='ocr_par' dir='ltr' id='par_1_9' title="bbox 158 3117 1449 4262">
     <span class='ocr_line' id='line_1_36' title="bbox 161 3117 1449 3202; baseline -0.005 -18"><span class='ocrx_word' id='word_1_370' title='bbox 161 3130 188 3184; x_wconf 88' lang='lat' dir='ltr'><strong><em>el</em></strong></span> <span class='ocrx_word' id='word_1_371' title='bbox 205 3123 286 3202; x_wconf 80' lang='lat' dir='ltr'><strong><em>filias</em></strong></span> <span class='ocrx_word' id='word_1_372' title='bbox 301 3125 388 3186; x_wconf 86' lang='lat' dir='ltr'><strong><em>datas</em></strong></span> <span class='ocrx_word' id='word_1_373' title='bbox 405 3131 445 3186; x_wconf 88' lang='lat' dir='ltr'><strong><em>est</em></strong></span> <span class='ocrx_word' id='word_1_374' title='bbox 463 3123 557 3200; x_wconf 81' lang='lat' dir='ltr'><strong><em>nolis,</em></strong></span> <span class='ocrx_word' id='word_1_375' title='bbox 573 3131 599 3186; x_wconf 87' lang='lat' dir='ltr'><strong><em>et</em></strong></span> <span class='ocrx_word' id='word_1_376' title='bbox 613 3123 763 3201; x_wconf 75' lang='lat' dir='ltr'><strong><em>factumest</em></strong></span> <span class='ocrx_word' id='word_1_377' title='bbox 802 3119 951 3181; x_wconf 87' lang='lat' dir='ltr'><strong><em>Psalmam</em></strong></span> <span class='ocrx_word' id='word_1_378' title='bbox 972 3120 1140 3182; x_wconf 87' lang='lat' dir='ltr'><strong><em>necessario</em></strong></span> <span class='ocrx_word' id='word_1_379' title='bbox 1154 3119 1189 3180; x_wconf 86' lang='lat' dir='ltr'><strong><em>ad</em></strong></span> <span class='ocrx_word' id='word_1_380' title='bbox 1204 3117 1340 3180; x_wconf 85' lang='lat' dir='ltr'><strong><em>Moesiam</em></strong></span> <span class='ocrx_word' id='word_1_381' title='bbox 1354 3137 1407 3178; x_wconf 88' lang='lat' dir='ltr'><strong><em>re·</em></strong></span> <span class='ocrx_word' id='word_1_382' title='bbox 1444 3179 1449 3186; x_wconf 76' lang='grc'><strong>,</strong></span> 
     </span>
     <span class='ocr_line' id='line_1_37' title="bbox 161 3201 1406 3286; baseline -0.005 -18"><span class='ocrx_word' id='word_1_383' title='bbox 161 3207 345 3286; x_wconf 77' lang='lat' dir='ltr'><strong><em>principatus</em></strong></span> <span class='ocrx_word' id='word_1_384' title='bbox 361 3225 449 3286; x_wconf 70' lang='lat' dir='ltr'><strong><em>narrar</em></strong></span> <span class='ocrx_word' id='word_1_385' title='bbox 464 3208 620 3270; x_wconf 79' lang='lat' dir='ltr'><strong><em>hamarum</em></strong></span> <span class='ocrx_word' id='word_1_386' title='bbox 636 3209 717 3286; x_wconf 87' lang='lat' dir='ltr'><strong><em>eins,</em></strong></span> <span class='ocrx_word' id='word_1_387' title='bbox 736 3219 763 3272; x_wconf 91' lang='lat' dir='ltr'><strong><em>et</em></strong></span> <span class='ocrx_word' id='word_1_388' title='bbox 803 3204 873 3265; x_wconf 76' lang='lat' dir='ltr'><strong><em>serti</em></strong></span> <span class='ocrx_word' id='word_1_389' title='bbox 896 3204 1051 3265; x_wconf 87' lang='lat' dir='ltr'><strong><em>indubium</em></strong></span> <span class='ocrx_word' id='word_1_390' title='bbox 1078 3213 1120 3266; x_wconf 90' lang='lat' dir='ltr'><strong><em>est</em></strong></span> <span class='ocrx_word' id='word_1_391' title='bbox 1138 3203 1196 3282; x_wconf 88' lang='lat' dir='ltr'><strong><em>(o).</em></strong></span> <span class='ocrx_word' id='word_1_392' title='bbox 1223 3201 1289 3282; x_wconf 85' lang='lat' dir='ltr'><strong><em>Ipso</em></strong></span> <span class='ocrx_word' id='word_1_393' title='bbox 1311 3201 1406 3282; x_wconf 87' lang='lat' dir='ltr'><strong><em>David</em></strong></span> 
     </span>
     <span class='ocr_line' id='line_1_38' title="bbox 161 3287 1406 3374; baseline 0.001 -22"><span class='ocrx_word' id='word_1_394' title='bbox 161 3291 433 3353; x_wconf 79' lang='lat' dir='ltr'><strong><em>vocabiturnomea</em></strong></span> <span class='ocrx_word' id='word_1_395' title='bbox 446 3293 547 3353; x_wconf 85' lang='lat' dir='ltr'><strong><em>cias...</em></strong></span> <span class='ocrx_word' id='word_1_396' title='bbox 559 3291 694 3372; x_wconf 88' lang='lat' dir='ltr'><strong><em>princeps</em></strong></span> <span class='ocrx_word' id='word_1_397' title='bbox 705 3311 761 3374; x_wconf 85' lang='lat' dir='ltr'><strong><em>pa·</em></strong></span> <span class='ocrx_word' id='word_1_398' title='bbox 802 3307 854 3368; x_wconf 81' lang='lat' dir='ltr'><strong><em>pto</em></strong></span> <span class='ocrx_word' id='word_1_399' title='bbox 874 3287 984 3348; x_wconf 78' lang='lat' dir='ltr'><strong><em>honore</em></strong></span> <span class='ocrx_word' id='word_1_400' title='bbox 1003 3289 1109 3349; x_wconf 82' lang='lat' dir='ltr'><strong><em>domus</em></strong></span> <span class='ocrx_word' id='word_1_401' title='bbox 1137 3287 1190 3348; x_wconf 81' lang='lat' dir='ltr'><strong><em>Dei</em></strong></span> <span class='ocrx_word' id='word_1_402' title='bbox 1214 3287 1315 3349; x_wconf 80' lang='lat' dir='ltr'><strong><em>zelans</em></strong></span> <span class='ocrx_word' id='word_1_403' title='bbox 1343 3303 1406 3347; x_wconf 77' lang='lat' dir='ltr'>110ss</span> 
     </span>
     <span class='ocr_line' id='line_1_39' title="bbox 161 3371 1190 3456; baseline -0.003 -20"><span class='ocrx_word' id='word_1_404' title='bbox 161 3375 222 3436; x_wconf 88' lang='lat' dir='ltr'><strong><em>cis:</em></strong></span> <span class='ocrx_word' id='word_1_405' title='bbox 244 3374 488 3454; x_wconf 79' lang='lat' dir='ltr'><strong><em>multiplicabitur</em></strong></span> <span class='ocrx_word' id='word_1_406' title='bbox 504 3376 566 3438; x_wconf 89' lang='lat' dir='ltr'><strong><em>eins</em></strong></span> <span class='ocrx_word' id='word_1_407' title='bbox 590 3377 760 3456; x_wconf 88' lang='lat' dir='ltr'><strong><em>imperinm,</em></strong></span> <span class='ocrx_word' id='word_1_408' title='bbox 802 3371 858 3434; x_wconf 85' lang='lat' dir='ltr'><strong><em>luit</em></strong></span> <span class='ocrx_word' id='word_1_409' title='bbox 874 3371 932 3434; x_wconf 87' lang='lat' dir='ltr'><strong><em>nisi</em></strong></span> <span class='ocrx_word' id='word_1_410' title='bbox 950 3375 1041 3450; x_wconf 81' lang='lat' dir='ltr'><strong><em>figura</em></strong></span> <span class='ocrx_word' id='word_1_411' title='bbox 1057 3371 1190 3434; x_wconf 89' lang='lat' dir='ltr'><strong><em>Messiae.</em></strong></span> 
     </span>
     <span class='ocr_line' id='line_1_40' title="bbox 160 3458 1167 3558; baseline 0.007 -39"><span class='ocrx_word' id='word_1_412' title='bbox 160 3465 188 3519; x_wconf 88' lang='lat' dir='ltr'><strong><em>et</em></strong></span> <span class='ocrx_word' id='word_1_413' title='bbox 202 3459 285 3537; x_wconf 88' lang='lat' dir='ltr'><strong><em>pacis</em></strong></span> <span class='ocrx_word' id='word_1_414' title='bbox 302 3477 364 3520; x_wconf 83' lang='lat' dir='ltr'><strong><em>aron</em></strong></span> <span class='ocrx_word' id='word_1_415' title='bbox 381 3461 438 3522; x_wconf 89' lang='lat' dir='ltr'><strong><em>erit</em></strong></span> <span class='ocrx_word' id='word_1_416' title='bbox 451 3459 534 3538; x_wconf 81' lang='lat' dir='ltr'><strong><em>finis:</em></strong></span> <span class='ocrx_word' id='word_1_417' title='bbox 553 3463 762 3539; x_wconf 84' lang='lat' dir='ltr'><strong><em>sapereoliana</em></strong></span> <span class='ocrx_word' id='word_1_418' title='bbox 811 3458 814 3466; x_wconf 77' lang='grc'><em>“</em></span> <span class='ocrx_word' id='word_1_419' title='bbox 1093 3511 1167 3558; x_wconf 45' lang='lat' dir='ltr'><strong><em>m·</em></strong></span> 
     </span>
     <span class='ocr_line' id='line_1_41' title="bbox 161 3505 1133 3628; baseline 0.004 -26"><span class='ocrx_word' id='word_1_420' title='bbox 161 3541 268 3618; x_wconf 83' lang='lat' dir='ltr'><strong><em>David,</em></strong></span> <span class='ocrx_word' id='word_1_421' title='bbox 283 3551 309 3605; x_wconf 92' lang='lat' dir='ltr'><strong><em>ct</em></strong></span> <span class='ocrx_word' id='word_1_422' title='bbox 323 3559 413 3621; x_wconf 87' lang='lat' dir='ltr'><strong><em>super</em></strong></span> <span class='ocrx_word' id='word_1_423' title='bbox 429 3561 552 3622; x_wconf 78' lang='lat' dir='ltr'><strong><em>reptatam</em></strong></span> <span class='ocrx_word' id='word_1_424' title='bbox 566 3546 630 3607; x_wconf 82' lang='lat' dir='ltr'><strong><em>eiras</em></strong></span> <span class='ocrx_word' id='word_1_425' title='bbox 643 3547 760 3620; x_wconf 78' lang='lat' dir='ltr'><strong><em>sedebit,</em></strong></span> <span class='ocrx_word' id='word_1_426' title='bbox 980 3615 986 3628; x_wconf 42' lang='grc'><strong>,</strong></span> <span class='ocrx_word' id='word_1_427' title='bbox 1035 3505 1066 3574; x_wconf 63' lang='lat'><strong><em>§⁹</em></strong></span> <span class='ocrx_word' id='word_1_428' title='bbox 1128 3616 1133 3626; x_wconf 33' lang='grc' dir='ltr'>Ι</span> 
     </span>
     <span class='ocr_line' id='line_1_42' title="bbox 160 3613 1321 3726; baseline 0.002 -38"><span class='ocrx_word' id='word_1_429' title='bbox 160 3634 194 3688; x_wconf 90' lang='lat' dir='ltr'><strong><em>at</em></strong></span> <span class='ocrx_word' id='word_1_430' title='bbox 212 3628 364 3708; x_wconf 83' lang='lat' dir='ltr'><strong><em>aorrfirmet</em></strong></span> <span class='ocrx_word' id='word_1_431' title='bbox 383 3627 477 3703; x_wconf 90' lang='lat' dir='ltr'><strong><em>illud,</em></strong></span> <span class='ocrx_word' id='word_1_432' title='bbox 497 3637 522 3690; x_wconf 89' lang='lat' dir='ltr'><strong><em>et</em></strong></span> <span class='ocrx_word' id='word_1_433' title='bbox 541 3630 707 3692; x_wconf 81' lang='lat' dir='ltr'><strong><em>corroboret</em></strong></span> <span class='ocrx_word' id='word_1_434' title='bbox 729 3631 762 3693; x_wconf 88' lang='lat' dir='ltr'><strong><em>ia</em></strong></span> <span class='ocrx_word' id='word_1_435' title='bbox 799 3691 802 3696; x_wconf 85' lang='grc'><strong>,</strong></span> <span class='ocrx_word' id='word_1_436' title='bbox 884 3615 921 3664; x_wconf 81' lang='lat'><strong><em>¹¹¹·</em></strong></span> <span class='ocrx_word' id='word_1_437' title='bbox 935 3615 1052 3662; x_wconf 65' lang='lat' dir='ltr'><strong><em>I¹¹¹¹⁶¹¹¹¹⁸</em></strong></span> <span class='ocrx_word' id='word_1_438' title='bbox 1067 3613 1321 3726; x_wconf 61' lang='lat' dir='ltr'><strong><em>²¹⁶⁸⁸¹³⁰,¹³⁸⁸,⁸&#39;⁰¹¹⁶¹¹¹r</em></strong></span> 
     </span>
     <span class='ocr_line' id='line_1_43' title="bbox 159 3684 1250 3794; baseline 0.003 -21"><span class='ocrx_word' id='word_1_439' title='bbox 159 3709 271 3774; x_wconf 89' lang='lat' dir='ltr'><strong><em>indicio</em></strong></span> <span class='ocrx_word' id='word_1_440' title='bbox 286 3721 312 3774; x_wconf 90' lang='lat' dir='ltr'><strong><em>et</em></strong></span> <span class='ocrx_word' id='word_1_441' title='bbox 326 3711 452 3790; x_wconf 87' lang='lat' dir='ltr'><strong><em>iustitia,</em></strong></span> <span class='ocrx_word' id='word_1_442' title='bbox 467 3713 570 3776; x_wconf 89' lang='lat' dir='ltr'><strong><em>amodo</em></strong></span> <span class='ocrx_word' id='word_1_443' title='bbox 585 3722 611 3777; x_wconf 89' lang='lat' dir='ltr'><strong><em>et</em></strong></span> <span class='ocrx_word' id='word_1_444' title='bbox 625 3730 715 3794; x_wconf 78' lang='lat' dir='ltr'><strong><em>asarta</em></strong></span> <span class='ocrx_word' id='word_1_445' title='bbox 727 3715 762 3778; x_wconf 85' lang='lat' dir='ltr'><strong><em>ira</em></strong></span> <span class='ocrx_word' id='word_1_446' title='bbox 957 3686 981 3730; x_wconf 74' lang='lat'><strong><em>⁰¹</em></strong></span> <span class='ocrx_word' id='word_1_447' title='bbox 997 3685 1096 3728; x_wconf 49' lang='grc' dir='ltr'><strong><em>ΝΜ</em></strong></span> <span class='ocrx_word' id='word_1_448' title='bbox 1110 3693 1165 3742; x_wconf 66' lang='lat'><strong><em>⁸⁹⁹⁰</em></strong></span> <span class='ocrx_word' id='word_1_449' title='bbox 1176 3684 1250 3728; x_wconf 66' lang='lat'><strong><em>‘¹⁰¹³&#39;</em></strong></span> 
     </span>
     <span class='ocr_line' id='line_1_44' title="bbox 158 3791 1403 3875; baseline -0.004 -17"><span class='ocrx_word' id='word_1_450' title='bbox 158 3797 382 3875; x_wconf 85' lang='lat' dir='ltr'><strong><em>sempiternam.</em></strong></span> <span class='ocrx_word' id='word_1_451' title='bbox 752 3813 757 3821; x_wconf 89' lang='lat'>·</span> <span class='ocrx_word' id='word_1_452' title='bbox 844 3795 874 3857; x_wconf 89' lang='lat' dir='ltr'><strong><em>t.</em></strong></span> <span class='ocrx_word' id='word_1_453' title='bbox 887 3792 1022 3856; x_wconf 85' lang='lat' dir='ltr'><strong><em>Messinm</em></strong></span> <span class='ocrx_word' id='word_1_454' title='bbox 1033 3791 1161 3875; x_wconf 88' lang='lat' dir='ltr'><strong><em>plurima</em></strong></span> <span class='ocrx_word' id='word_1_455' title='bbox 1181 3810 1337 3873; x_wconf 88' lang='lat' dir='ltr'><strong><em>passorum</em></strong></span> <span class='ocrx_word' id='word_1_456' title='bbox 1353 3810 1403 3854; x_wconf 84' lang='lat' dir='ltr'><strong><em>os·</em></strong></span> 
     </span>
     <span class='ocr_line' id='line_1_45' title="bbox 204 3876 1401 3960; baseline -0.006 -17"><span class='ocrx_word' id='word_1_457' title='bbox 204 3881 235 3943; x_wconf 85' lang='grc'><strong><em>9.</em></strong></span> <span class='ocrx_word' id='word_1_458' title='bbox 252 3879 473 3945; x_wconf 86' lang='lat' dir='ltr'><strong><em>Massiasuitom</em></strong></span> <span class='ocrx_word' id='word_1_459' title='bbox 483 3897 641 3960; x_wconf 76' lang='lat' dir='ltr'><strong><em>puerperam</em></strong></span> <span class='ocrx_word' id='word_1_460' title='bbox 653 3888 682 3943; x_wconf 90' lang='lat' dir='ltr'><strong><em>et</em></strong></span> <span class='ocrx_word' id='word_1_461' title='bbox 697 3880 763 3942; x_wconf 87' lang='lat' dir='ltr'><strong><em>iuo-</em></strong></span> <span class='ocrx_word' id='word_1_462' title='bbox 801 3896 833 3940; x_wconf 86' lang='lat' dir='ltr'><strong><em>se</em></strong></span> <span class='ocrx_word' id='word_1_463' title='bbox 848 3912 863 3925; x_wconf 89' lang='lat'><strong>·</strong></span> <span class='ocrx_word' id='word_1_464' title='bbox 875 3885 904 3940; x_wconf 87' lang='lat' dir='ltr'><strong><em>et</em></strong></span> <span class='ocrx_word' id='word_1_465' title='bbox 916 3879 1035 3959; x_wconf 77' lang='lat' dir='ltr'><strong><em>atridem</em></strong></span> <span class='ocrx_word' id='word_1_466' title='bbox 1052 3877 1086 3938; x_wconf 86' lang='lat' dir='ltr'><strong><em>ad</em></strong></span> <span class='ocrx_word' id='word_1_467' title='bbox 1103 3876 1233 3938; x_wconf 86' lang='lat' dir='ltr'><strong><em>tollenda</em></strong></span> <span class='ocrx_word' id='word_1_468' title='bbox 1247 3876 1401 3937; x_wconf 84' lang='lat' dir='ltr'><strong><em>homiuum</em></strong></span> 
     </span>
     <span class='ocr_line' id='line_1_46' title="bbox 160 3959 1401 4046; baseline -0.004 -21"><span class='ocrx_word' id='word_1_469' title='bbox 160 3983 227 4046; x_wconf 85' lang='lat' dir='ltr'><strong><em>pem</em></strong></span> <span class='ocrx_word' id='word_1_470' title='bbox 253 3976 373 4028; x_wconf 90' lang='lat' dir='ltr'><strong><em>acturus</em></strong></span> <span class='ocrx_word' id='word_1_471' title='bbox 391 3975 465 4028; x_wconf 89' lang='lat' dir='ltr'><strong><em>erat.</em></strong></span> <span class='ocrx_word' id='word_1_472' title='bbox 486 3963 519 4024; x_wconf 90' lang='lat' dir='ltr'><strong><em>Iu</em></strong></span> <span class='ocrx_word' id='word_1_473' title='bbox 539 3964 655 4026; x_wconf 89' lang='lat' dir='ltr'><strong><em>Psalmo</em></strong></span> <span class='ocrx_word' id='word_1_474' title='bbox 681 3966 761 4026; x_wconf 91' lang='lat' dir='ltr'><strong><em>enim</em></strong></span> <span class='ocrx_word' id='word_1_475' title='bbox 802 3972 934 4042; x_wconf 87' lang='lat' dir='ltr'><strong><em>peccata,</em></strong></span> <span class='ocrx_word' id='word_1_476' title='bbox 955 3964 1032 4024; x_wconf 89' lang='lat' dir='ltr'><strong><em>clare</em></strong></span> <span class='ocrx_word' id='word_1_477' title='bbox 1052 3962 1279 4042; x_wconf 86' lang='lat' dir='ltr'><strong><em>praenuntiatur</em></strong></span> <span class='ocrx_word' id='word_1_478' title='bbox 1302 3959 1333 4022; x_wconf 90' lang='lat' dir='ltr'><strong><em>in</em></strong></span> <span class='ocrx_word' id='word_1_479' title='bbox 1350 3979 1401 4020; x_wconf 89' lang='lat' dir='ltr'><strong><em>ce·</em></strong></span> 
     </span>
     <span class='ocr_line' id='line_1_47' title="bbox 161 4041 1401 4131; baseline -0.005 -21"><span class='ocrx_word' id='word_1_480' title='bbox 161 4046 285 4126; x_wconf 84' lang='lat' dir='ltr'>XXXIX,</span> <span class='ocrx_word' id='word_1_481' title='bbox 303 4051 333 4112; x_wconf 90' lang='lat' dir='ltr'><strong><em>ia</em></strong></span> <span class='ocrx_word' id='word_1_482' title='bbox 349 4070 408 4131; x_wconf 87' lang='lat' dir='ltr'><strong><em>quo</em></strong></span> <span class='ocrx_word' id='word_1_483' title='bbox 424 4048 612 4130; x_wconf 85' lang='lat' dir='ltr'><strong><em>apertissime</em></strong></span> <span class='ocrx_word' id='word_1_484' title='bbox 629 4048 666 4110; x_wconf 88' lang='lat' dir='ltr'><strong><em>de</em></strong></span> <span class='ocrx_word' id='word_1_485' title='bbox 684 4047 761 4110; x_wconf 84' lang='lat' dir='ltr'><strong><em>Mes&#39;-</em></strong></span> <span class='ocrx_word' id='word_1_486' title='bbox 801 4046 960 4110; x_wconf 88' lang='lat' dir='ltr'><strong><em>leberrimo</em></strong></span> <span class='ocrx_word' id='word_1_487' title='bbox 978 4045 1075 4128; x_wconf 86' lang='lat' dir='ltr'><strong><em>capite</em></strong></span> <span class='ocrx_word' id='word_1_488' title='bbox 1092 4043 1156 4106; x_wconf 91' lang='lat' dir='ltr'>LIII</span> <span class='ocrx_word' id='word_1_489' title='bbox 1180 4044 1295 4122; x_wconf 88' lang='lat' dir='ltr'><strong><em>Isaiae,</em></strong></span> <span class='ocrx_word' id='word_1_490' title='bbox 1322 4041 1401 4126; x_wconf 83' lang='lat' dir='ltr'><strong><em>qaod</em></strong></span> 
     </span>
     <span class='ocr_line' id='line_1_48' title="bbox 161 4131 1381 4213; baseline 0.002 -18"><span class='ocrx_word' id='word_1_491' title='bbox 161 4135 205 4195; x_wconf 90' lang='lat' dir='ltr'><strong><em>sia</em></strong></span> <span class='ocrx_word' id='word_1_492' title='bbox 224 4153 322 4196; x_wconf 91' lang='lat' dir='ltr'><strong><em>sermo</em></strong></span> <span class='ocrx_word' id='word_1_493' title='bbox 339 4143 395 4210; x_wconf 90' lang='lat' dir='ltr'><strong><em>est,</em></strong></span> <span class='ocrx_word' id='word_1_494' title='bbox 415 4134 464 4194; x_wconf 88' lang='lat' dir='ltr'><strong><em>hia</em></strong></span> <span class='ocrx_word' id='word_1_495' title='bbox 482 4131 564 4194; x_wconf 89' lang='lat' dir='ltr'><strong><em>dicit:</em></strong></span> <span class='ocrx_word' id='word_1_496' title='bbox 582 4133 648 4213; x_wconf 76' lang='lat' dir='ltr'><strong><em>Epo</em></strong></span> <span class='ocrx_word' id='word_1_497' title='bbox 662 4143 761 4208; x_wconf 85' lang='lat' dir='ltr'><strong><em>catam</em></strong></span> <span class='ocrx_word' id='word_1_498' title='bbox 1168 4137 1170 4146; x_wconf 80' lang='grc'>’</span> <span class='ocrx_word' id='word_1_499' title='bbox 1379 4149 1381 4156; x_wconf 90' lang='grc'><strong><em>·</em></strong></span> 
     </span>
     <span class='ocr_line' id='line_1_49' title="bbox 831 4200 1290 4262; baseline -0.013 -9"><span class='ocrx_word' id='word_1_500' title='bbox 831 4204 1010 4260; x_wconf 68' lang='lat' dir='ltr'><strong><em>attactam.</em></strong></span> <span class='ocrx_word' id='word_1_501' title='bbox 1100 4200 1132 4259; x_wconf 79' lang='lat' dir='ltr'><strong><em>tr)</em></strong></span> <span class='ocrx_word' id='word_1_502' title='bbox 1148 4200 1216 4250; x_wconf 76' lang='lat' dir='ltr'><strong><em>naeu.</em></strong></span> <span class='ocrx_word' id='word_1_503' title='bbox 1228 4201 1252 4262; x_wconf 87' lang='lat' dir='ltr'><strong><em>a,</em></strong></span> <span class='ocrx_word' id='word_1_504' title='bbox 1265 4200 1290 4247; x_wconf 82' lang='lat' dir='ltr'><strong><em>s.</em></strong></span> 
     </span>
    </p>
   </div>
   <div class='ocr_carea' id='block_1_7' title="bbox 191 4253 1166 4384">
    <p class='ocr_par' dir='ltr' id='par_1_10' title="bbox 191 4253 1166 4384">
     <span class='ocr_line' id='line_1_50' title="bbox 191 4253 1149 4324; baseline -0.015 -4"><span class='ocrx_word' id='word_1_505' title='bbox 191 4263 349 4322; x_wconf 70' lang='lat' dir='ltr'><strong><em>attalam.</em></strong></span> <span class='ocrx_word' id='word_1_506' title='bbox 394 4273 395 4278; x_wconf 70' lang='grc'>’</span> <span class='ocrx_word' id='word_1_507' title='bbox 560 4315 562 4320; x_wconf 86' lang='grc'><strong>,</strong></span> <span class='ocrx_word' id='word_1_508' title='bbox 719 4253 721 4259; x_wconf 82' lang='grc'>’</span> <span class='ocrx_word' id='word_1_509' title='bbox 769 4259 1149 4324; x_wconf 55' lang='lat' dir='ltr'><strong><em>«permaneamus.</em></strong></span> 
     </span>
     <span class='ocr_line' id='line_1_51' title="bbox 193 4321 1166 4384; baseline -0.002 -15"><span class='ocrx_word' id='word_1_510' title='bbox 193 4323 223 4384; x_wconf 59' lang='grc' dir='ltr'><strong><em>(ἡ</em></strong></span> <span class='ocrx_word' id='word_1_511' title='bbox 237 4322 270 4369; x_wconf 83' lang='lat' dir='ltr'><strong><em>at.</em></strong></span> <span class='ocrx_word' id='word_1_512' title='bbox 286 4325 321 4370; x_wconf 81' lang='lat' dir='ltr'><strong><em>I‘a.</em></strong></span> <span class='ocrx_word' id='word_1_513' title='bbox 330 4325 368 4383; x_wconf 79' lang='grc'><strong><em>69,</em></strong></span> <span class='ocrx_word' id='word_1_514' title='bbox 380 4323 402 4381; x_wconf 75' lang='grc' dir='ltr'><strong><em>ΰ;</em></strong></span> <span class='ocrx_word' id='word_1_515' title='bbox 415 4324 450 4368; x_wconf 80' lang='lat' dir='ltr'><strong><em>Pr·</em></strong></span> <span class='ocrx_word' id='word_1_516' title='bbox 460 4321 499 4380; x_wconf 84' lang='lat'><strong><em>68,</em></strong></span> <span class='ocrx_word' id='word_1_517' title='bbox 509 4323 547 4383; x_wconf 79' lang='lat'><strong><em>503</em></strong></span> <span class='ocrx_word' id='word_1_518' title='bbox 562 4321 597 4369; x_wconf 81' lang='lat' dir='ltr'><strong><em>I‘s.</em></strong></span> <span class='ocrx_word' id='word_1_519' title='bbox 610 4321 647 4382; x_wconf 83' lang='lat' dir='ltr'><strong><em>st,</em></strong></span> <span class='ocrx_word' id='word_1_520' title='bbox 662 4321 699 4370; x_wconf 74' lang='lat' dir='ltr'><strong><em>ta</em></strong></span> <span class='ocrx_word' id='word_1_521' title='bbox 715 4323 718 4332; x_wconf 81' lang='grc'>’</span> <span class='ocrx_word' id='word_1_522' title='bbox 827 4325 862 4384; x_wconf 73' lang='grc' dir='ltr'><strong><em>(ὃ)</em></strong></span> <span class='ocrx_word' id='word_1_523' title='bbox 877 4324 903 4370; x_wconf 85' lang='lat' dir='ltr'><strong><em>V.</em></strong></span> <span class='ocrx_word' id='word_1_524' title='bbox 918 4325 1013 4384; x_wconf 78' lang='lat' dir='ltr'><strong><em>calmet,</em></strong></span> <span class='ocrx_word' id='word_1_525' title='bbox 1029 4323 1110 4369; x_wconf 83' lang='lat' dir='ltr'><strong><em>Brauu.</em></strong></span> <span class='ocrx_word' id='word_1_526' title='bbox 1122 4322 1166 4367; x_wconf 82' lang='lat' dir='ltr'><strong><em>ele.</em></strong></span> 
     </span>
    </p>
   </div>
   <div class='ocr_carea' id='block_1_8' title="bbox 0 0 1468 4734">
    <p class='ocr_par' dir='ltr' id='par_1_11' title="bbox 0 0 1468 4734">
     <span class='ocr_line' id='line_1_52' title="bbox 0 0 1468 4734; baseline 0 3"><span class='ocrx_word' id='word_1_527' title='bbox 0 0 1468 4734; x_wconf 95' lang='lat' dir='ltr'><strong><em> </em></strong></span> 
     </span>
    </p>
   </div>
  </div>
 </body>
</html>
