<?xml version="1.0" encoding="UTF-8"?>
<!DOCTYPE html PUBLIC "-//W3C//DTD XHTML 1.0 Transitional//EN"
    "http://www.w3.org/TR/xhtml1/DTD/xhtml1-transitional.dtd">
<html xmlns="http://www.w3.org/1999/xhtml" xml:lang="en" lang="en">
 <head>
  <title>
</title>
<meta http-equiv="Content-Type" content="text/html;charset=utf-8" />
  <meta name='ocr-system' content='tesseract 3.04.00' />
  <meta name='ocr-capabilities' content='ocr_page ocr_carea ocr_par ocr_line ocrx_word'/>
</head>
<body>
  <div class='ocr_page' id='page_1' title='image "./institutionesth00knolgoog_0510.png"; bbox 0 0 2962 4736; ppageno 0'>
   <div class='ocr_carea' id='block_1_1' title="bbox 179 163 1418 344">
    <p class='ocr_par' dir='ltr' id='par_1_1' title="bbox 179 163 1418 344">
     <span class='ocr_line' id='line_1_1' title="bbox 224 163 1264 260; baseline -0.008 -24"><span class='ocrx_word' id='word_1_1' title='bbox 224 163 286 236; x_wconf 76' lang='lat' dir='ltr'><strong>hol</strong></span> <span class='ocrx_word' id='word_1_2' title='bbox 437 216 445 222; x_wconf 92' lang='lat'>-</span> <span class='ocrx_word' id='word_1_3' title='bbox 620 181 808 236; x_wconf 77' lang='lat' dir='ltr'><strong>memoras</strong></span> <span class='ocrx_word' id='word_1_4' title='bbox 828 181 992 234; x_wconf 68' lang='lat' dir='ltr'><strong>amanus</strong></span> <span class='ocrx_word' id='word_1_5' title='bbox 1150 247 1161 256; x_wconf 31' lang='grc'><strong>,</strong></span> <span class='ocrx_word' id='word_1_6' title='bbox 1228 236 1264 260; x_wconf 88' lang='lat'><strong>.-</strong></span> 
     </span>
     <span class='ocr_line' id='line_1_2' title="bbox 179 261 1418 344; baseline -0.003 -10"><span class='ocrx_word' id='word_1_7' title='bbox 179 269 222 334; x_wconf 87' lang='lat' dir='ltr'><strong>lla</strong></span> <span class='ocrx_word' id='word_1_8' title='bbox 236 267 359 333; x_wconf 79' lang='lat' dir='ltr'><strong>scribit:</strong></span> <span class='ocrx_word' id='word_1_9' title='bbox 380 288 396 333; x_wconf 88' lang='lat'>‹</span> <span class='ocrx_word' id='word_1_10' title='bbox 416 265 580 334; x_wconf 71' lang='lat' dir='ltr'><strong>cathedrae</strong></span> <span class='ocrx_word' id='word_1_11' title='bbox 601 262 682 332; x_wconf 76' lang='lat' dir='ltr'><strong>Patri</strong></span> <span class='ocrx_word' id='word_1_12' title='bbox 697 282 783 330; x_wconf 91' lang='lat' dir='ltr'><strong>eom·</strong></span> <span class='ocrx_word' id='word_1_13' title='bbox 823 265 946 344; x_wconf 80' lang='lat' dir='ltr'><strong>dieitur,</strong></span> <span class='ocrx_word' id='word_1_14' title='bbox 961 274 1042 328; x_wconf 78' lang='lat' dir='ltr'><strong>extra</strong></span> <span class='ocrx_word' id='word_1_15' title='bbox 1058 262 1221 330; x_wconf 77' lang='lat' dir='ltr'><strong>Ecclesiam</strong></span> <span class='ocrx_word' id='word_1_16' title='bbox 1239 261 1418 330; x_wconf 75' lang='lat' dir='ltr'><strong>corbollum</strong></span> 
     </span>
    </p>
   </div>
   <div class='ocr_carea' id='block_1_2' title="bbox 178 343 1469 4306">
    <p class='ocr_par' dir='ltr' id='par_1_2' title="bbox 178 343 1469 4306">
     <span class='ocr_line' id='line_1_3' title="bbox 181 343 1418 432; baseline -0.004 -16"><span class='ocrx_word' id='word_1_17' title='bbox 181 354 317 416; x_wconf 85' lang='lat' dir='ltr'><strong>munioni</strong></span> <span class='ocrx_word' id='word_1_18' title='bbox 329 354 524 418; x_wconf 85' lang='lat' dir='ltr'><strong>consocior...</strong></span> <span class='ocrx_word' id='word_1_19' title='bbox 539 353 603 416; x_wconf 84' lang='lat' dir='ltr'><strong>llou</strong></span> <span class='ocrx_word' id='word_1_20' title='bbox 619 351 688 414; x_wconf 82' lang='lat' dir='ltr'><strong>novi</strong></span> <span class='ocrx_word' id='word_1_21' title='bbox 702 351 783 416; x_wconf 86' lang='lat' dir='ltr'><strong>Vita·</strong></span> <span class='ocrx_word' id='word_1_22' title='bbox 819 343 975 430; x_wconf 85' lang='lat' dir='ltr'><strong>¹nentinem</strong></span> <span class='ocrx_word' id='word_1_23' title='bbox 1005 350 1114 413; x_wconf 80' lang='lat' dir='ltr'><strong>salvari</strong></span> <span class='ocrx_word' id='word_1_24' title='bbox 1132 368 1231 432; x_wconf 87' lang='lat' dir='ltr'><strong>posse,</strong></span> <span class='ocrx_word' id='word_1_25' title='bbox 1254 347 1357 412; x_wconf 86' lang='lat' dir='ltr'><strong>mullis</strong></span> <span class='ocrx_word' id='word_1_26' title='bbox 1374 349 1418 411; x_wconf 90' lang='lat' dir='ltr'><strong>ni·</strong></span> 
     </span>
     <span class='ocr_line' id='line_1_4' title="bbox 180 433 1418 584; baseline -0.006 -82"><span class='ocrx_word' id='word_1_27' title='bbox 180 438 254 516; x_wconf 81' lang='lat' dir='ltr'><strong>letto,</strong></span> <span class='ocrx_word' id='word_1_28' title='bbox 269 436 418 502; x_wconf 85' lang='lat' dir='ltr'><strong>lielelium</strong></span> <span class='ocrx_word' id='word_1_29' title='bbox 437 453 559 522; x_wconf 87' lang='lat' dir='ltr'><strong>respuo,</strong></span> <span class='ocrx_word' id='word_1_30' title='bbox 578 439 683 584; x_wconf 47' lang='lat' dir='ltr'><strong>ifnoro</strong></span> <span class='ocrx_word' id='word_1_31' title='bbox 701 435 782 498; x_wconf 83' lang='lat' dir='ltr'><strong>Pau·</strong></span> <span class='ocrx_word' id='word_1_32' title='bbox 824 436 880 498; x_wconf 88' lang='lat' dir='ltr'><strong>mls</strong></span> <span class='ocrx_word' id='word_1_33' title='bbox 894 435 980 512; x_wconf 86' lang='lat' dir='ltr'><strong>dura,</strong></span> <span class='ocrx_word' id='word_1_34' title='bbox 999 433 1052 497; x_wconf 84' lang='lat' dir='ltr'><strong>blei</strong></span> <span class='ocrx_word' id='word_1_35' title='bbox 1073 433 1418 516; x_wconf 79' lang='lat' dir='ltr'><strong>misericordieeeloari·</strong></span> 
     </span>
     <span class='ocr_line' id='line_1_5' title="bbox 180 517 1416 604; baseline -0.005 -18"><span class='ocrx_word' id='word_1_36' title='bbox 180 521 351 604; x_wconf 77' lang='lat' dir='ltr'><strong>lladm3qui</strong></span> <span class='ocrx_word' id='word_1_37' title='bbox 363 531 461 586; x_wconf 88' lang='lat' dir='ltr'><strong>leeutn</strong></span> <span class='ocrx_word' id='word_1_38' title='bbox 480 538 540 585; x_wconf 92' lang='lat' dir='ltr'><strong>non</strong></span> <span class='ocrx_word' id='word_1_39' title='bbox 558 540 593 584; x_wconf 89' lang='lat' dir='ltr'><strong>ea</strong></span> <span class='ocrx_word' id='word_1_40' title='bbox 607 520 712 598; x_wconf 57' lang='lat' dir='ltr'><strong>bulas</strong></span> <span class='ocrx_word' id='word_1_41' title='bbox 734 533 782 582; x_wconf 87' lang='lat' dir='ltr'><strong>ar·</strong></span> <span class='ocrx_word' id='word_1_42' title='bbox 821 519 876 581; x_wconf 79' lang='lat' dir='ltr'><strong>tall</strong></span> <span class='ocrx_word' id='word_1_43' title='bbox 889 519 1048 582; x_wconf 82' lang='lat' dir='ltr'><strong>&#39;centraria</strong></span> <span class='ocrx_word' id='word_1_44' title='bbox 1070 518 1204 580; x_wconf 80' lang='lat' dir='ltr'><strong>ridetur:</strong></span> <span class='ocrx_word' id='word_1_45' title='bbox 1232 517 1303 580; x_wconf 87' lang='lat' dir='ltr'><strong>ideo</strong></span> <span class='ocrx_word' id='word_1_46' title='bbox 1332 517 1416 580; x_wconf 88' lang='lat' dir='ltr'><strong>eliam</strong></span> 
     </span>
     <span class='ocr_line' id='line_1_6' title="bbox 179 601 1416 690; baseline -0.003 -22"><span class='ocrx_word' id='word_1_47' title='bbox 179 604 232 687; x_wconf 66' lang='lat' dir='ltr'><strong>pit.</strong></span> <span class='ocrx_word' id='word_1_48' title='bbox 252 634 294 654; x_wconf 55' lang='grc' dir='ltr'><strong>ω-</strong></span> <span class='ocrx_word' id='word_1_49' title='bbox 314 603 410 690; x_wconf 88' lang='lat' dir='ltr'><strong>Supra</strong></span> <span class='ocrx_word' id='word_1_50' title='bbox 437 607 518 670; x_wconf 91' lang='lat' dir='ltr'><strong>illam</strong></span> <span class='ocrx_word' id='word_1_51' title='bbox 537 605 691 670; x_wconf 86' lang='lat' dir='ltr'><strong>Petrama</strong></span> <span class='ocrx_word' id='word_1_52' title='bbox 730 605 780 666; x_wconf 81' lang='lat' dir='ltr'><strong>il-</strong></span> <span class='ocrx_word' id='word_1_53' title='bbox 820 601 879 666; x_wconf 83' lang='lat' dir='ltr'><strong>iem</strong></span> <span class='ocrx_word' id='word_1_54' title='bbox 900 603 1037 666; x_wconf 73' lang='lat' dir='ltr'><strong>nonnulli</strong></span> <span class='ocrx_word' id='word_1_55' title='bbox 1056 603 1219 666; x_wconf 79' lang='lat' dir='ltr'><strong>Ecclesiam</strong></span> <span class='ocrx_word' id='word_1_56' title='bbox 1238 601 1416 665; x_wconf 68' lang='lat' dir='ltr'><strong>catholicam</strong></span> 
     </span>
     <span class='ocr_line' id='line_1_7' title="bbox 180 681 1416 770; baseline -0.005 -16"><span class='ocrx_word' id='word_1_57' title='bbox 180 695 278 754; x_wconf 84' lang='lat' dir='ltr'><strong>aelam</strong></span> <span class='ocrx_word' id='word_1_58' title='bbox 304 681 467 754; x_wconf 83' lang='lat' dir='ltr'><strong>Ecclesiam</strong></span> <span class='ocrx_word' id='word_1_59' title='bbox 499 690 573 753; x_wconf 86' lang='lat' dir='ltr'><strong>scio.</strong></span> <span class='ocrx_word' id='word_1_60' title='bbox 601 687 779 770; x_wconf 77' lang='lat' dir='ltr'><strong>Quicunque</strong></span> <span class='ocrx_word' id='word_1_61' title='bbox 820 688 1018 770; x_wconf 85' lang='lat' dir='ltr'><strong>respuendam</strong></span> <span class='ocrx_word' id='word_1_62' title='bbox 1049 705 1115 750; x_wconf 90' lang='lat' dir='ltr'><strong>esse</strong></span> <span class='ocrx_word' id='word_1_63' title='bbox 1138 694 1332 762; x_wconf 84' lang='lat' dir='ltr'><strong>censuerunt,</strong></span> <span class='ocrx_word' id='word_1_64' title='bbox 1350 687 1416 766; x_wconf 81' lang='lat' dir='ltr'><strong>quia</strong></span> 
     </span>
     <span class='ocr_line' id='line_1_8' title="bbox 179 770 1415 850; baseline -0.005 -13"><span class='ocrx_word' id='word_1_65' title='bbox 179 779 262 837; x_wconf 75' lang='lat' dir='ltr'><strong>extra</strong></span> <span class='ocrx_word' id='word_1_66' title='bbox 275 774 353 836; x_wconf 89' lang='lat' dir='ltr'><strong>banc</strong></span> <span class='ocrx_word' id='word_1_67' title='bbox 370 775 491 836; x_wconf 89' lang='lat' dir='ltr'><strong>domum</strong></span> <span class='ocrx_word' id='word_1_68' title='bbox 510 793 527 836; x_wconf 89' lang='lat' dir='ltr'><strong>a</strong></span> <span class='ocrx_word' id='word_1_69' title='bbox 569 788 618 835; x_wconf 88' lang='lat' dir='ltr'><strong>um</strong></span> <span class='ocrx_word' id='word_1_70' title='bbox 637 773 778 835; x_wconf 87' lang='lat' dir='ltr'><strong>comede·</strong></span> <span class='ocrx_word' id='word_1_71' title='bbox 820 779 879 833; x_wconf 85' lang='lat' dir='ltr'><strong>tan</strong></span> <span class='ocrx_word' id='word_1_72' title='bbox 895 771 1045 834; x_wconf 72' lang='lat' dir='ltr'><strong>crudelem</strong></span> <span class='ocrx_word' id='word_1_73' title='bbox 1059 791 1094 834; x_wconf 90' lang='lat' dir='ltr'><strong>ac</strong></span> <span class='ocrx_word' id='word_1_74' title='bbox 1111 770 1171 832; x_wconf 86' lang='lat' dir='ltr'><strong>Deo</strong></span> <span class='ocrx_word' id='word_1_75' title='bbox 1187 770 1341 850; x_wconf 82' lang='lat' dir='ltr'><strong>indignam</strong></span> <span class='ocrx_word' id='word_1_76' title='bbox 1353 786 1415 832; x_wconf 81' lang='lat' dir='ltr'><strong>sen·</strong></span> 
     </span>
     <span class='ocr_line' id='line_1_9' title="bbox 179 853 1415 940; baseline -0.002 -21"><span class='ocrx_word' id='word_1_77' title='bbox 179 853 231 934; x_wconf 83' lang='lat' dir='ltr'><strong>rll,</strong></span> <span class='ocrx_word' id='word_1_78' title='bbox 261 859 404 940; x_wconf 85' lang='lat' dir='ltr'><strong>profanus</strong></span> <span class='ocrx_word' id='word_1_79' title='bbox 431 867 488 921; x_wconf 89' lang='lat' dir='ltr'><strong>est.</strong></span> <span class='ocrx_word' id='word_1_80' title='bbox 539 858 548 920; x_wconf 89' lang='lat' dir='ltr'><strong>i</strong></span> <span class='ocrx_word' id='word_1_81' title='bbox 576 857 645 940; x_wconf 86' lang='lat' dir='ltr'><strong>qnls</strong></span> <span class='ocrx_word' id='word_1_82' title='bbox 668 857 700 919; x_wconf 89' lang='lat' dir='ltr'><strong>in</strong></span> <span class='ocrx_word' id='word_1_83' title='bbox 717 855 779 919; x_wconf 77' lang='lat' dir='ltr'><strong>Noe</strong></span> <span class='ocrx_word' id='word_1_84' title='bbox 818 857 943 918; x_wconf 87' lang='lat' dir='ltr'><strong>tentiam</strong></span> <span class='ocrx_word' id='word_1_85' title='bbox 961 853 1353 918; x_wconf 80' lang='lat' dir='ltr'><strong>defendit—Gravissima</strong></span> <span class='ocrx_word' id='word_1_86' title='bbox 1369 875 1415 916; x_wconf 90' lang='lat' dir='ltr'><strong>au-</strong></span> 
     </span>
     <span class='ocr_line' id='line_1_10' title="bbox 179 939 1416 1024; baseline -0.002 -20"><span class='ocrx_word' id='word_1_87' title='bbox 179 949 248 1004; x_wconf 77' lang='lat' dir='ltr'><strong>aree</strong></span> <span class='ocrx_word' id='word_1_88' title='bbox 275 959 334 1004; x_wconf 90' lang='lat' dir='ltr'><strong>uon</strong></span> <span class='ocrx_word' id='word_1_89' title='bbox 366 943 468 1018; x_wconf 86' lang='lat' dir='ltr'><strong>fuerit,</strong></span> <span class='ocrx_word' id='word_1_90' title='bbox 500 941 608 1024; x_wconf 75' lang='lat' dir='ltr'><strong>peribit</strong></span> <span class='ocrx_word' id='word_1_91' title='bbox 634 949 778 1018; x_wconf 77' lang='lat' dir='ltr'><strong>regnante</strong></span> <span class='ocrx_word' id='word_1_92' title='bbox 818 947 877 1002; x_wconf 87' lang='lat' dir='ltr'><strong>lem</strong></span> <span class='ocrx_word' id='word_1_93' title='bbox 901 941 1054 1014; x_wconf 82' lang='lat' dir='ltr'><strong>aberrant,</strong></span> <span class='ocrx_word' id='word_1_94' title='bbox 1075 939 1366 1021; x_wconf 88' lang='lat' dir='ltr'><strong>quitaliasenlluul</strong></span> <span class='ocrx_word' id='word_1_95' title='bbox 1390 948 1416 1001; x_wconf 91' lang='lat' dir='ltr'><strong>et</strong></span> 
     </span>
     <span class='ocr_line' id='line_1_11' title="bbox 180 1022 1416 1108; baseline -0.002 -21"><span class='ocrx_word' id='word_1_96' title='bbox 180 1025 385 1088; x_wconf 54' lang='lat' dir='ltr'><strong>diluuium-</strong></span> <span class='ocrx_word' id='word_1_97' title='bbox 397 1027 429 1092; x_wconf 81' lang='lat' dir='ltr'><strong>S.</strong></span> <span class='ocrx_word' id='word_1_98' title='bbox 448 1025 638 1108; x_wconf 77' lang='lat' dir='ltr'><strong>Aopesllrtua</strong></span> <span class='ocrx_word' id='word_1_99' title='bbox 654 1025 703 1106; x_wconf 86' lang='lat' dir='ltr'><strong>(l)</strong></span> <span class='ocrx_word' id='word_1_100' title='bbox 715 1027 775 1087; x_wconf 89' lang='lat' dir='ltr'><strong>ait:</strong></span> <span class='ocrx_word' id='word_1_101' title='bbox 817 1023 1014 1086; x_wconf 85' lang='lat' dir='ltr'><strong>deblaterant.</strong></span> <span class='ocrx_word' id='word_1_102' title='bbox 1034 1023 1107 1086; x_wconf 83' lang='lat' dir='ltr'><strong>Nam</strong></span> <span class='ocrx_word' id='word_1_103' title='bbox 1127 1025 1156 1101; x_wconf 90' lang='lat' dir='ltr'><strong>a)</strong></span> <span class='ocrx_word' id='word_1_104' title='bbox 1179 1022 1325 1086; x_wconf 81' lang='lat' dir='ltr'><strong>Catholici</strong></span> <span class='ocrx_word' id='word_1_105' title='bbox 1343 1023 1416 1084; x_wconf 88' lang='lat' dir='ltr'><strong>hanc</strong></span> 
     </span>
     <span class='ocr_line' id='line_1_12' title="bbox 181 1107 1417 1192; baseline -0.002 -20"><span class='ocrx_word' id='word_1_106' title='bbox 181 1124 198 1172; x_wconf 76' lang='lat' dir='ltr'><strong>r</strong></span> <span class='ocrx_word' id='word_1_107' title='bbox 225 1109 305 1172; x_wconf 90' lang='lat' dir='ltr'><strong>Intra</strong></span> <span class='ocrx_word' id='word_1_108' title='bbox 334 1108 421 1172; x_wconf 87' lang='lat' dir='ltr'><strong>istam</strong></span> <span class='ocrx_word' id='word_1_109' title='bbox 455 1127 556 1172; x_wconf 88' lang='lat' dir='ltr'><strong>aream</strong></span> <span class='ocrx_word' id='word_1_110' title='bbox 584 1109 776 1192; x_wconf 76' lang='lat' dir='ltr'><strong>(Ecclesiam)</strong></span> <span class='ocrx_word' id='word_1_111' title='bbox 817 1109 996 1170; x_wconf 89' lang='lat' dir='ltr'><strong>sententiam</strong></span> <span class='ocrx_word' id='word_1_112' title='bbox 1025 1127 1086 1170; x_wconf 90' lang='lat' dir='ltr'><strong>non</strong></span> <span class='ocrx_word' id='word_1_113' title='bbox 1115 1107 1326 1183; x_wconf 79' lang='lat' dir='ltr'><strong>defenderent,</strong></span> <span class='ocrx_word' id='word_1_114' title='bbox 1361 1109 1417 1169; x_wconf 90' lang='lat' dir='ltr'><strong>nisi</strong></span> 
     </span>
     <span class='ocr_line' id='line_1_13' title="bbox 179 1181 1416 1277; baseline -0.002 -21"><span class='ocrx_word' id='word_1_115' title='bbox 179 1181 250 1256; x_wconf 86' lang='lat' dir='ltr'><strong>boni</strong></span> <span class='ocrx_word' id='word_1_116' title='bbox 280 1203 310 1257; x_wconf 87' lang='lat' dir='ltr'><strong>et</strong></span> <span class='ocrx_word' id='word_1_117' title='bbox 338 1195 408 1256; x_wconf 89' lang='lat' dir='ltr'><strong>meli</strong></span> <span class='ocrx_word' id='word_1_118' title='bbox 437 1208 502 1256; x_wconf 88' lang='lat' dir='ltr'><strong>esse</strong></span> <span class='ocrx_word' id='word_1_119' title='bbox 525 1201 660 1277; x_wconf 85' lang='lat' dir='ltr'><strong>possunt,</strong></span> <span class='ocrx_word' id='word_1_120' title='bbox 695 1203 776 1255; x_wconf 79' lang='lat' dir='ltr'><strong>entra</strong></span> <span class='ocrx_word' id='word_1_121' title='bbox 816 1193 945 1254; x_wconf 81' lang='lat' dir='ltr'><strong>revelata</strong></span> <span class='ocrx_word' id='word_1_122' title='bbox 964 1201 1061 1271; x_wconf 86' lang='lat' dir='ltr'><strong>esset;</strong></span> <span class='ocrx_word' id='word_1_123' title='bbox 1081 1193 1175 1274; x_wconf 89' lang='lat' dir='ltr'><strong>ipsam</strong></span> <span class='ocrx_word' id='word_1_124' title='bbox 1190 1198 1289 1252; x_wconf 83' lang='lat' dir='ltr'><strong>autent</strong></span> <span class='ocrx_word' id='word_1_125' title='bbox 1306 1193 1416 1254; x_wconf 87' lang='lat' dir='ltr'><strong>revela-</strong></span> 
     </span>
     <span class='ocr_line' id='line_1_14' title="bbox 179 1274 1416 1360; baseline -0.002 -20"><span class='ocrx_word' id='word_1_126' title='bbox 179 1283 245 1340; x_wconf 87' lang='lat' dir='ltr'><strong>earu</strong></span> <span class='ocrx_word' id='word_1_127' title='bbox 275 1278 346 1340; x_wconf 88' lang='lat' dir='ltr'><strong>bani</strong></span> <span class='ocrx_word' id='word_1_128' title='bbox 374 1295 439 1341; x_wconf 86' lang='lat' dir='ltr'><strong>esse</strong></span> <span class='ocrx_word' id='word_1_129' title='bbox 466 1292 526 1340; x_wconf 93' lang='lat' dir='ltr'><strong>non</strong></span> <span class='ocrx_word' id='word_1_130' title='bbox 548 1284 682 1360; x_wconf 86' lang='lat' dir='ltr'><strong>possunt.</strong></span> <span class='ocrx_word' id='word_1_131' title='bbox 700 1295 716 1338; x_wconf 79' lang='lat' dir='ltr'><strong>u</strong></span> <span class='ocrx_word' id='word_1_132' title='bbox 735 1309 778 1324; x_wconf 86' lang='lat'>-</span> <span class='ocrx_word' id='word_1_133' title='bbox 818 1281 879 1338; x_wconf 90' lang='lat' dir='ltr'><strong>tam</strong></span> <span class='ocrx_word' id='word_1_134' title='bbox 906 1293 971 1339; x_wconf 89' lang='lat' dir='ltr'><strong>esse</strong></span> <span class='ocrx_word' id='word_1_135' title='bbox 1002 1293 1036 1338; x_wconf 87' lang='lat' dir='ltr'><strong>ex</strong></span> <span class='ocrx_word' id='word_1_136' title='bbox 1065 1286 1193 1356; x_wconf 90' lang='lat' dir='ltr'><strong>utroque</strong></span> <span class='ocrx_word' id='word_1_137' title='bbox 1218 1274 1416 1338; x_wconf 83' lang='lat' dir='ltr'><strong>berelalionis</strong></span> 
     </span>
     <span class='ocr_line' id='line_1_15' title="bbox 178 1358 1467 1442; baseline -0.002 -19"><span class='ocrx_word' id='word_1_138' title='bbox 178 1359 255 1424; x_wconf 83' lang='lat' dir='ltr'><strong>iluie</strong></span> <span class='ocrx_word' id='word_1_139' title='bbox 272 1360 423 1426; x_wconf 87' lang='lat' dir='ltr'><strong>traditioni</strong></span> <span class='ocrx_word' id='word_1_140' title='bbox 446 1361 588 1424; x_wconf 79' lang='lat' dir='ltr'><strong>insistens</strong></span> <span class='ocrx_word' id='word_1_141' title='bbox 612 1360 776 1426; x_wconf 86' lang='lat' dir='ltr'><strong>Concilium</strong></span> <span class='ocrx_word' id='word_1_142' title='bbox 818 1360 899 1423; x_wconf 89' lang='lat' dir='ltr'><strong>fonte</strong></span> <span class='ocrx_word' id='word_1_143' title='bbox 926 1360 986 1422; x_wconf 83' lang='lat' dir='ltr'><strong>ianr</strong></span> <span class='ocrx_word' id='word_1_144' title='bbox 1011 1361 1167 1442; x_wconf 87' lang='lat' dir='ltr'><strong>probatum</strong></span> <span class='ocrx_word' id='word_1_145' title='bbox 1196 1367 1252 1422; x_wconf 88' lang='lat' dir='ltr'><strong>est.</strong></span> <span class='ocrx_word' id='word_1_146' title='bbox 1281 1358 1316 1439; x_wconf 94' lang='lat' dir='ltr'><strong>b)</strong></span> <span class='ocrx_word' id='word_1_147' title='bbox 1340 1358 1416 1421; x_wconf 84' lang='lat' dir='ltr'><strong>liaeo</strong></span> <span class='ocrx_word' id='word_1_148' title='bbox 1466 1433 1467 1438; x_wconf 8' lang='grc' dir='ltr'>γ</span> 
     </span>
     <span class='ocr_line' id='line_1_16' title="bbox 179 1443 1414 1526; baseline -0.002 -18"><span class='ocrx_word' id='word_1_149' title='bbox 179 1447 377 1509; x_wconf 70' lang='lat' dir='ltr'><strong>lateranense</strong></span> <span class='ocrx_word' id='word_1_150' title='bbox 405 1443 443 1509; x_wconf 85' lang='lat' dir='ltr'><strong>lv</strong></span> <span class='ocrx_word' id='word_1_151' title='bbox 472 1443 679 1526; x_wconf 73' lang='lat' dir='ltr'><strong>(ildefuivltz</strong></span> <span class='ocrx_word' id='word_1_152' title='bbox 710 1445 778 1508; x_wconf 80' lang='lat' dir='ltr'><strong>Una</strong></span> <span class='ocrx_word' id='word_1_153' title='bbox 818 1459 906 1526; x_wconf 87' lang='lat' dir='ltr'><strong>porro</strong></span> <span class='ocrx_word' id='word_1_154' title='bbox 941 1445 1089 1507; x_wconf 87' lang='lat' dir='ltr'><strong>sententia</strong></span> <span class='ocrx_word' id='word_1_155' title='bbox 1116 1443 1177 1506; x_wconf 88' lang='lat' dir='ltr'><strong>Deo</strong></span> <span class='ocrx_word' id='word_1_156' title='bbox 1208 1443 1343 1520; x_wconf 82' lang='lat' dir='ltr'><strong>indigna,</strong></span> <span class='ocrx_word' id='word_1_157' title='bbox 1372 1446 1414 1506; x_wconf 85' lang='lat' dir='ltr'><strong>rel</strong></span> 
     </span>
     <span class='ocr_line' id='line_1_17' title="bbox 179 1527 1416 1607; baseline -0.002 -15"><span class='ocrx_word' id='word_1_158' title='bbox 179 1537 221 1592; x_wconf 86' lang='lat' dir='ltr'><strong>est</strong></span> <span class='ocrx_word' id='word_1_159' title='bbox 249 1529 399 1593; x_wconf 67' lang='lat' dir='ltr'><strong>maulam</strong></span> <span class='ocrx_word' id='word_1_160' title='bbox 424 1531 604 1594; x_wconf 82' lang='lat' dir='ltr'><strong>uniuersalis</strong></span> <span class='ocrx_word' id='word_1_161' title='bbox 633 1527 775 1607; x_wconf 72' lang='lat' dir='ltr'><strong>arcuato,</strong></span> <span class='ocrx_word' id='word_1_162' title='bbox 817 1529 883 1592; x_wconf 89' lang='lat' dir='ltr'><strong>eius</strong></span> <span class='ocrx_word' id='word_1_163' title='bbox 894 1527 1046 1592; x_wconf 89' lang='lat' dir='ltr'><strong>attributis</strong></span> <span class='ocrx_word' id='word_1_164' title='bbox 1061 1527 1209 1590; x_wconf 87' lang='lat' dir='ltr'><strong>contraria</strong></span> <span class='ocrx_word' id='word_1_165' title='bbox 1226 1527 1309 1588; x_wconf 92' lang='lat' dir='ltr'><strong>nullo</strong></span> <span class='ocrx_word' id='word_1_166' title='bbox 1330 1528 1416 1590; x_wconf 86' lang='lat' dir='ltr'><strong>anodo</strong></span> 
     </span>
     <span class='ocr_line' id='line_1_18' title="bbox 180 1609 1415 1694; baseline -0.001 -19"><span class='ocrx_word' id='word_1_167' title='bbox 180 1620 267 1676; x_wconf 84' lang='lat' dir='ltr'><strong>ealra</strong></span> <span class='ocrx_word' id='word_1_168' title='bbox 282 1629 369 1694; x_wconf 81' lang='lat' dir='ltr'><strong>paam</strong></span> <span class='ocrx_word' id='word_1_169' title='bbox 384 1631 469 1678; x_wconf 88' lang='lat' dir='ltr'><strong>nemo</strong></span> <span class='ocrx_word' id='word_1_170' title='bbox 483 1616 628 1678; x_wconf 86' lang='lat' dir='ltr'><strong>saluatur.</strong></span> <span class='ocrx_word' id='word_1_171' title='bbox 816 1613 876 1676; x_wconf 92' lang='lat' dir='ltr'><strong>dlci</strong></span> <span class='ocrx_word' id='word_1_172' title='bbox 895 1620 1003 1694; x_wconf 84' lang='lat' dir='ltr'><strong>potest.</strong></span> <span class='ocrx_word' id='word_1_173' title='bbox 1031 1609 1110 1674; x_wconf 89' lang='lat' dir='ltr'><strong>lleus</strong></span> <span class='ocrx_word' id='word_1_174' title='bbox 1128 1612 1209 1673; x_wconf 90' lang='lat' dir='ltr'><strong>enim</strong></span> <span class='ocrx_word' id='word_1_175' title='bbox 1228 1612 1311 1672; x_wconf 91' lang='lat' dir='ltr'><strong>nullo</strong></span> <span class='ocrx_word' id='word_1_176' title='bbox 1331 1613 1415 1674; x_wconf 87' lang='lat' dir='ltr'><strong>modo</strong></span> 
     </span>
     <span class='ocr_line' id='line_1_19' title="bbox 221 1695 1439 1779; baseline -0.001 -20"><span class='ocrx_word' id='word_1_177' title='bbox 221 1697 251 1759; x_wconf 87' lang='lat'><strong>3.</strong></span> <span class='ocrx_word' id='word_1_178' title='bbox 264 1697 295 1778; x_wconf 76' lang='lat' dir='ltr'><strong>a)</strong></span> <span class='ocrx_word' id='word_1_179' title='bbox 305 1698 437 1761; x_wconf 86' lang='lat' dir='ltr'><strong>Christus</strong></span> <span class='ocrx_word' id='word_1_180' title='bbox 446 1697 776 1762; x_wconf 82' lang='lat' dir='ltr'><strong>revelationemmundo</strong></span> <span class='ocrx_word' id='word_1_181' title='bbox 817 1698 975 1760; x_wconf 88' lang='lat' dir='ltr'><strong>tenebatur</strong></span> <span class='ocrx_word' id='word_1_182' title='bbox 997 1697 1035 1760; x_wconf 84' lang='lat' dir='ltr'><strong>sd</strong></span> <span class='ocrx_word' id='word_1_183' title='bbox 1052 1698 1168 1779; x_wconf 89' lang='lat' dir='ltr'><strong>lapsum</strong></span> <span class='ocrx_word' id='word_1_184' title='bbox 1189 1712 1284 1774; x_wconf 75' lang='lat' dir='ltr'><strong>penus</strong></span> <span class='ocrx_word' id='word_1_185' title='bbox 1308 1695 1416 1758; x_wconf 87' lang='lat' dir='ltr'><strong>buma—</strong></span> <span class='ocrx_word' id='word_1_186' title='bbox 1437 1701 1439 1706; x_wconf 80' lang='grc'><strong>“</strong></span> 
     </span>
     <span class='ocr_line' id='line_1_20' title="bbox 178 1779 1415 1864; baseline 0.001 -23"><span class='ocrx_word' id='word_1_187' title='bbox 178 1781 288 1858; x_wconf 86' lang='lat' dir='ltr'><strong>altulil,</strong></span> <span class='ocrx_word' id='word_1_188' title='bbox 322 1791 355 1844; x_wconf 93' lang='lat' dir='ltr'><strong>nl</strong></span> <span class='ocrx_word' id='word_1_189' title='bbox 384 1783 503 1846; x_wconf 92' lang='lat' dir='ltr'><strong>modum</strong></span> <span class='ocrx_word' id='word_1_190' title='bbox 534 1782 689 1864; x_wconf 78' lang='lat' dir='ltr'><strong>indigitet,</strong></span> <span class='ocrx_word' id='word_1_191' title='bbox 718 1797 777 1864; x_wconf 87' lang='lat' dir='ltr'><strong>quo</strong></span> <span class='ocrx_word' id='word_1_192' title='bbox 817 1799 889 1844; x_wconf 90' lang='lat' dir='ltr'><strong>num</strong></span> <span class='ocrx_word' id='word_1_193' title='bbox 918 1781 1139 1857; x_wconf 85' lang='lat' dir='ltr'><strong>redimendum,</strong></span> <span class='ocrx_word' id='word_1_194' title='bbox 1169 1788 1199 1842; x_wconf 90' lang='lat' dir='ltr'><strong>et</strong></span> <span class='ocrx_word' id='word_1_195' title='bbox 1227 1779 1252 1841; x_wconf 89' lang='lat' dir='ltr'><strong>si</strong></span> <span class='ocrx_word' id='word_1_196' title='bbox 1278 1779 1337 1841; x_wconf 84' lang='lat' dir='ltr'><strong>boc</strong></span> <span class='ocrx_word' id='word_1_197' title='bbox 1359 1799 1415 1842; x_wconf 91' lang='lat' dir='ltr'><strong>non</strong></span> 
     </span>
     <span class='ocr_line' id='line_1_21' title="bbox 179 1863 1417 1948; baseline 0 -23"><span class='ocrx_word' id='word_1_198' title='bbox 179 1863 315 1928; x_wconf 89' lang='lat' dir='ltr'><strong>homines</strong></span> <span class='ocrx_word' id='word_1_199' title='bbox 336 1865 429 1928; x_wconf 90' lang='lat' dir='ltr'><strong>lleum</strong></span> <span class='ocrx_word' id='word_1_200' title='bbox 461 1866 571 1944; x_wconf 86' lang='lat' dir='ltr'><strong>celere,</strong></span> <span class='ocrx_word' id='word_1_201' title='bbox 599 1875 629 1930; x_wconf 90' lang='lat' dir='ltr'><strong>el</strong></span> <span class='ocrx_word' id='word_1_202' title='bbox 649 1869 776 1929; x_wconf 87' lang='lat' dir='ltr'><strong>salutem</strong></span> <span class='ocrx_word' id='word_1_203' title='bbox 818 1865 1035 1948; x_wconf 77' lang='lat' dir='ltr'><strong>praestitisset,</strong></span> <span class='ocrx_word' id='word_1_204' title='bbox 1056 1885 1073 1926; x_wconf 89' lang='lat' dir='ltr'><strong>a</strong></span> <span class='ocrx_word' id='word_1_205' title='bbox 1095 1863 1215 1926; x_wconf 88' lang='lat' dir='ltr'><strong>nemine</strong></span> <span class='ocrx_word' id='word_1_206' title='bbox 1238 1864 1417 1944; x_wconf 84' lang='lat' dir='ltr'><strong>reprehendi</strong></span> 
     </span>
     <span class='ocr_line' id='line_1_22' title="bbox 179 1949 1417 2032; baseline 0.001 -23"><span class='ocrx_word' id='word_1_207' title='bbox 179 1965 262 2011; x_wconf 90' lang='lat' dir='ltr'><strong>suam</strong></span> <span class='ocrx_word' id='word_1_208' title='bbox 290 1951 409 2032; x_wconf 89' lang='lat' dir='ltr'><strong>operari</strong></span> <span class='ocrx_word' id='word_1_209' title='bbox 428 1951 575 2014; x_wconf 87' lang='lat' dir='ltr'><strong>debeant:</strong></span> <span class='ocrx_word' id='word_1_210' title='bbox 595 1951 701 2032; x_wconf 84' lang='lat' dir='ltr'><strong>quodsi</strong></span> <span class='ocrx_word' id='word_1_211' title='bbox 720 1951 778 2012; x_wconf 85' lang='lat' dir='ltr'><strong>bo·</strong></span> <span class='ocrx_word' id='word_1_212' title='bbox 819 1958 929 2030; x_wconf 89' lang='lat' dir='ltr'><strong>posset,</strong></span> <span class='ocrx_word' id='word_1_213' title='bbox 949 1949 1002 2012; x_wconf 88' lang='lat' dir='ltr'><strong>sed</strong></span> <span class='ocrx_word' id='word_1_214' title='bbox 1027 1949 1143 2011; x_wconf 85' lang='lat' dir='ltr'><strong>induite</strong></span> <span class='ocrx_word' id='word_1_215' title='bbox 1161 1956 1293 2022; x_wconf 86' lang='lat' dir='ltr'><strong>sanetus,</strong></span> <span class='ocrx_word' id='word_1_216' title='bbox 1324 1949 1417 2010; x_wconf 91' lang='lat' dir='ltr'><strong>iustus</strong></span> 
     </span>
     <span class='ocr_line' id='line_1_23' title="bbox 180 2029 1468 2110; baseline 0 -16"><span class='ocrx_word' id='word_1_217' title='bbox 180 2033 275 2096; x_wconf 86' lang='lat' dir='ltr'><strong>mines</strong></span> <span class='ocrx_word' id='word_1_218' title='bbox 291 2035 370 2097; x_wconf 89' lang='lat' dir='ltr'><strong>bunc</strong></span> <span class='ocrx_word' id='word_1_219' title='bbox 396 2037 516 2098; x_wconf 90' lang='lat' dir='ltr'><strong>modum</strong></span> <span class='ocrx_word' id='word_1_220' title='bbox 535 2053 652 2098; x_wconf 79' lang='lat' dir='ltr'><strong>serrare</strong></span> <span class='ocrx_word' id='word_1_221' title='bbox 669 2035 776 2110; x_wconf 84' lang='lat' dir='ltr'><strong>nolint,</strong></span> <span class='ocrx_word' id='word_1_222' title='bbox 819 2041 848 2095; x_wconf 91' lang='lat' dir='ltr'><strong>et</strong></span> <span class='ocrx_word' id='word_1_223' title='bbox 870 2033 967 2096; x_wconf 90' lang='lat' dir='ltr'><strong>bonus</strong></span> <span class='ocrx_word' id='word_1_224' title='bbox 985 2033 1154 2103; x_wconf 82' lang='lat' dir='ltr'><strong>laudandus</strong></span> <span class='ocrx_word' id='word_1_225' title='bbox 1169 2039 1258 2094; x_wconf 87' lang='lat' dir='ltr'><strong>esset.</strong></span> <span class='ocrx_word' id='word_1_226' title='bbox 1274 2029 1350 2094; x_wconf 84' lang='lat' dir='ltr'><strong>Cum</strong></span> <span class='ocrx_word' id='word_1_227' title='bbox 1369 2049 1418 2094; x_wconf 88' lang='lat' dir='ltr'><strong>au·</strong></span> <span class='ocrx_word' id='word_1_228' title='bbox 1467 2053 1468 2080; x_wconf 73' lang='lat'>1</span> 
     </span>
     <span class='ocr_line' id='line_1_24' title="bbox 179 2115 1417 2200; baseline -0.001 -22"><span class='ocrx_word' id='word_1_229' title='bbox 179 2126 292 2197; x_wconf 84' lang='lat' dir='ltr'><strong>parturn</strong></span> <span class='ocrx_word' id='word_1_230' title='bbox 316 2139 333 2180; x_wconf 87' lang='lat' dir='ltr'><strong>a</strong></span> <span class='ocrx_word' id='word_1_231' title='bbox 355 2117 472 2182; x_wconf 86' lang='lat' dir='ltr'><strong>Christo</strong></span> <span class='ocrx_word' id='word_1_232' title='bbox 489 2119 615 2182; x_wconf 88' lang='lat' dir='ltr'><strong>salutem</strong></span> <span class='ocrx_word' id='word_1_233' title='bbox 634 2119 778 2200; x_wconf 84' lang='lat' dir='ltr'><strong>consequi</strong></span> <span class='ocrx_word' id='word_1_234' title='bbox 818 2127 877 2180; x_wconf 86' lang='lat' dir='ltr'><strong>letn</strong></span> <span class='ocrx_word' id='word_1_235' title='bbox 900 2117 979 2180; x_wconf 88' lang='lat' dir='ltr'><strong>Deus</strong></span> <span class='ocrx_word' id='word_1_236' title='bbox 1004 2135 1040 2180; x_wconf 85' lang='lat' dir='ltr'><strong>ex</strong></span> <span class='ocrx_word' id='word_1_237' title='bbox 1069 2118 1184 2179; x_wconf 87' lang='lat' dir='ltr'><strong>infinita</strong></span> <span class='ocrx_word' id='word_1_238' title='bbox 1203 2115 1340 2179; x_wconf 88' lang='lat' dir='ltr'><strong>bonitate</strong></span> <span class='ocrx_word' id='word_1_239' title='bbox 1363 2117 1417 2177; x_wconf 94' lang='lat' dir='ltr'><strong>bo-</strong></span> 
     </span>
     <span class='ocr_line' id='line_1_25' title="bbox 179 2201 1418 2283; baseline 0.002 -23"><span class='ocrx_word' id='word_1_240' title='bbox 179 2218 239 2261; x_wconf 90' lang='lat' dir='ltr'><strong>non</strong></span> <span class='ocrx_word' id='word_1_241' title='bbox 266 2211 403 2282; x_wconf 84' lang='lat' dir='ltr'><strong>possunt.</strong></span> <span class='ocrx_word' id='word_1_242' title='bbox 428 2203 461 2283; x_wconf 89' lang='lat' dir='ltr'><strong>b)</strong></span> <span class='ocrx_word' id='word_1_243' title='bbox 486 2202 621 2266; x_wconf 81' lang='lat' dir='ltr'><strong>Christus</strong></span> <span class='ocrx_word' id='word_1_244' title='bbox 650 2203 793 2266; x_wconf 71' lang='lat' dir='ltr'><strong>lnstiluit,</strong></span> <span class='ocrx_word' id='word_1_245' title='bbox 819 2201 916 2264; x_wconf 87' lang='lat' dir='ltr'><strong>mines</strong></span> <span class='ocrx_word' id='word_1_246' title='bbox 946 2201 978 2264; x_wconf 92' lang='lat' dir='ltr'><strong>in</strong></span> <span class='ocrx_word' id='word_1_247' title='bbox 1006 2209 1126 2283; x_wconf 85' lang='lat' dir='ltr'><strong>peccalo</strong></span> <span class='ocrx_word' id='word_1_248' title='bbox 1154 2203 1253 2282; x_wconf 89' lang='lat' dir='ltr'><strong>lapsos</strong></span> <span class='ocrx_word' id='word_1_249' title='bbox 1271 2201 1418 2263; x_wconf 86' lang='lat' dir='ltr'><strong>redimere</strong></span> 
     </span>
     <span class='ocr_line' id='line_1_26' title="bbox 179 2281 1418 2368; baseline 0.002 -24"><span class='ocrx_word' id='word_1_250' title='bbox 179 2281 342 2346; x_wconf 80' lang='lat' dir='ltr'><strong>Ecclesiam</strong></span> <span class='ocrx_word' id='word_1_251' title='bbox 366 2285 535 2364; x_wconf 88' lang='lat' dir='ltr'><strong>docentem,</strong></span> <span class='ocrx_word' id='word_1_252' title='bbox 562 2305 650 2368; x_wconf 82' lang='lat' dir='ltr'><strong>quarn</strong></span> <span class='ocrx_word' id='word_1_253' title='bbox 674 2305 788 2364; x_wconf 39' lang='lat' dir='ltr'><strong>omnes,</strong></span> <span class='ocrx_word' id='word_1_254' title='bbox 819 2285 959 2362; x_wconf 82' lang='lat' dir='ltr'><strong>decrevit,</strong></span> <span class='ocrx_word' id='word_1_255' title='bbox 975 2287 1043 2367; x_wconf 90' lang='lat' dir='ltr'><strong>quis</strong></span> <span class='ocrx_word' id='word_1_256' title='bbox 1057 2285 1259 2368; x_wconf 86' lang='lat' dir='ltr'><strong>reprehendet</strong></span> <span class='ocrx_word' id='word_1_257' title='bbox 1272 2293 1418 2362; x_wconf 88' lang='lat' dir='ltr'><strong>eum,aul</strong></span> 
     </span>
     <span class='ocr_line' id='line_1_27' title="bbox 179 2367 1418 2452; baseline 0.001 -22"><span class='ocrx_word' id='word_1_258' title='bbox 179 2367 376 2450; x_wconf 82' lang='lat' dir='ltr'><strong>audire(Cap.</strong></span> <span class='ocrx_word' id='word_1_259' title='bbox 393 2369 444 2451; x_wconf 88' lang='lat' dir='ltr'><strong>ll),</strong></span> <span class='ocrx_word' id='word_1_260' title='bbox 461 2380 490 2432; x_wconf 91' lang='lat' dir='ltr'><strong>et</strong></span> <span class='ocrx_word' id='word_1_261' title='bbox 505 2371 713 2451; x_wconf 75' lang='lat' dir='ltr'><strong>imperantem,</strong></span> <span class='ocrx_word' id='word_1_262' title='bbox 729 2369 778 2433; x_wconf 90' lang='lat' dir='ltr'><strong>eui</strong></span> <span class='ocrx_word' id='word_1_263' title='bbox 821 2370 888 2451; x_wconf 91' lang='lat' dir='ltr'><strong>quis</strong></span> <span class='ocrx_word' id='word_1_264' title='bbox 907 2370 972 2452; x_wconf 91' lang='lat' dir='ltr'><strong>ipso</strong></span> <span class='ocrx_word' id='word_1_265' title='bbox 988 2371 1141 2449; x_wconf 85' lang='lat' dir='ltr'><strong>indignum</strong></span> <span class='ocrx_word' id='word_1_266' title='bbox 1161 2369 1319 2446; x_wconf 88' lang='lat' dir='ltr'><strong>iudicabit,</strong></span> <span class='ocrx_word' id='word_1_267' title='bbox 1339 2370 1418 2450; x_wconf 88' lang='lat' dir='ltr'><strong>quod</strong></span> 
     </span>
     <span class='ocr_line' id='line_1_28' title="bbox 179 2453 1420 2600; baseline 0.002 -89"><span class='ocrx_word' id='word_1_268' title='bbox 179 2463 283 2514; x_wconf 82' lang='lat' dir='ltr'><strong>ornnes</strong></span> <span class='ocrx_word' id='word_1_269' title='bbox 310 2453 432 2516; x_wconf 89' lang='lat' dir='ltr'><strong>obedire</strong></span> <span class='ocrx_word' id='word_1_270' title='bbox 450 2454 534 2536; x_wconf 84' lang='lat' dir='ltr'><strong>(Cap.</strong></span> <span class='ocrx_word' id='word_1_271' title='bbox 552 2455 604 2535; x_wconf 88' lang='lat' dir='ltr'><strong>lll)</strong></span> <span class='ocrx_word' id='word_1_272' title='bbox 626 2465 776 2519; x_wconf 85' lang='lat' dir='ltr'><strong>tenentur.</strong></span> <span class='ocrx_word' id='word_1_273' title='bbox 821 2471 874 2600; x_wconf 55' lang='lat' dir='ltr'><strong>gro</strong></span> <span class='ocrx_word' id='word_1_274' title='bbox 892 2454 1044 2516; x_wconf 85' lang='lat' dir='ltr'><strong>liberrima</strong></span> <span class='ocrx_word' id='word_1_275' title='bbox 1072 2473 1127 2516; x_wconf 87' lang='lat' dir='ltr'><strong>sua</strong></span> <span class='ocrx_word' id='word_1_276' title='bbox 1150 2454 1303 2515; x_wconf 85' lang='lat' dir='ltr'><strong>voluntate</strong></span> <span class='ocrx_word' id='word_1_277' title='bbox 1322 2463 1353 2515; x_wconf 92' lang='lat' dir='ltr'><strong>et</strong></span> <span class='ocrx_word' id='word_1_278' title='bbox 1370 2453 1420 2514; x_wconf 92' lang='lat' dir='ltr'><strong>in-</strong></span> 
     </span>
     <span class='ocr_line' id='line_1_29' title="bbox 178 2523 1419 2621; baseline 0.001 -24"><span class='ocrx_word' id='word_1_279' title='bbox 178 2523 233 2608; x_wconf 73' lang='lat' dir='ltr'><strong>ool</strong></span> <span class='ocrx_word' id='word_1_280' title='bbox 251 2535 456 2616; x_wconf 77' lang='lat' dir='ltr'><strong>gravissimum</strong></span> <span class='ocrx_word' id='word_1_281' title='bbox 468 2538 523 2600; x_wconf 88' lang='lat' dir='ltr'><strong>boc</strong></span> <span class='ocrx_word' id='word_1_282' title='bbox 535 2539 643 2602; x_wconf 84' lang='lat' dir='ltr'><strong>Christi</strong></span> <span class='ocrx_word' id='word_1_283' title='bbox 653 2555 778 2621; x_wconf 87' lang='lat' dir='ltr'><strong>praece·</strong></span> <span class='ocrx_word' id='word_1_284' title='bbox 842 2538 904 2601; x_wconf 87' lang='lat' dir='ltr'><strong>nita</strong></span> <span class='ocrx_word' id='word_1_285' title='bbox 919 2539 1065 2620; x_wconf 87' lang='lat' dir='ltr'><strong>sapientia</strong></span> <span class='ocrx_word' id='word_1_286' title='bbox 1075 2537 1262 2602; x_wconf 88' lang='lat' dir='ltr'><strong>conditiones</strong></span> <span class='ocrx_word' id='word_1_287' title='bbox 1275 2539 1419 2618; x_wconf 86' lang='lat' dir='ltr'><strong>praescri·</strong></span> 
     </span>
     <span class='ocr_line' id='line_1_30' title="bbox 180 2621 1418 2704; baseline 0.002 -23"><span class='ocrx_word' id='word_1_288' title='bbox 180 2628 263 2701; x_wconf 89' lang='lat' dir='ltr'><strong>ptum</strong></span> <span class='ocrx_word' id='word_1_289' title='bbox 281 2621 343 2682; x_wconf 85' lang='lat' dir='ltr'><strong>nau</strong></span> <span class='ocrx_word' id='word_1_290' title='bbox 365 2622 540 2704; x_wconf 75' lang='lat' dir='ltr'><strong>adimplent,</strong></span> <span class='ocrx_word' id='word_1_291' title='bbox 567 2625 670 2686; x_wconf 84' lang='lat' dir='ltr'><strong>eodem</strong></span> <span class='ocrx_word' id='word_1_292' title='bbox 690 2625 778 2686; x_wconf 93' lang='lat' dir='ltr'><strong>modo</strong></span> <span class='ocrx_word' id='word_1_293' title='bbox 821 2624 924 2703; x_wconf 82' lang='lat' dir='ltr'><strong>poerit,</strong></span> <span class='ocrx_word' id='word_1_294' title='bbox 934 2640 1008 2703; x_wconf 85' lang='lat' dir='ltr'><strong>qaas</strong></span> <span class='ocrx_word' id='word_1_295' title='bbox 1021 2623 1109 2684; x_wconf 91' lang='lat' dir='ltr'><strong>bomo</strong></span> <span class='ocrx_word' id='word_1_296' title='bbox 1122 2623 1285 2702; x_wconf 90' lang='lat' dir='ltr'><strong>adimplere</strong></span> <span class='ocrx_word' id='word_1_297' title='bbox 1297 2621 1418 2697; x_wconf 88' lang='lat' dir='ltr'><strong>debeat,</strong></span> 
     </span>
     <span class='ocr_line' id='line_1_31' title="bbox 179 2705 1418 2790; baseline 0.001 -24"><span class='ocrx_word' id='word_1_298' title='bbox 179 2705 290 2766; x_wconf 82' lang='lat' dir='ltr'><strong>salvari</strong></span> <span class='ocrx_word' id='word_1_299' title='bbox 313 2723 372 2766; x_wconf 93' lang='lat' dir='ltr'><strong>non</strong></span> <span class='ocrx_word' id='word_1_300' title='bbox 392 2716 527 2789; x_wconf 88' lang='lat' dir='ltr'><strong>possunt,</strong></span> <span class='ocrx_word' id='word_1_301' title='bbox 547 2709 624 2771; x_wconf 88' lang='lat' dir='ltr'><strong>sicut</strong></span> <span class='ocrx_word' id='word_1_302' title='bbox 647 2709 703 2786; x_wconf 92' lang='lat' dir='ltr'><strong>illi,</strong></span> <span class='ocrx_word' id='word_1_303' title='bbox 725 2709 779 2790; x_wconf 91' lang='lat' dir='ltr'><strong>qui</strong></span> <span class='ocrx_word' id='word_1_304' title='bbox 820 2715 853 2768; x_wconf 90' lang='lat' dir='ltr'><strong>ul</strong></span> <span class='ocrx_word' id='word_1_305' title='bbox 865 2707 1015 2768; x_wconf 89' lang='lat' dir='ltr'><strong>fruetuum</strong></span> <span class='ocrx_word' id='word_1_306' title='bbox 1032 2705 1254 2788; x_wconf 83' lang='lat' dir='ltr'><strong>Redemptianis</strong></span> <span class='ocrx_word' id='word_1_307' title='bbox 1277 2713 1308 2766; x_wconf 91' lang='lat' dir='ltr'><strong>et</strong></span> <span class='ocrx_word' id='word_1_308' title='bbox 1331 2725 1418 2768; x_wconf 84' lang='lat' dir='ltr'><strong>reau-</strong></span> 
     </span>
     <span class='ocr_line' id='line_1_32' title="bbox 180 2788 1469 2875; baseline 0.001 -25"><span class='ocrx_word' id='word_1_309' title='bbox 180 2788 239 2850; x_wconf 78' lang='lat' dir='ltr'><strong>alia</strong></span> <span class='ocrx_word' id='word_1_310' title='bbox 252 2789 353 2868; x_wconf 76' lang='lat' dir='ltr'><strong>grania</strong></span> <span class='ocrx_word' id='word_1_311' title='bbox 369 2789 423 2852; x_wconf 89' lang='lat' dir='ltr'><strong>Dei</strong></span> <span class='ocrx_word' id='word_1_312' title='bbox 438 2801 596 2873; x_wconf 85' lang='lat' dir='ltr'><strong>praecepta</strong></span> <span class='ocrx_word' id='word_1_313' title='bbox 611 2793 734 2855; x_wconf 82' lang='lat' dir='ltr'><strong>violant.</strong></span> <span class='ocrx_word' id='word_1_314' title='bbox 748 2793 778 2873; x_wconf 88' lang='lat' dir='ltr'><strong>a)</strong></span> <span class='ocrx_word' id='word_1_315' title='bbox 842 2800 943 2854; x_wconf 88' lang='lat' dir='ltr'><strong>eratae</strong></span> <span class='ocrx_word' id='word_1_316' title='bbox 961 2792 1066 2854; x_wconf 87' lang='lat' dir='ltr'><strong>salutis</strong></span> <span class='ocrx_word' id='word_1_317' title='bbox 1091 2792 1237 2875; x_wconf 81' lang='lat' dir='ltr'><strong>particeps</strong></span> <span class='ocrx_word' id='word_1_318' title='bbox 1265 2791 1420 2852; x_wconf 81' lang='lat' dir='ltr'><strong>reddatur‘.l</strong></span> <span class='ocrx_word' id='word_1_319' title='bbox 1468 2789 1469 2796; x_wconf 77' lang='grc'>’</span> 
     </span>
     <span class='ocr_line' id='line_1_33' title="bbox 179 2811 1420 2955; baseline 0.002 -21"><span class='ocrx_word' id='word_1_320' title='bbox 179 2869 235 2944; x_wconf 80' lang='lat' dir='ltr'><strong>eol</strong></span> <span class='ocrx_word' id='word_1_321' title='bbox 252 2875 429 2936; x_wconf 83' lang='lat' dir='ltr'><strong>sententiam</strong></span> <span class='ocrx_word' id='word_1_322' title='bbox 443 2874 586 2952; x_wconf 87' lang='lat' dir='ltr'><strong>defendit,</strong></span> <span class='ocrx_word' id='word_1_323' title='bbox 603 2895 663 2939; x_wconf 90' lang='lat' dir='ltr'><strong>non</strong></span> <span class='ocrx_word' id='word_1_324' title='bbox 679 2877 779 2939; x_wconf 88' lang='lat' dir='ltr'><strong>omniu</strong></span> <span class='ocrx_word' id='word_1_325' title='bbox 820 2811 898 2937; x_wconf 59' lang='lat' dir='ltr'><strong>fater</strong></span> <span class='ocrx_word' id='word_1_326' title='bbox 909 2876 1096 2939; x_wconf 89' lang='lat' dir='ltr'><strong>conditiones</strong></span> <span class='ocrx_word' id='word_1_327' title='bbox 1107 2883 1206 2937; x_wconf 86' lang='lat' dir='ltr'><strong>autem</strong></span> <span class='ocrx_word' id='word_1_328' title='bbox 1221 2876 1420 2955; x_wconf 88' lang='lat' dir='ltr'><strong>praescriptas</strong></span> 
     </span>
     <span class='ocr_line' id='line_1_34' title="bbox 179 2956 1420 3041; baseline 0.002 -24"><span class='ocrx_word' id='word_1_329' title='bbox 179 2956 328 3019; x_wconf 87' lang='lat' dir='ltr'><strong>credenda</strong></span> <span class='ocrx_word' id='word_1_330' title='bbox 343 2974 421 3036; x_wconf 87' lang='lat' dir='ltr'><strong>esse,</strong></span> <span class='ocrx_word' id='word_1_331' title='bbox 440 2979 516 3041; x_wconf 88' lang='lat' dir='ltr'><strong>quae</strong></span> <span class='ocrx_word' id='word_1_332' title='bbox 536 2962 664 3024; x_wconf 79' lang='lat' dir='ltr'><strong>revelata</strong></span> <span class='ocrx_word' id='word_1_333' title='bbox 681 2970 779 3022; x_wconf 88' lang='lat' dir='ltr'><strong>sunta</strong></span> <span class='ocrx_word' id='word_1_334' title='bbox 821 2959 897 3020; x_wconf 90' lang='lat' dir='ltr'><strong>banc</strong></span> <span class='ocrx_word' id='word_1_335' title='bbox 926 2959 1116 3041; x_wconf 89' lang='lat' dir='ltr'><strong>praeeipuam</strong></span> <span class='ocrx_word' id='word_1_336' title='bbox 1145 2958 1247 3021; x_wconf 86' lang='lat' dir='ltr'><strong>uobis·</strong></span> <span class='ocrx_word' id='word_1_337' title='bbox 1269 2957 1420 3020; x_wconf 81' lang='lat' dir='ltr'><strong>berelatio</strong></span> 
     </span>
     <span class='ocr_line' id='line_1_35' title="bbox 179 3039 1420 3128; baseline 0 -24"><span class='ocrx_word' id='word_1_338' title='bbox 179 3039 307 3118; x_wconf 83' lang='lat' dir='ltr'><strong>Christo,</strong></span> <span class='ocrx_word' id='word_1_339' title='bbox 336 3042 368 3103; x_wconf 94' lang='lat' dir='ltr'><strong>in</strong></span> <span class='ocrx_word' id='word_1_340' title='bbox 395 3043 503 3105; x_wconf 85' lang='lat' dir='ltr'><strong>Filium</strong></span> <span class='ocrx_word' id='word_1_341' title='bbox 534 3043 587 3106; x_wconf 87' lang='lat' dir='ltr'><strong>Del</strong></span> <span class='ocrx_word' id='word_1_342' title='bbox 616 3045 727 3125; x_wconf 87' lang='lat' dir='ltr'><strong>impius</strong></span> <span class='ocrx_word' id='word_1_343' title='bbox 750 3052 781 3110; x_wconf 89' lang='lat' dir='ltr'><strong>et</strong></span> <span class='ocrx_word' id='word_1_344' title='bbox 820 3043 963 3122; x_wconf 83' lang='lat' dir='ltr'><strong>assignat,</strong></span> <span class='ocrx_word' id='word_1_345' title='bbox 986 3044 1066 3128; x_wconf 86' lang='lat' dir='ltr'><strong>quod</strong></span> <span class='ocrx_word' id='word_1_346' title='bbox 1095 3043 1230 3106; x_wconf 89' lang='lat' dir='ltr'><strong>homiues</strong></span> <span class='ocrx_word' id='word_1_347' title='bbox 1251 3041 1420 3104; x_wconf 86' lang='lat' dir='ltr'><strong>institutam</strong></span> 
     </span>
     <span class='ocr_line' id='line_1_36' title="bbox 180 3121 1420 3210; baseline -0.001 -22"><span class='ocrx_word' id='word_1_348' title='bbox 180 3121 373 3208; x_wconf 89' lang='lat' dir='ltr'><strong>blasphemus</strong></span> <span class='ocrx_word' id='word_1_349' title='bbox 392 3133 448 3205; x_wconf 86' lang='lat' dir='ltr'><strong>est,</strong></span> <span class='ocrx_word' id='word_1_350' title='bbox 471 3127 543 3210; x_wconf 85' lang='lat' dir='ltr'><strong>quia</strong></span> <span class='ocrx_word' id='word_1_351' title='bbox 570 3147 606 3191; x_wconf 83' lang='lat' dir='ltr'><strong>so</strong></span> <span class='ocrx_word' id='word_1_352' title='bbox 635 3129 700 3210; x_wconf 85' lang='lat' dir='ltr'><strong>ipso</strong></span> <span class='ocrx_word' id='word_1_353' title='bbox 725 3130 779 3191; x_wconf 82' lang='lat' dir='ltr'><strong>ed·</strong></span> <span class='ocrx_word' id='word_1_354' title='bbox 821 3147 839 3191; x_wconf 89' lang='lat' dir='ltr'><strong>a</strong></span> <span class='ocrx_word' id='word_1_355' title='bbox 868 3127 983 3190; x_wconf 84' lang='lat' dir='ltr'><strong>Christo</strong></span> <span class='ocrx_word' id='word_1_356' title='bbox 1013 3129 1174 3190; x_wconf 80' lang='lat' dir='ltr'><strong>Ecclesiam</strong></span> <span class='ocrx_word' id='word_1_357' title='bbox 1201 3126 1420 3206; x_wconf 78' lang='lat' dir='ltr'><strong>ingrediantur,</strong></span> 
     </span>
     <span class='ocr_line' id='line_1_37' title="bbox 179 3209 1419 3294; baseline 0.002 -24"><span class='ocrx_word' id='word_1_358' title='bbox 179 3217 295 3272; x_wconf 89' lang='lat' dir='ltr'><strong>struere</strong></span> <span class='ocrx_word' id='word_1_359' title='bbox 310 3211 426 3290; x_wconf 83' lang='lat' dir='ltr'><strong>cogitur</strong></span> <span class='ocrx_word' id='word_1_360' title='bbox 441 3211 716 3294; x_wconf 76' lang='lat' dir='ltr'><strong>aliquidquris‘lo</strong></span> <span class='ocrx_word' id='word_1_361' title='bbox 734 3225 781 3275; x_wconf 83' lang='lat' dir='ltr'><strong>re·</strong></span> <span class='ocrx_word' id='word_1_362' title='bbox 820 3219 851 3273; x_wconf 90' lang='lat' dir='ltr'><strong>et</strong></span> <span class='ocrx_word' id='word_1_363' title='bbox 876 3211 920 3273; x_wconf 93' lang='lat' dir='ltr'><strong>illi</strong></span> <span class='ocrx_word' id='word_1_364' title='bbox 949 3211 1079 3293; x_wconf 86' lang='lat' dir='ltr'><strong>perfecte</strong></span> <span class='ocrx_word' id='word_1_365' title='bbox 1105 3211 1316 3274; x_wconf 85' lang='lat' dir='ltr'><strong>subiiciuntur.</strong></span> <span class='ocrx_word' id='word_1_366' title='bbox 1347 3209 1419 3282; x_wconf 82' lang='lat' dir='ltr'><strong>Quid</strong></span> 
     </span>
     <span class='ocr_line' id='line_1_38' title="bbox 179 3292 1420 3378; baseline 0.004 -26"><span class='ocrx_word' id='word_1_367' title='bbox 179 3292 307 3358; x_wconf 77' lang='lat' dir='ltr'><strong>relatum</strong></span> <span class='ocrx_word' id='word_1_368' title='bbox 326 3313 391 3358; x_wconf 89' lang='lat' dir='ltr'><strong>esse</strong></span> <span class='ocrx_word' id='word_1_369' title='bbox 408 3297 455 3358; x_wconf 81' lang='lat' dir='ltr'><strong>rel</strong></span> <span class='ocrx_word' id='word_1_370' title='bbox 473 3296 593 3374; x_wconf 84' lang='lat' dir='ltr'><strong>falsum,</strong></span> <span class='ocrx_word' id='word_1_371' title='bbox 612 3297 658 3359; x_wconf 82' lang='lat' dir='ltr'><strong>vel</strong></span> <span class='ocrx_word' id='word_1_372' title='bbox 675 3298 779 3360; x_wconf 84' lang='lat' dir='ltr'><strong>saltem</strong></span> <span class='ocrx_word' id='word_1_373' title='bbox 820 3295 950 3372; x_wconf 85' lang='lat' dir='ltr'><strong>facilius,</strong></span> <span class='ocrx_word' id='word_1_374' title='bbox 966 3297 1042 3378; x_wconf 85' lang='lat' dir='ltr'><strong>¹quid</strong></span> <span class='ocrx_word' id='word_1_375' title='bbox 1061 3296 1180 3374; x_wconf 88' lang='lat' dir='ltr'><strong>melius,</strong></span> <span class='ocrx_word' id='word_1_376' title='bbox 1203 3295 1275 3376; x_wconf 90' lang='lat' dir='ltr'><strong>quid</strong></span> <span class='ocrx_word' id='word_1_377' title='bbox 1297 3297 1420 3376; x_wconf 89' lang='lat' dir='ltr'><strong>sapien·</strong></span> 
     </span>
     <span class='ocr_line' id='line_1_39' title="bbox 179 3375 1421 3463; baseline 0.002 -27"><span class='ocrx_word' id='word_1_378' title='bbox 179 3375 299 3454; x_wconf 87' lang='lat' dir='ltr'><strong>inutile,</strong></span> <span class='ocrx_word' id='word_1_379' title='bbox 320 3379 361 3441; x_wconf 86' lang='lat' dir='ltr'><strong>ita</strong></span> <span class='ocrx_word' id='word_1_380' title='bbox 378 3387 412 3441; x_wconf 88' lang='lat' dir='ltr'><strong>nt</strong></span> <span class='ocrx_word' id='word_1_381' title='bbox 431 3379 510 3441; x_wconf 85' lang='lat' dir='ltr'><strong>idem</strong></span> <span class='ocrx_word' id='word_1_382' title='bbox 530 3381 580 3457; x_wconf 89' lang='lat' dir='ltr'><strong>sit,</strong></span> <span class='ocrx_word' id='word_1_383' title='bbox 600 3381 662 3442; x_wconf 85' lang='lat' dir='ltr'><strong>sive</strong></span> <span class='ocrx_word' id='word_1_384' title='bbox 679 3383 783 3444; x_wconf 86' lang='lat' dir='ltr'><strong>creda·</strong></span> <span class='ocrx_word' id='word_1_385' title='bbox 823 3381 882 3442; x_wconf 89' lang='lat' dir='ltr'><strong>tius</strong></span> <span class='ocrx_word' id='word_1_386' title='bbox 900 3380 1063 3462; x_wconf 84' lang='lat' dir='ltr'><strong>praescribi</strong></span> <span class='ocrx_word' id='word_1_387' title='bbox 1077 3379 1241 3463; x_wconf 76' lang='lat' dir='ltr'><strong>potuisset?</strong></span> <span class='ocrx_word' id='word_1_388' title='bbox 1255 3379 1340 3440; x_wconf 89' lang='lat' dir='ltr'><strong>omni</strong></span> <span class='ocrx_word' id='word_1_389' title='bbox 1359 3381 1421 3440; x_wconf 92' lang='lat' dir='ltr'><strong>iure</strong></span> 
     </span>
     <span class='ocr_line' id='line_1_40' title="bbox 178 3462 1419 3546; baseline 0.004 -27"><span class='ocrx_word' id='word_1_390' title='bbox 178 3467 240 3536; x_wconf 85' lang='lat' dir='ltr'><strong>tur,</strong></span> <span class='ocrx_word' id='word_1_391' title='bbox 257 3462 394 3524; x_wconf 81' lang='lat' dir='ltr'><strong>eirenen</strong></span> <span class='ocrx_word' id='word_1_392' title='bbox 412 3465 562 3527; x_wconf 87' lang='lat' dir='ltr'><strong>credatur.</strong></span> <span class='ocrx_word' id='word_1_393' title='bbox 577 3465 610 3546; x_wconf 94' lang='lat' dir='ltr'><strong>d)</strong></span> <span class='ocrx_word' id='word_1_394' title='bbox 621 3464 781 3546; x_wconf 81' lang='lat' dir='ltr'><strong>Theoriarn</strong></span> <span class='ocrx_word' id='word_1_395' title='bbox 823 3479 893 3544; x_wconf 70' lang='lat' dir='ltr'><strong>ergo</strong></span> <span class='ocrx_word' id='word_1_396' title='bbox 910 3465 989 3527; x_wconf 86' lang='lat' dir='ltr'><strong>Deus</strong></span> <span class='ocrx_word' id='word_1_397' title='bbox 1016 3465 1083 3527; x_wconf 91' lang='lat' dir='ltr'><strong>illos</strong></span> <span class='ocrx_word' id='word_1_398' title='bbox 1107 3465 1240 3540; x_wconf 86' lang='lat' dir='ltr'><strong>damnat,</strong></span> <span class='ocrx_word' id='word_1_399' title='bbox 1261 3463 1315 3546; x_wconf 86' lang='lat' dir='ltr'><strong>qui</strong></span> <span class='ocrx_word' id='word_1_400' title='bbox 1333 3464 1419 3525; x_wconf 88' lang='lat' dir='ltr'><strong>talem</strong></span> 
     </span>
     <span class='ocr_line' id='line_1_41' title="bbox 180 3543 1418 3631; baseline 0.002 -26"><span class='ocrx_word' id='word_1_401' title='bbox 180 3543 784 3613; x_wconf 82' lang='lat' dir='ltr'><strong>Prolestanliumdeartieulisfundamen·</strong></span> <span class='ocrx_word' id='word_1_402' title='bbox 822 3549 1024 3612; x_wconf 82' lang='lat' dir='ltr'><strong>conditionem</strong></span> <span class='ocrx_word' id='word_1_403' title='bbox 1066 3549 1229 3631; x_wconf 88' lang='lat' dir='ltr'><strong>adimplere</strong></span> <span class='ocrx_word' id='word_1_404' title='bbox 1268 3555 1418 3609; x_wconf 85' lang='lat' dir='ltr'><strong>recusant.</strong></span> 
     </span>
     <span class='ocr_line' id='line_1_42' title="bbox 180 3628 1421 3714; baseline 0.002 -24"><span class='ocrx_word' id='word_1_405' title='bbox 180 3628 293 3690; x_wconf 87' lang='lat' dir='ltr'><strong>talibus</strong></span> <span class='ocrx_word' id='word_1_406' title='bbox 315 3638 345 3691; x_wconf 91' lang='lat' dir='ltr'><strong>el</strong></span> <span class='ocrx_word' id='word_1_407' title='bbox 368 3648 428 3692; x_wconf 92' lang='lat' dir='ltr'><strong>uon</strong></span> <span class='ocrx_word' id='word_1_408' title='bbox 455 3631 728 3696; x_wconf 78' lang='lat' dir='ltr'><strong>fundamentalibus</strong></span> <span class='ocrx_word' id='word_1_409' title='bbox 751 3633 784 3701; x_wconf 89' lang='lat' dir='ltr'><strong>iu</strong></span> <span class='ocrx_word' id='word_1_410' title='bbox 824 3632 891 3714; x_wconf 88' lang='lat' dir='ltr'><strong>ipsa</strong></span> <span class='ocrx_word' id='word_1_411' title='bbox 909 3649 982 3696; x_wconf 86' lang='lat' dir='ltr'><strong>sana</strong></span> <span class='ocrx_word' id='word_1_412' title='bbox 1000 3633 1127 3708; x_wconf 87' lang='lat' dir='ltr'><strong>ratio,si</strong></span> <span class='ocrx_word' id='word_1_413' title='bbox 1140 3629 1372 3694; x_wconf 88' lang='lat' dir='ltr'><strong>misericordiam</strong></span> <span class='ocrx_word' id='word_1_414' title='bbox 1389 3637 1421 3692; x_wconf 86' lang='lat' dir='ltr'><strong>et</strong></span> 
     </span>
     <span class='ocr_line' id='line_1_43' title="bbox 181 3709 1422 3792; baseline 0.001 -18"><span class='ocrx_word' id='word_1_415' title='bbox 181 3709 374 3776; x_wconf 70' lang='lat' dir='ltr'><strong>deselatione</strong></span> <span class='ocrx_word' id='word_1_416' title='bbox 397 3714 624 3778; x_wconf 88' lang='lat' dir='ltr'><strong>fundamentum</strong></span> <span class='ocrx_word' id='word_1_417' title='bbox 647 3732 706 3780; x_wconf 92' lang='lat' dir='ltr'><strong>non</strong></span> <span class='ocrx_word' id='word_1_418' title='bbox 726 3718 784 3780; x_wconf 88' lang='lat' dir='ltr'><strong>ba·</strong></span> <span class='ocrx_word' id='word_1_419' title='bbox 824 3717 977 3780; x_wconf 87' lang='lat' dir='ltr'><strong>caritatem</strong></span> <span class='ocrx_word' id='word_1_420' title='bbox 989 3716 1041 3780; x_wconf 88' lang='lat' dir='ltr'><strong>Dei</strong></span> <span class='ocrx_word' id='word_1_421' title='bbox 1054 3717 1179 3792; x_wconf 83' lang='lat' dir='ltr'><strong>extollit,</strong></span> <span class='ocrx_word' id='word_1_422' title='bbox 1195 3714 1422 3779; x_wconf 87' lang='lat' dir='ltr'><strong>infinitameius</strong></span> 
     </span>
     <span class='ocr_line' id='line_1_44' title="bbox 179 3796 1421 3884; baseline 0.001 -25"><span class='ocrx_word' id='word_1_423' title='bbox 179 3796 265 3874; x_wconf 89' lang='lat' dir='ltr'><strong>bere,</strong></span> <span class='ocrx_word' id='word_1_424' title='bbox 285 3798 344 3860; x_wconf 87' lang='lat' dir='ltr'><strong>iam</strong></span> <span class='ocrx_word' id='word_1_425' title='bbox 365 3817 400 3860; x_wconf 83' lang='lat' dir='ltr'><strong>ex</strong></span> <span class='ocrx_word' id='word_1_426' title='bbox 417 3817 453 3860; x_wconf 90' lang='lat' dir='ltr'><strong>eo</strong></span> <span class='ocrx_word' id='word_1_427' title='bbox 468 3809 602 3880; x_wconf 87' lang='lat' dir='ltr'><strong>apparet,</strong></span> <span class='ocrx_word' id='word_1_428' title='bbox 619 3801 690 3884; x_wconf 82' lang='lat' dir='ltr'><strong>quio</strong></span> <span class='ocrx_word' id='word_1_429' title='bbox 707 3803 785 3864; x_wconf 89' lang='lat' dir='ltr'><strong>infer</strong></span> <span class='ocrx_word' id='word_1_430' title='bbox 824 3799 1024 3879; x_wconf 83' lang='lat' dir='ltr'><strong>sanctitatem,</strong></span> <span class='ocrx_word' id='word_1_431' title='bbox 1043 3800 1221 3883; x_wconf 88' lang='lat' dir='ltr'><strong>sapientiam</strong></span> <span class='ocrx_word' id='word_1_432' title='bbox 1232 3810 1265 3863; x_wconf 90' lang='lat' dir='ltr'><strong>et</strong></span> <span class='ocrx_word' id='word_1_433' title='bbox 1277 3798 1421 3862; x_wconf 85' lang='lat' dir='ltr'><strong>iustitiam</strong></span> 
     </span>
     <span class='ocr_line' id='line_1_45' title="bbox 180 3879 1423 3968; baseline 0.002 -27"><span class='ocrx_word' id='word_1_434' title='bbox 180 3879 262 3961; x_wconf 86' lang='lat' dir='ltr'><strong>lpsos</strong></span> <span class='ocrx_word' id='word_1_435' title='bbox 290 3896 445 3964; x_wconf 86' lang='lat' dir='ltr'><strong>nunquam</strong></span> <span class='ocrx_word' id='word_1_436' title='bbox 475 3885 610 3948; x_wconf 87' lang='lat' dir='ltr'><strong>unaniml</strong></span> <span class='ocrx_word' id='word_1_437' title='bbox 637 3899 784 3950; x_wconf 82' lang='lat' dir='ltr'><strong>consensu</strong></span> <span class='ocrx_word' id='word_1_438' title='bbox 811 3899 935 3965; x_wconf 76' lang='lat' dir='ltr'><strong>negare</strong></span> <span class='ocrx_word' id='word_1_439' title='bbox 965 3903 1025 3948; x_wconf 93' lang='lat' dir='ltr'><strong>non</strong></span> <span class='ocrx_word' id='word_1_440' title='bbox 1056 3894 1164 3968; x_wconf 86' lang='lat' dir='ltr'><strong>potest.</strong></span> <span class='ocrx_word' id='word_1_441' title='bbox 1192 3917 1236 3934; x_wconf 87' lang='lat'><strong>-</strong></span> <span class='ocrx_word' id='word_1_442' title='bbox 1260 3883 1423 3946; x_wconf 88' lang='lat' dir='ltr'><strong>Hominum</strong></span> 
     </span>
     <span class='ocr_line' id='line_1_46' title="bbox 180 3966 1425 4052; baseline 0.004 -27"><span class='ocrx_word' id='word_1_443' title='bbox 180 3968 323 4026; x_wconf 85' lang='lat' dir='ltr'><strong>statutum</strong></span> <span class='ocrx_word' id='word_1_444' title='bbox 353 3966 432 4044; x_wconf 92' lang='lat' dir='ltr'><strong>fuit,</strong></span> <span class='ocrx_word' id='word_1_445' title='bbox 462 3983 608 4049; x_wconf 84' lang='lat' dir='ltr'><strong>quaenam</strong></span> <span class='ocrx_word' id='word_1_446' title='bbox 626 3970 785 4034; x_wconf 87' lang='lat' dir='ltr'><strong>doctrinae</strong></span> <span class='ocrx_word' id='word_1_447' title='bbox 821 3971 959 4052; x_wconf 87' lang='lat' dir='ltr'><strong>prolecto</strong></span> <span class='ocrx_word' id='word_1_448' title='bbox 976 3987 1036 4034; x_wconf 91' lang='lat' dir='ltr'><strong>uun</strong></span> <span class='ocrx_word' id='word_1_449' title='bbox 1050 3978 1107 4047; x_wconf 86' lang='lat' dir='ltr'><strong>est,</strong></span> <span class='ocrx_word' id='word_1_450' title='bbox 1121 3967 1288 4052; x_wconf 88' lang='lat' dir='ltr'><strong>sapientiae</strong></span> <span class='ocrx_word' id='word_1_451' title='bbox 1305 3967 1425 4030; x_wconf 81' lang='lat' dir='ltr'><strong>diuinae</strong></span> 
     </span>
     <span class='ocr_line' id='line_1_47' title="bbox 180 4049 1425 4137; baseline 0.002 -28"><span class='ocrx_word' id='word_1_452' title='bbox 180 4057 237 4128; x_wconf 89' lang='lat' dir='ltr'><strong>pro</strong></span> <span class='ocrx_word' id='word_1_453' title='bbox 266 4049 402 4113; x_wconf 88' lang='lat' dir='ltr'><strong>articulis</strong></span> <span class='ocrx_word' id='word_1_454' title='bbox 430 4052 703 4120; x_wconf 74' lang='lat' dir='ltr'><strong>fundamentalibus</strong></span> <span class='ocrx_word' id='word_1_455' title='bbox 726 4055 783 4118; x_wconf 82' lang='lat' dir='ltr'><strong>be·-</strong></span> <span class='ocrx_word' id='word_1_456' title='bbox 822 4053 943 4134; x_wconf 75' lang='lat' dir='ltr'><strong>regulas</strong></span> <span class='ocrx_word' id='word_1_457' title='bbox 955 4055 1172 4137; x_wconf 82' lang='lat' dir='ltr'><strong>praescribere,</strong></span> <span class='ocrx_word' id='word_1_458' title='bbox 1190 4054 1236 4115; x_wconf 81' lang='lat' dir='ltr'><strong>rel</strong></span> <span class='ocrx_word' id='word_1_459' title='bbox 1253 4051 1368 4115; x_wconf 88' lang='lat' dir='ltr'><strong>limites</strong></span> <span class='ocrx_word' id='word_1_460' title='bbox 1381 4051 1425 4112; x_wconf 90' lang='lat' dir='ltr'><strong>in·</strong></span> 
     </span>
     <span class='ocr_line' id='line_1_48' title="bbox 182 4131 1424 4214; baseline 0.002 -22"><span class='ocrx_word' id='word_1_461' title='bbox 182 4131 387 4196; x_wconf 83' lang='lat' dir='ltr'><strong>herdae-siut.</strong></span> <span class='ocrx_word' id='word_1_462' title='bbox 797 4190 800 4207; x_wconf 87' lang='grc'>,</span> <span class='ocrx_word' id='word_1_463' title='bbox 826 4140 926 4202; x_wconf 82' lang='lat' dir='ltr'><strong>finitae</strong></span> <span class='ocrx_word' id='word_1_464' title='bbox 938 4138 1172 4214; x_wconf 84' lang='lat' dir='ltr'><strong>misericordiae,</strong></span> <span class='ocrx_word' id='word_1_465' title='bbox 1184 4135 1363 4200; x_wconf 87' lang='lat' dir='ltr'><strong>etinfinilae</strong></span> <span class='ocrx_word' id='word_1_466' title='bbox 1376 4136 1424 4195; x_wconf 93' lang='lat' dir='ltr'><strong>iu-</strong></span> 
     </span>
     <span class='ocr_line' id='line_1_49' title="bbox 224 4216 1424 4306; baseline 0.002 -28"><span class='ocrx_word' id='word_1_467' title='bbox 224 4216 314 4279; x_wconf 89' lang='lat' dir='ltr'><strong>Nota.</strong></span> <span class='ocrx_word' id='word_1_468' title='bbox 332 4216 551 4282; x_wconf 85' lang='lat' dir='ltr'><strong>Catholiuarum</strong></span> <span class='ocrx_word' id='word_1_469' title='bbox 564 4217 710 4302; x_wconf 86' lang='lat' dir='ltr'><strong>doolrina,</strong></span> <span class='ocrx_word' id='word_1_470' title='bbox 725 4216 800 4306; x_wconf 80' lang='lat' dir='ltr'><strong>qua&#39;</strong></span> <span class='ocrx_word' id='word_1_471' title='bbox 826 4221 922 4285; x_wconf 86' lang='lat' dir='ltr'><strong>stitiee</strong></span> <span class='ocrx_word' id='word_1_472' title='bbox 942 4224 1191 4302; x_wconf 63' lang='lat' dir='ltr'><strong>assignaremus</strong></span> <span class='ocrx_word' id='word_1_473' title='bbox 1214 4221 1328 4297; x_wconf 88' lang='lat' dir='ltr'><strong>omnia,</strong></span> <span class='ocrx_word' id='word_1_474' title='bbox 1348 4235 1424 4301; x_wconf 87' lang='lat' dir='ltr'><strong>quaa</strong></span> 
     </span>
    </p>
   </div>
   <div class='ocr_carea' id='block_1_3' title="bbox 210 4317 1086 4394">
    <p class='ocr_par' dir='ltr' id='par_1_3' title="bbox 210 4317 1086 4394">
     <span class='ocr_line' id='line_1_50' title="bbox 210 4317 1086 4394; baseline 0.018 -30"><span class='ocrx_word' id='word_1_475' title='bbox 210 4317 245 4379; x_wconf 77' lang='lat' dir='ltr'><strong>(l)</strong></span> <span class='ocrx_word' id='word_1_476' title='bbox 260 4321 386 4370; x_wconf 58' lang='lat' dir='ltr'><strong>balsan.</strong></span> <span class='ocrx_word' id='word_1_477' title='bbox 401 4325 501 4384; x_wconf 70' lang='lat' dir='ltr'><strong>baete</strong></span> <span class='ocrx_word' id='word_1_478' title='bbox 515 4325 553 4385; x_wconf 77' lang='lat' dir='ltr'><strong>lb,</strong></span> <span class='ocrx_word' id='word_1_479' title='bbox 567 4327 643 4374; x_wconf 51' lang='lat' dir='ltr'><strong>net.</strong></span> <span class='ocrx_word' id='word_1_480' title='bbox 676 4336 678 4344; x_wconf 72' lang='grc'>’</span> <span class='ocrx_word' id='word_1_481' title='bbox 842 4329 888 4394; x_wconf 68' lang='lat' dir='ltr'><strong>lb</strong></span> <span class='ocrx_word' id='word_1_482' title='bbox 904 4329 959 4394; x_wconf 83' lang='lat' dir='ltr'><strong>(lap.</strong></span> <span class='ocrx_word' id='word_1_483' title='bbox 974 4333 1086 4380; x_wconf 71' lang='lat' dir='ltr'><strong>rtrntlor.</strong></span> 
     </span>
    </p>
   </div>
   <div class='ocr_carea' id='block_1_4' title="bbox 0 0 1491 4736">
    <p class='ocr_par' dir='ltr' id='par_1_4' title="bbox 0 0 1491 4736">
     <span class='ocr_line' id='line_1_51' title="bbox 0 0 1491 4736; baseline 0 0"><span class='ocrx_word' id='word_1_484' title='bbox 0 0 1491 4736; x_wconf 95' lang='lat' dir='ltr'><strong> </strong></span> 
     </span>
    </p>
   </div>
  </div>
 </body>
</html>
