2962 4736
213 145 276 208 ldl
612 160 797 208 rueouoctan
814 159 975 208 ornemus

171 238 256 304 cialis
274 238 400 304 decursu
422 237 559 320 dogmata
576 239 677 302 omnia
695 259 770 302 con·
812 249 866 316 tes,
883 239 932 321 qui
951 239 1071 318 docent,
1091 258 1142 321 per
1159 238 1251 302 solnm
1271 237 1367 301 sudem
1389 259 1420 302 o·

172 335 217 388 tra
232 323 468 386 adversariorum
481 325 707 388 criminationes
722 325 771 387 de·
812 324 892 386 mnia
909 335 1031 406 peccata
1060 343 1127 386 curn
1146 323 1287 386 erunibus
1308 325 1419 404 poenis

172 408 345 472 tenduntur.
375 407 586 474 caeremoniae
618 409 770 472 Ecclesiae
812 407 933 485 cernite,
964 409 1036 490 quin
1055 409 1131 470 aliae
1162 407 1260 470 cordis
1279 407 1418 488 disposi-

172 491 354 567 Catbolicao,
379 493 540 558 dummodo
559 501 639 556 recte
656 492 769 556 inlelli-
811 492 907 554 tiones
926 495 1129 574 requirantur.
1152 491 1209 554 Per
1225 491 1306 552 banc
1319 509 1418 552 asser·

171 585 296 656 gantur,
310 595 343 650 ,a
359 579 571 658 superstitione
601 578 689 656 longe
717 596 769 640 re·
810 577 921 638 tionem
937 579 1049 639 seelera
1066 577 1214 652 locentur,
1231 595 1295 638 nou
1312 586 1414 638 nutem

173 671 270 724 mutue
288 669 369 737 suttt,
390 669 418 723 et
439 681 540 726 uerum
562 681 597 724 ac
616 662 768 724 internum
811 679 863 742 per
883 661 1048 724 doctrinam
1074 660 1263 722 catholicam.
1291 659 1358 741 lpse
1377 680 1416 722 e·

170 745 224 812 Dei
242 748 354 810 celtum
373 763 432 808 non
465 747 561 810 solum
589 765 648 808 non
670 746 768 829 impe·
810 745 871 808 nim
889 746 1057 808 necessaria
1080 754 1269 825 peccatorum
1289 746 1414 808 conlas-

171 831 269 908 diunt,
300 830 352 892 sed
371 830 447 894 ntire
473 838 663 912 promovent,
689 830 768 913 quod
810 828 854 892 sio
873 829 1009 892 bomines
1023 830 1060 892 ab
1087 829 1132 889 bis
1150 829 1302 890 deterrere
1323 831 1410 893 solet:

170 916 260 980 etiarn
280 914 492 976 moderatiores
510 913 711 977 Protestantes
729 916 771 978 la·
810 923 965 995 praeterea
992 920 1163 995 peccatores
1197 913 1317 974 veniam
1353 933 1413 976 non
1466 971 1467 976 ,

171 1009 288 1077 lentur,
317 1007 347 1061 et
364 1000 429 1080 ipsa
446 999 627 1080 experientia
646 1007 771 1062 testatur
810 1007 1051 1079 consequuntur,
1078 996 1134 1058 nisi
1151 1015 1220 1059 vere
1237 998 1364 1082 contriti
1388 1011 1415 1060 et

171 1085 200 1166 (ξ
217 1085 284 1165 ll).
303 1117 345 1132 -
362 1083 505 1146 Catholici
522 1081 579 1164 ipsi
597 1083 721 1161 docent,
736 1085 772 1146 li·
810 1081 981 1144 satisfacere
1007 1082 1103 1164 parati
1121 1081 1201 1144 siut:
1229 1101 1322 1144 nemo
1347 1099 1415 1163 pro·

170 1171 261 1232 citum
283 1168 453 1230 nullatenus
470 1185 555 1243 esse,
570 1164 698 1243 Sanctis,
719 1177 770 1230 sut
810 1175 911 1248 pterea
931 1184 965 1228 ea
983 1166 1118 1228 doctrina
1135 1165 1287 1228 Ecclesiae
1305 1163 1417 1229 Carbo·

169 1251 205 1322 B.
219 1251 254 1318 V.
268 1251 377 1314 blaciae
389 1249 501 1314 c'ultunn
519 1251 623 1314 latriae
639 1251 765 1315 deferre:
810 1250 886 1314 linae
913 1251 1045 1332 exposite
1074 1251 1105 1311 in
1127 1249 1260 1313 Concilio
1281 1249 1414 1313 Triden-
1466 1295 1467 1312 .

169 1356 240 1418 ergo
253 1335 466 1400 abidololatrin
483 1337 602 1418 penitus
614 1343 684 1400 suot
709 1336 769 1398 im·
811 1335 874 1398 tino
892 1335 947 1398 rite
963 1334 1075 1396 absolui
1091 1343 1205 1416 potest,
1221 1335 1274 1416 qui
1293 1334 1413 1398 sincero

169 1441 287 1485 munes.
312 1453 354 1468 -
378 1417 535 1501 Nunquam
559 1419 692 1482 Ecclesia
716 1440 769 1482 ca·
810 1439 869 1482 non
889 1420 987 1482 doleat
1012 1419 1048 1482 de
1069 1419 1198 1500 peccatis
1226 1420 1411 1500 praeteritis,

168 1507 279 1570 tbolica
292 1503 406 1579 docuit,
426 1503 583 1566 haereticis
595 1503 681 1566 tidem
701 1505 768 1566 nul·
810 1513 840 1566 et
866 1505 989 1566 firmiter
1016 1523 1077 1566 non
1106 1513 1274 1585 proponat;
1312 1505 1413 1584 quod-

167 1593 227 1654 lam
244 1587 410 1653 habendam
425 1607 503 1664 esse,
517 1593 551 1650 ul
568 1588 653 1650 inulti
670 1589 770 1651 cetbo·
810 1589 835 1650 si
853 1607 938 1650 casus
955 1588 1117 1665 contingat,
1137 1587 1169 1648 in
1186 1606 1245 1668 quo
1267 1588 1345 1649 baec
1363 1605 1411 1649 re-

168 1675 219 1738 lici
237 1671 401 1754 Scriptores
427 1672 485 1734 iam
512 1671 766 1736 demonstrarunt.
809 1673 879 1752 gula
906 1680 1146 1748 subseruntur,
1174 1691 1234 1732 non
1257 1671 1412 1734 Ecclesiae

167 1754 673 1839 Falsumpariterest,sacerdotum
689 1757 769 1820 arbi·
809 1757 972 1832 doctrinae,
992 1755 1043 1818 sed
1066 1763 1118 1817 aut
1145 1756 1411 1832 confessariorum,
1467 1819 1468 1850 ,

169 1843 226 1906 trio
239 1841 369 1924 permitti
387 1841 597 1904 relaxationem
614 1841 768 1904 iuramen·
809 1849 861 1903 aut
882 1841 1098 1922 poenitentium
1120 1839 1190 1900 vitio
1217 1841 1292 1900 uerti
1307 1841 1409 1902 debet.
1467 1867 1468 1882 ι

169 1923 638 2005 ti,aliarumqueobligationutn.
652 1926 770 2007 siprue·
809 1926 906 1988 Etiam
917 1935 949 1988 ut
966 1923 1167 2001 indulgentias
1184 1923 1253 2003 quis
1264 1923 1411 2000 lucretur,

168 2012 272 2076 sertim
294 2017 399 2089 agatur
415 2009 452 2071 de
470 2011 535 2071 iure
552 2011 644 2074 tertii.
665 2008 768 2081 Quoad
809 2011 926 2072 interno
938 2009 1138 2090 poenitentiae
1146 2007 1253 2088 spiritu
1268 2007 1411 2084 animari,

169 2115 219 2158 eas
237 2112 306 2158 sero
326 2093 534 2172 obligationes,
561 2112 638 2175 quae
657 2095 769 2156 nullius
810 2104 839 2157 et
857 2113 946 2174 opera
964 2092 1109 2174 quaedam
1130 2092 1208 2154 bona
1227 2092 1411 2173 praescripta

169 2180 216 2242 ius
233 2178 363 2255 violant,
392 2185 422 2239 et
445 2177 506 2240 Deo
532 2186 645 2240 tantum
666 2178 768 2241 fideles
810 2180 950 2260 perticere
966 2178 1073 2254 debet;
1099 2193 1167 2254 ergo
1195 2179 1286 2236 etiam
1306 2173 1410 2237 Indul-

170 2263 370 2339 adstcingunt,
389 2261 466 2324 iusta
485 2261 687 2326 intercedente
699 2282 769 2325 ceu·
808 2262 925 2343 gentiae
941 2262 1110 2324 nullatenus
1137 2269 1271 2340 teporem
1291 2277 1409 2340 promo·

169 2366 214 2422 sa,
231 2345 317 2407 Rom.
330 2345 477 2420 Pontifex,
491 2355 542 2408 aut
556 2346 712 2410 Praesules
728 2357 770 2410 et·
810 2356 889 2422 sent,
910 2346 963 2408 sed
983 2347 1143 2408 burconem
1163 2343 1308 2405 adiuvant
1323 2344 1409 2406 infir·
1468 2409 1469 2412 ,

170 2430 408 2505 iatndeclarant,
430 2448 481 2492 eas
503 2448 562 2492 non
590 2430 768 2508 obligarem
809 2433 955 2493 mitatem.
1468 2491 1469 2510 ,

170 2513 371 2597 peculiaribus
382 2512 541 2588 adiunctis,
558 2514 708 2596 inquibus
722 2535 770 2578 ce·
853 2515 916 2579 ott.
926 2515 955 2576 5.
965 2509 1098 2576 Ecclesia
1107 2509 1259 2575 Catbolica
1272 2529 1333 2572 non
1347 2521 1410 2594 pot·
1468 2521 1469 2580 ξ

170 2597 315 2662 derentin
330 2595 490 2678 perniciem
504 2598 683 2677 animarum,
701 2618 767 2660 cum
809 2608 854 2661 est
874 2599 933 2661 dici
953 2605 1055 2660 sancta
1073 2595 1104 2656 in
1130 2593 1293 2674 membris3
1315 2598 1411 2658 dena·
1468 2597 1469 2636 l

171 2702 260 2764 saepe
291 2681 443 2758 contingat
470 2684 631 2746 nonnullos
660 2694 770 2745 temere
810 2683 931 2744 minatio
961 2681 1040 2744 enim
1071 2679 1238 2742 desumitur
1266 2681 1410 2743 atnaiori
1468 2679 1469 2682 ’

171 2777 223 2830 aut
251 2765 459 2842 iureiurando,
487 2774 538 2828 aut
569 2777 637 2830 voto
663 2786 695 2830 se
713 2766 769 2828 ob·
810 2777 904 2848 parte:
923 2767 1006 2848 etqui
1036 2764 1125 2826 etiam
1144 2763 1223 2824 inter
1239 2761 1411 2827 Catbolicos

172 2851 328 2928 stringere.
348 2883 391 2896 -
408 2846 439 2912 st
451 2850 502 2930 qui
518 2849 658 2930 Tbeolugi
679 2852 771 2913 lario·
809 2853 908 2932 plores
926 2859 996 2927 sunt
1013 2849 1095 2924 mali,
1114 2866 1202 2929 quam
1222 2847 1306 2925 boni;
1326 2847 1408 2910 Reli·

171 2953 219 2998 res
229 2933 393 2996 sententias
404 2946 636 3015 proposuerunt,
652 2934 767 2998 allusu.
807 2936 957 3014 giosorum
989 2951 1130 3016 quoque,
1155 2941 1185 2994 et
1213 2929 1407 2993 Sacerdotum

171 3016 366 3082 Pontificibus
403 3035 471 3078 mox
500 3017 575 3081 istae
612 3020 769 3082 damnatae
810 3038 907 3082 mores
925 3018 1056 3099 corrupti
1076 3025 1165 3090 sunt3
1194 3015 1254 3076 imo
1275 3024 1305 3076 et
1332 3017 1409 3078 inter

171 3111 252 3179 sunt,
273 3110 306 3162 ut
328 3100 451 3162 historia
468 3111 609 3180 testatur,
641 3102 712 3164 satis
734 3121 768 3164 e·
808 3103 993 3184 Episcopus,
1021 3120 1055 3163 ac
1077 3098 1236 3161 Pontifices
1256 3098 1408 3164 Romanos

172 3187 234 3248 nim
253 3194 340 3270 nolae
358 3193 427 3246 suut
446 3185 710 3266 propositionesab
722 3188 769 3250 A·
809 3189 929 3268 pessimi
941 3187 1112 3249 extiterunt.

172 3271 319 3334 lenundrn
340 3269 403 3344 Vll,
421 3269 458 3330 ab
473 3271 709 3347 InnocentioXl,
731 3272 768 3333 ab
849 3272 935 3352 Resp.
966 3266 1173 3332 Denominatio
1200 3286 1260 3328 non
1290 3285 1410 3349 semper,

171 3353 346 3418 Alexandro
369 3353 440 3418 Vttt
454 3363 511 3417 etc.
532 3356 724 3436 proscriptae.
808 3355 973 3418 desumitur
986 3374 1003 3416 a
1015 3370 1150 3427 numero,
1162 3353 1208 3414 vel
1221 3354 1404 3428 extensione,

215 3435 279 3499 Obl.
299 3436 330 3497 4.
350 3435 431 3499 luter
443 3439 547 3500 salutis
560 3439 657 3501 media
669 3439 700 3500 in
715 3438 771 3500 Ec·
808 3439 860 3502 scd
887 3457 1002 3519 saepe,
1032 3434 1190 3518 praecipue
1214 3435 1287 3497 dum
1312 3432 1411 3516 agilurj

174 3520 266 3584 alesia
284 3518 433 3584 Catlrolica
452 3519 674 3584 Sacramentum
696 3521 769 3584 Poe·
810 3523 846 3586 de
872 3521 1064 3585 societatibus
1089 3519 1247 3598 ltumanis,
1277 3539 1305 3600 a,
1325 3527 1408 3602 parte}

172 3603 328 3679 attentius,
346 3612 375 3666 et
388 3604 592 3683 Indulgentiae
610 3625 770 3669 numerari·
809 3607 960 3669 nobiliori:
978 3607 1020 3668 sic
1037 3605 1140 3667 civitas
1160 3604 1271 3665 dicitur
1286 3603 1408 3684 opulen-=

174 3695 234 3766 lun,
254 3705 331 3769 quse
357 3696 455 3750 autem
485 3691 577 3767 tnagis
601 3691 638 3752 ad
657 3693 770 3754 scelera
810 3699 977 3772 tapropter
1003 3689 1145 3771 quosdam
1170 3689 1201 3750 in
1223 3705 1259 3749 ea
1278 3689 1409 3768 apaten-2

173 3773 409 3852 lovennensium
426 3772 461 3834 ad
476 3791 510 3836 ea
521 3774 711 3856 impedienda
725 3775 771 3838 iu·
811 3785 865 3851 tos,
883 3777 953 3837 licet
970 3775 1063 3836 multo
1079 3774 1180 3854 plures
1192 3771 1224 3832 in
1244 3790 1281 3834 ea
1292 3770 1410 3832 sintin.

117 3911 126 3929 ‚
174 3858 319 3919 serviunt.
343 3855 479 3918 Facilitas
504 3861 583 3920 enim
604 3860 770 3923 absolutio·
810 3878 892 3940 opes.
913 3860 989 3937 Ergo
1008 3859 1097 3919 etiam
1112 3855 1243 3919 Ecclesia
1257 3855 1408 3918 Cutltolica
1439 3887 1442 3895 ‹

174 3941 234 4016 nis,
254 3950 284 4002 ct
299 3938 552 4018 Indulgentiarum
571 3945 657 4025 copia
677 3944 772 4006 bomi·
809 3944 975 4005 rectissime
999 3951 1102 4004 sancta
1126 3941 1310 4010 nominatur,
1339 3940 1408 4020 quia

176 4043 230 4086 nes
258 4023 295 4085 ad
326 4026 550 4108 multiplicanda
567 4027 671 4090 incitat
698 4047 771 4110 pec·
810 4045 929 4108 semper
946 4025 1170 4088 animosiustas
1197 4034 1226 4086 et
1243 4025 1406 4084 sanctasin

175 4117 253 4170 catu·
810 4129 864 4172 suo
878 4112 945 4172 sinu
960 4112 1049 4172 louet:
1068 4109 1236 4183 resarcient,
1252 4107 1334 4188 quod
1345 4109 1408 4186 plu·

216 4191 300 4269 Resp.
321 4188 426 4253 llirum
446 4200 509 4272 est,
532 4192 680 4274 quomodo
699 4193 772 4256 haec
811 4195 949 4270 resmali,
964 4213 1051 4276 quam
1068 4193 1137 4254 borni
1155 4195 1226 4268 siut,
1243 4192 1314 4272 quia
1326 4191 1409 4253 Cbri·

177 4273 264 4360 nobis
282 4275 411 4338 obiicere
441 4279 570 4340 audeant
598 4276 772 4340 Ilrotestau·
811 4290 873 4342 stus
889 4279 952 4361 ipse
971 4277 1126 4359 praedixit.
1147 4277 1177 4339 in
1199 4297 1252 4340 sua
1273 4275 1408 4338 Ecclesia
