2962 4736
40 4397 65 4424 Ι

1392 94 1404 129 b

213 177 275 240 l90
612 195 795 243 ruuouooruu
815 192 976 240 cruentius

173 273 249 338 tirus
268 259 330 352 dat,
348 286 441 340 cessat
455 295 520 341 esse
536 277 703 342 membrum
716 277 772 342 Ee·
788 278 792 340 1
811 275 879 352 lico,
899 293 954 356 per
970 293 1058 357 quam
1078 293 1138 338 non
1155 273 1332 357 intelligitur
1350 282 1413 346 sola

171 359 290 422 clasiae:
314 360 355 422 ita
381 362 468 424 etiam
489 361 666 446 Episcopus,
686 363 717 425 in
737 381 772 424 a·
811 359 961 436 Ecclesia,
985 359 1017 420 in
1035 359 1153 422 ciuitate
1171 368 1200 422 ct
1218 362 1343 440 regione
1361 385 1413 427 ro·

170 443 315 524 postolira
327 445 466 508 cathedra
481 447 599 524 sedens,
616 447 641 509 si
657 448 687 509 in
701 447 772 510 bae·
811 461 899 504 manu
916 443 1054 521 inclusa,
1074 444 1125 505 sed
1144 443 1354 524 intelliguntur
1376 470 1412 510 o·

169 528 261 604 resin,
288 528 331 590 rel
351 529 480 594 schisma
508 531 637 610 labatur,
658 529 768 593 desiuit
810 545 895 590 mnes
910 528 1043 588 omnium
1069 527 1203 589 locorum
1223 530 1341 610 fideles,
1358 553 1412 616 per

169 629 234 672 esse
251 611 458 694 Apostolorum
487 633 652 678 successor.
673 613 770 677 Allata
809 629 899 672 unam
919 610 1007 672 iidem
1024 619 1054 674 et
1068 609 1286 678 subiectionem
1301 613 1411 680 Roma·

168 714 238 774 ergo
269 695 427 760 dillleultas
460 707 636 777 argumenta
666 708 769 760 nostra
788 746 790 807 ,
809 713 848 756 nc
865 693 1001 756 Pontrlici
1029 695 1118 771 uniti3
1138 697 1286 760 Ecclesiae
1301 699 1406 764 Prote-

167 797 227 840 nou
243 789 377 857 enervat,
397 781 448 844 sed
461 793 575 844 certrrm
597 789 709 859 monet,
729 781 768 844 il·
788 820 789 841 t
806 779 963 854 stantium,
973 779 1028 840 sub
1041 797 1099 860 quo
1113 781 1232 841 nomine
1245 785 1406 866 praecipue

166 863 225 925 lam
244 881 310 926 esse
331 883 431 927 rerum
452 864 559 930 Christi
578 865 765 944 Ecclesiam,
786 851 789 924 l
806 863 887 925 veuit
900 863 1031 926 Ecclesia
1041 863 1224 940 Lutherono,
1233 884 1287 926 seu
1300 868 1407 931 Euon-

165 964 242 1030 quuc
254 947 345 1011 hahet
359 969 546 1014 successores
557 950 766 1033 Apostolorum
786 959 788 989 ³
804 947 908 1027 polico,
926 947 1058 1012 Ecclesia
1074 947 1263 1024 Coloioiooo,
1281 967 1337 1012 seu
1358 970 1409 1016 re·
1467 961 1468 996 t

165 1050 219 1114 per
240 1041 351 1094 rectum
372 1033 459 1096 ssdem
485 1044 514 1096 et
533 1033 675 1098 unionem
697 1053 764 1096 cum
786 1030 945 1112 'scrutate
962 1041 991 1092 et
1007 1031 1317 1114 Eccleaivoplicouo
1332 1045 1406 1114 eto,
1467 1037 1468 1054 ¹

163 1115 315 1178 Ecclesiae
329 1117 426 1198 cupite
444 1119 685 1180 coniunctorum.
785 1136 786 1146 ¹
804 1115 969 1177 eudemum
984 1115 1115 1178 Ecclesia
1128 1116 1408 1184 GraecuSchiamo·

204 1201 282 1264 Noto
300 1201 330 1262 b.
351 1199 443 1263 Notae
455 1221 532 1283 quae
548 1203 583 1264 ad
597 1221 696 1264 reram
711 1201 766 1266 Ec·
783 1275 784 1286 χ
803 1200 874 1276 tite,
894 1198 942 1261 oui
957 1199 1099 1260 adhaeret
1120 1201 1250 1264 Ecclesia
1265 1203 1404 1268 Etcaico.

162 1284 285 1346 clesium
308 1305 326 1346 a
351 1285 424 1346 salsa
442 1285 655 1349 secernendum
685 1286 763 1348 assi·
782 1291 785 1360 ζ
802 1282 863 1346 lum
878 1283 903 1344 si
916 1283 1056 1346 Ecclesiis
1074 1283 1149 1359 istis,
1167 1285 1297 1365 quaeda
1316 1307 1406 1352 rarae

160 1379 267 1446 gnatae
296 1376 385 1446 sunt,
411 1370 534 1432 omniuo
561 1380 658 1433 certae
674 1378 760 1447 sunt,
782 1365 910 1430 iChristi
922 1367 1072 1429 Ecclesiae
1087 1368 1347 1447 nomineqloriari
1359 1392 1407 1434 so·

161 1453 232 1534 quia
243 1472 277 1514 ex
292 1451 383 1515 verbo
401 1454 510 1536 scripto
533 1461 563 1516 et
578 1454 684 1516 tradito
698 1472 764 1537 pro·
781 1425 784 1491 l
801 1450 876 1528 lent,
896 1451 1068 1534 praedictae
1086 1459 1214 1533 quatuor
1230 1461 1321 1516 nome
1348 1475 1405 1538 ap·

159 1535 762 1612 butumest,illusreraeEcolesiueoom·
800 1535 959 1618 plioeutur,
990 1535 1053 1597 sole
1084 1536 1193 1598 clarius
1218 1539 1401 1619 apparebit,

158 1630 261 1701 petere
279 1621 400 1683 debere.
421 1620 523 1704 Neque
542 1622 671 1685 dubitari
690 1631 759 1704 pot·
799 1619 986 1682 solummodo
1010 1619 1106 1702 primo
1125 1620 1189 1682 loco
1214 1623 1403 1687 nominatam

158 1712 215 1784 ost,
231 1705 300 1768 illas
311 1705 455 1786 publicos,
469 1727 522 1769 seu
540 1707 668 1770 visibiles
680 1727 757 1785 esse,
798 1703 974 1782 Ecclesium,
993 1723 1094 1767 reram
1110 1703 1215 1768 Christi
1234 1706 1402 1770 Ecclesiam

157 1787 199 1850 itu
218 1797 251 1851 ut
269 1809 392 1868 omnes,
413 1791 464 1872 qui
488 1791 600 1868 velint,
620 1791 687 1853 illas
709 1791 758 1853 di·
797 1806 874 1866 csse3
902 1787 931 1850 id
950 1796 1049 1850 autem
1069 1789 1105 1851 de
1127 1789 1252 1851 caeteris
1272 1793 1401 1856 nullate·

155 1892 299 1950 gnoscere
315 1875 444 1954 valeant3
461 1893 528 1937 uam
545 1875 623 1938 baud
638 1875 757 1938 dillicile
797 1891 853 1934 nus
868 1872 926 1934 diei
944 1891 1042 1955 posse.
1062 1871 1135 1934 Nam
1150 1873 1180 1935 l.
1199 1878 1401 1940 oererccle-
1467 1875 1468 1888 ¹

155 1966 201 2020 est
230 1977 430 2037 cognoscere,
455 1977 601 2040 quaenam
623 1959 757 2022 Ecclesia
795 1957 960 2020 sternutae
984 1975 1085 2020 omues
1106 1967 1272 2039 competunt
1293 1961 1400 2024 Eccle-
1467 1975 1468 1984 ¹

154 2043 299 2123 unitatem
314 2043 663 2105 internametexternam
677 2062 757 2106 eom·
794 2041 856 2103 rice
870 2041 1400 2117 Romarm-cathericum.noscero
1467 2065 1468 2078 ¹

153 2127 277 2188 menduc
305 2134 335 2188 et
364 2136 474 2204 teneat,
505 2145 652 2208 quaenam
682 2146 755 2209 prae
794 2127 1266 2208 competuntEcclesiiareliquia.
1361 2208 1365 2214 Ι
1401 2157 1403 2162 2
1467 2153 1468 2192 3

154 2209 281 2272 cacteris
310 2219 411 2272 sancta
439 2219 620 2293 praecepta,
653 2219 755 2274 sancta

152 2293 251 2354 media
278 2301 307 2354 et
326 2304 427 2356 sancta
456 2294 592 2356 membra
621 2294 751 2374 habeat,

153 2395 301 2457 quaenam
315 2377 427 2460 ubique
443 2378 481 2440 sit
500 2379 619 2455 diffusa,
640 2387 670 2440 et
688 2379 753 2440 exi·

151 2461 290 2522 steutium
307 2481 390 2522 suam
410 2462 531 2525 nonnisi
542 2462 580 2524 ub
592 2463 656 2546 ipso
670 2463 753 2526 Chri-

150 2553 196 2607 sto
211 2554 241 2608 et
258 2545 540 2627 Apostolisrepetat,
554 2565 700 2628 quaenam
715 2548 752 2610 de

150 2628 358 2711 Apostolorum
375 2629 598 2693 successoribus
613 2631 679 2694 iure
689 2633 751 2712 glo·

150 2712 245 2774 rietur
261 2723 318 2776 eto.
338 2711 474 2796 Denique
497 2713 552 2776 hae
570 2724 670 2792 notae,
686 2717 749 2778 col-

149 2795 255 2859 lective
282 2807 409 2875 sumtus,
436 2799 556 2860 nonnisi
573 2801 625 2861 uni
644 2799 758 2862 Eccle-·

149 2880 211 2942 siae
220 2883 361 2962 propriae
372 2901 439 2945 esse
451 2890 587 2964 possunt,
597 2884 666 2965 quia
675 2903 750 2944 non-

148 2965 206 3026 nisi
223 2985 281 3028 una
300 2965 460 3028 Ecclesiae
475 2965 590 3029 Christo
610 2967 744 3044 fundata,

148 3058 178 3110 et
199 3048 237 3112 ab
255 3049 404 3132 Apostolis
432 3060 593 3132 propagata
612 3051 669 3112 luit
686 3051 746 3134 (l).

338 3215 511 3262 armodius
524 3215 554 3262 11.

263 3291 393 3352 lpptteatto
409 3294 512 3342 theoriae
527 3295 631 3344 traditae.

380 3371 409 3441 ς.
436 3376 512 3424 ssa.

185 3455 223 3522 Ut
247 3479 315 3522 reru
333 3461 465 3524 Ecclesia
483 3462 673 3542 inveniatur,
691 3483 745 3527 ra-

891 2324 906 2373 l
922 2324 1297 2386 EcclesiaeRomano-Catholicae

932 2388 933 2391 ’
980 2389 1050 2432 uotae
1064 2389 1208 2446 competunt

833 2459 875 2523 lle
890 2459 1014 2540 singulis
1026 2462 1116 2540 notis,
1130 2479 1207 2545 quae
1222 2485 1324 2528 reram
1341 2469 1396 2532 Ec·

791 2545 912 2607 clesiam
932 2565 948 2607 a
967 2546 1041 2609 falsu
1058 2556 1228 2626 secernunt,
1244 2551 1335 2614 lucile
1352 2563 1397 2616 est

791 2629 958 2705 ostendere,
985 2631 1065 2711 ipsus
1093 2633 1258 2696 clarissime
1276 2644 1307 2698 et
1326 2656 1394 2699 cer·
1467 2689 1468 2692 ,

792 2713 905 2775 tissime
923 2725 1094 2797 competere
1112 2715 1263 2780 Ecclesiae
1282 2719 1395 2784 Roma·
1467 2783 1468 2802 ,

790 2798 1020 2861 uo-catholicae.
1467 2805 1468 2816 ’

833 2882 863 2943 l.
884 2880 916 2942 ln
943 2881 998 2944 hac
1018 2883 1158 2945 nimirum
1181 2885 1316 2950 Ecclesia
1336 2891 1392 2952 ad·
1467 2885 1468 2948 ἶ

790 2975 835 3026 est
856 2965 960 3029 Uiritus
978 2967 1008 3048 u)
1036 2968 1170 3046 tute-rou,
1191 2989 1268 3050 quae
1284 2973 1314 3034 iu
1329 2993 1393 3036 uua
1467 3021 1468 3044 ,

790 3049 953 3130 eademque
966 3052 1100 3112 ornnium
1113 3054 1317 3116 membrorum
1333 3059 1393 3121 lide
1467 3057 1468 3084 l

789 3133 936 3196 consistit.
954 3132 1026 3198 Cum
1054 3136 1132 3198 enim
1154 3157 1258 3200 omrres
1280 3139 1393 3206 Catho·
1467 3199 1468 3206 ,

789 3217 837 3278 liei
855 3218 1277 3296 magisteriomauthenticum
1298 3227 1391 3288 etin·
1467 3217 1468 3288 ἶ

788 3299 912 3363 lullibile
940 3321 1117 3381 agitoscere,
1142 3313 1172 3367 et
1195 3306 1266 3369 huic
1288 3308 1388 3389 iniis,

788 3404 864 3466 quae
891 3385 999 3448 Christi
1015 3385 1235 3452 lleoelationem
1262 3407 1390 3456 concer-

787 3477 874 3546 nunt,
886 3487 917 3531 se
929 3471 1017 3532 etium
1036 3471 1153 3534 interno
1173 3493 1297 3537 assensu
1318 3479 1389 3540 sub·

144 3543 225 3620 rius,
253 3564 329 3626 quae
349 3565 380 3607 sc
398 3547 505 3610 Christi
534 3565 599 3609 esse
629 3548 744 3626 dicunt,
786 3548 877 3615 iioerc
897 3561 1065 3632 teneantur,
1086 3555 1238 3619 dissensus
1258 3560 1291 3621 iu
1317 3561 1384 3624 odet

144 3627 293 3691 Ecclesias
320 3631 522 3708 considerare,
543 3632 640 3713 iisque
660 3642 746 3696 notas
787 3637 975 3716 dogmatibus
1001 3638 1065 3699 dari
1088 3642 1259 3704 nullatenus
1278 3654 1384 3726 potest:
1467 3677 1468 3690 κ

144 3714 308 3792 assignatus
330 3714 478 3797 applicare
496 3724 622 3795 oportet.
642 3715 697 3778 Illa
714 3736 747 3778 e-
785 3739 858 3787 num,
871 3723 921 3802 qui
938 3721 1126 3804 culpabiliter
1144 3735 1173 3787 et
1192 3727 1389 3807 pertinaciter

139 3797 206 3857 mim
228 3795 291 3860 sdla
309 3817 361 3880 pro
392 3815 460 3858 reru
487 3797 595 3860 Christi
613 3799 746 3864 Ecclesia
785 3805 976 3884 dissentiunt,
990 3805 1181 3887 eoipsointer
1199 3810 1347 3876 Ethnicos
1360 3823 1389 3878 et

138 3874 282 3943 [habenda
304 3891 366 3957 est,
395 3880 426 3942 in
442 3900 500 3962 qua
528 3901 632 3945 omues
657 3892 744 3947 notae
784 3887 963 3951 Publicanos
980 3890 1153 3954 recensendi
1180 3897 1389 3974 pronuncian-

138 3965 311 4042 assignatae
319 3965 741 4053 conspiciunturconiunctae.
786 3981 844 4034 tur.
861 3972 921 4034 Nec
943 3973 1051 4052 obstat,
1070 3977 1149 4056 quod
1168 3979 1259 4040 etium
1278 3983 1387 4044 catho-
1467 3979 1468 3982 ’

143 4048 344 4112 -Ecolesiue
359 4058 456 4111 autem
471 4048 650 4112 christianae
664 4071 747 4133 prae-
785 4056 833 4118 lici
852 4055 993 4120 Doctores
1021 4059 1052 4118 in
1086 4060 1221 4141 pluribus
1246 4062 1329 4126 inter
1356 4085 1388 4129 sa

144 4129 249 4211 cipuae
260 4143 339 4195 sunt:
353 4134 484 4199 Ecclesia
494 4134 631 4196 Remotio
640 4137 745 4200 Cuthon
784 4140 972 4220 dissentiant3
993 4161 1028 4205 eu
1040 4145 1133 4220 enirn,
1150 4145 1181 4206 in
1200 4145 1312 4228 quibus
1328 4150 1387 4212 dis·

177 4257 345 4316 „mem
364 4265 390 4311 Ρ.
410 4266 427 4312 ῃ
454 4265 539 4324 caat
566 4266 674 4330 AM,
696 4268 737 4318 Η
784 4224 942 4301 sentiunt,
963 4233 1022 4288 nou
1053 4227 1279 4308 suntdogmuta
1302 4230 1392 4311 srdei,

145 4313 246 4363 carrona
259 4319 286 4367 u.
301 4321 356 4378 vrri,
372 4323 395 4368 r.
410 4299 498 4384 q'cap.
512 4299 548 4372 ud
738 4303 747 4345 '·
783 4307 836 4371 scd
861 4309 1017 4389 opiniones
1046 4311 1179 4392 liberae,
1207 4315 1244 4377 dc
1275 4319 1387 4398 quihus
