2928 4734
408 205 481 251 rans
497 205 530 250 ιι.
551 205 654 251 sectio
669 205 701 249 ιι.
717 205 811 250 carun
822 203 871 250 ιιι.
1171 185 1233 252 203

59 302 118 364 pora
149 283 180 344 ad
207 283 300 346 linem
337 292 482 347 venerunt
516 285 631 347 bebdo·
670 303 721 346 rus
740 292 883 347 eratnon
908 283 1004 348 solnm
1023 283 1201 346 insolutam
1222 281 1274 346 lu·

57 369 140 428 madae
154 367 295 444 Danielis,
311 367 381 430 licet
398 369 435 434 ab
454 369 559 430 ultimo
577 369 632 430 Ar·
670 369 825 444 dacorum,
847 368 901 432 sed
920 377 949 432 et
965 368 1098 432 omnium
1114 367 1271 445 gentium:

56 452 154 510 tarenis
172 452 294 514 decreto
321 461 530 534 computatae3
551 453 629 514 baud
669 453 737 534 quis
756 472 826 532 ergo
851 453 890 514 ob
912 459 1034 532 peccata
1061 452 1152 514 unius
1171 452 1272 532 populi

54 536 126 595 mttlto
139 544 199 614 post
210 537 355 616 templum
373 555 439 598 eam
456 537 532 599 urbe
548 537 629 600 leru-
669 555 774 598 omnes
792 544 895 615 gentes
916 537 1061 616 promisso
1076 535 1272 615 redemptoris

53 619 122 678 salem
137 619 318 681 destructum
341 629 398 697 est,
419 621 519 683 ludaei
538 639 554 682 e
573 641 627 703 pa·
668 621 714 681 sui
731 621 857 682 aduentu
874 619 1003 701 priuatos
1020 619 1113 680 luisse
1124 618 1220 681 dieat‘l
1235 654 1271 666 -

53 699 92 761 tria
106 705 210 782 expulsi
227 705 365 786 undique
395 705 522 784 dispersi
540 714 626 782 sunt,
667 705 700 783 d)
712 703 754 768 Ile
767 703 884 766 Iudaeis
896 705 999 784 artique
1015 703 1073 764 iam
1086 703 1269 782 praedictum

50 793 72 844 et
84 787 251 864 pedetentim
266 797 390 865 gentes·
404 789 562 870 praecipue
574 807 627 850 ex·
667 789 747 864 erat,
756 789 837 870 ipsos
847 788 1020 849 adveniente
1031 787 1136 849 Messia
1149 787 1190 848 ita
1201 806 1269 848 cor-

48 870 345 946 pressedenominatae
358 906 372 918 -
384 875 493 934 reiecta
505 873 628 934 idolola-
668 880 769 953 ruptos
788 881 817 934 et
836 872 1011 934 obcaecatos
1028 871 1091 933 lore
1109 879 1141 932 ut
1159 871 1267 932 libera·
1307 907 1312 916 -

47 951 136 1013 triaad
155 955 339 1032 agnitionem
370 957 429 1018 veri
449 957 500 1018 bet
519 975 626 1037 perre-
667 963 760 1017 torem
779 975 867 1017 suum
889 975 948 1018 non
977 963 1186 1034 agnoscerent,
1216 957 1268 1018 sed

46 1045 143 1098 uerunt.
158 1039 235 1117 Ergo
255 1049 335 1101 certe
352 1039 473 1102 Messias
488 1041 546 1102 iam
570 1042 625 1103 ad·
667 1039 846 1101 occiderent.
863 1039 908 1102 Nil
931 1058 1000 1118 ergo
1019 1039 1169 1102 vaticiniis
1188 1039 1267 1100 divi-

47 1120 120 1195 uenit,
135 1129 218 1203 atque
238 1123 308 1184 ideo
321 1119 462 1203 abrogata
479 1125 542 1202 lege
558 1143 625 1188 mo·
666 1123 712 1184 nis
730 1124 823 1202 magis
840 1134 985 1204 repugnat
1006 1142 1094 1204 quaro
1118 1125 1265 1201 assertio,

45 1202 107 1264 saica
118 1225 184 1268 nova
200 1208 345 1268 revelatio
360 1208 532 1271 bominibus
547 1210 625 1271 sacta
665 1208 704 1269 ob
721 1206 898 1270 Iudaeorum
926 1208 1165 1288 depravationem
1194 1228 1265 1289 pro-

47 1295 91 1361 est,
105 1307 173 1368 quae
191 1292 322 1353 sollicite
340 1303 384 1354 est
402 1292 621 1370 investiganda:
665 1292 787 1353 missum
803 1301 903 1369 antea,
923 1302 952 1353 et
969 1293 1067 1372 quoad
1080 1300 1196 1372 tempus
1208 1294 1265 1356 de·

47 1371 165 1434 tutissime
183 1382 287 1436 autem
299 1375 458 1451 inuenitur,
475 1377 499 1437 si
507 1395 541 1438 ex
555 1379 624 1439 cita·
641 1403 645 1444 ι
662 1375 811 1452 signatum
828 1375 950 1438 Messias
966 1377 1123 1438 adveutum
1139 1377 1263 1440 dilatum

45 1457 196 1534 ueteribus,
211 1459 400 1540 aPropbetis
415 1461 621 1541 praesignatis,
662 1478 740 1521 esse.
762 1461 792 1538 e)
805 1461 842 1521 Et
853 1495 869 1508 -
881 1461 906 1521 si
925 1461 965 1521 ita
982 1468 1070 1536 esset,
1086 1460 1198 1535 dicant,
1212 1462 1263 1542 qui

44 1553 108 1598 rarus
122 1539 241 1604 Messias
260 1544 461 1622 dignoscatur.
663 1545 732 1604 talia
751 1544 900 1619 effutiunt,
918 1545 1037 1624 quando
1055 1563 1124 1622 ergo
1143 1544 1263 1609 Messias

80 1623 158 1686 Motu.
183 1625 268 1688 inter
290 1627 415 1689 ludaeos
443 1627 621 1692 eruditiores
661 1628 840 1690 adventurus
862 1628 925 1691 sit‘?
943 1628 1091 1690 -citent
1110 1629 1168 1690 alia
1185 1630 1262 1692 uati·

46 1709 155 1768 ronnulli
168 1727 280 1789 negare
296 1731 354 1772 non
370 1723 439 1773 sunt
454 1714 531 1788 ausi,
547 1723 621 1775 tem·
660 1711 751 1787 cinia,
766 1713 796 1772 in
808 1712 917 1793 quibus
934 1712 964 1773 itl
980 1712 1207 1775 determinaturl
1220 1749 1261 1762 -·

43 1804 82 1878 pus
94 1809 142 1869 pro
159 1794 289 1856 adventu
301 1795 423 1858 Messiae
440 1797 618 1874 stabilitum,
659 1813 726 1856 curn
746 1796 777 1857 id
795 1805 957 1876 nequeant,
975 1797 1053 1858 circa
1075 1815 1136 1860 rem
1151 1799 1261 1862 summi

42 1887 83 1930 ran
106 1879 337 1958 praeterlapsum
361 1899 437 1941 esse.
456 1880 498 1942 Ne
520 1891 618 1944 autem
660 1881 803 1942 momenti
815 1881 846 1941 iu
860 1881 1010 1961 perpetuis
1023 1880 1123 1942 dubiis
1136 1883 1259 1944 ductura·

41 1950 161 2020 Christum
181 1981 238 2024 ceu
250 1962 386 2024 Messiam
399 1965 551 2026 declarare
565 1985 618 2027 co·
658 1981 775 2040 remus,
796 1983 959 2045 omnesque
986 1965 1100 2045 priores
1117 1965 1259 2028 diuinitus

40 2051 163 2119 gerentur,
179 2046 332 2123 dixerunt,
346 2049 558 2127 promissiones
570 2050 617 2111 di·
658 2046 713 2108 hac
729 2048 766 2109 de
788 2067 821 2110 re
839 2049 934 2110 laetae
958 2049 1131 2128 prophetiae
1157 2049 1259 2114 irritae

40 2120 102 2184 tinas
123 2127 157 2189 do
182 2129 292 2193 Massia
311 2131 464 2210 designato
485 2140 617 2214 tempore
656 2131 800 2194 dicendae
819 2141 928 2194 essent.
951 2134 981 2210 l)
1001 2131 1205 2198 Commentuut
1222 2135 1258 2198 de

39 2215 155 2297 venturo,
174 2215 342 2276 conditioni
360 2216 452 2278 luisse
470 2217 615 2294 alligatas,
656 2215 931 2279 dilationeMessiae
947 2217 984 2279 ob
998 2217 1257 2296 peccataludaeo-

41 2303 58 2345 st
71 2287 157 2356 ludaei
170 2298 267 2376 legem
282 2300 440 2362 mosaicam
454 2301 616 2364 stricteob-
655 2317 734 2374 rum,
755 2301 814 2362 illis
834 2301 1019 2382 temporibus
1037 2301 1145 2382 quibus
1168 2302 1256 2366 Clari-

40 2379 207 2457 erraverint,
236 2383 293 2444 bac
324 2393 423 2446 autem
446 2385 616 2447 conditione
655 2392 718 2445 stus
730 2394 908 2465 apparuerat
923 2387 954 2448 in
967 2387 1065 2462 terris,
1078 2387 1210 2463 ignotum
1222 2407 1256 2450 e·

41 2469 83 2516 tun
94 2461 392 2546 adimpleta,Messiae
402 2468 559 2530 adventum
572 2469 616 2530 di·
654 2476 710 2529 rat.
734 2468 794 2548 lpsi
821 2469 901 2532 enim
920 2469 1021 2533 ludaei
1040 2479 1110 2532 tunc
1134 2473 1256 2538 omniuo

41 2534 109 2602 latum
120 2551 288 2631 essequod
300 2551 381 2613 iuxta
393 2552 616 2630 ipsorumcom-
654 2553 788 2632 persuasi
804 2561 915 2628 erant,
934 2554 1015 2616 iuxta
1042 2555 1161 2626 oracula
1182 2573 1254 2636 pro-

40 2635 144 2690 uentum
159 2633 219 2694 iam
238 2635 267 2694 in
279 2634 329 2695 Pr.
343 2634 517 2712 uttttttttttt,
531 2657 558 2698 v.
574 2639 614 2700 39
655 2635 808 2715 pbetarum
817 2635 952 2698 Messium
963 2638 1050 2702 modo
1060 2639 1257 2704 advenirede·

41 2711 194 2802 praedictum
219 2719 287 2795 luit,
308 2719 359 2780 ubi
374 2721 492 2797 legitur:
508 2722 612 2783 Dista-
654 2720 736 2782 bere.
751 2720 783 2783 ld
795 2720 1195 2803 testaturlosepbusFlavius
1206 2723 1253 2802 (l)

41 2784 84 2850 luta
99 2795 246 2864 ebriatum
260 2813 359 2864 tuum.
373 2839 415 2852 -
425 2805 477 2866 Ast
491 2805 612 2866 omnino
653 2802 704 2864 ubi
721 2805 806 2880 dicit,
824 2806 866 2868 nil
886 2806 979 2884 magis
994 2807 1168 2868 sollicitasse
1184 2806 1252 2867 ani·

41 2870 155 2970 ³¹3⁸⁰J¹¹¹¹¹¹
181 2895 251 2960 est,
271 2887 352 2967 quod
370 2885 471 2950 Iudaei
498 2889 613 2950 ueritati
654 2887 904 2953 mosludaeorum
918 2890 1184 2952 addelectionema
1196 2889 1254 2950 Ro·

41 2968 107 3052 ltsstts
131 2967 227 3032 clarae
246 2979 422 3051 opponunt,
447 2972 612 3054 horumque
653 2973 749 3034 manis
774 2982 804 3036 ct
829 2975 864 3035 ad
884 2973 1146 3037 obstinatissimam
1171 2973 1253 3036 urbis

41 3043 219 3138 tacitatacita
236 3055 439 3117 confunditur.
469 3055 560 3118 Nam:
581 3057 612 3137 a)
651 3056 868 3135 defensionem,
885 3075 974 3138 quoru
988 3057 1087 3131 fidem,
1104 3075 1140 3118 en
1152 3057 1253 3118 vatici·
1308 3093 1311 3098 -

40 3131 157 3223 vaticiniis
174 3137 311 3200 absolute
327 3139 447 3219 prolatis
465 3159 525 3202 non
543 3140 612 3203 licet
652 3142 709 3202 nris
723 3149 912 3222 praepostero
930 3159 1020 3204 sensu
1032 3140 1161 3220 acceptis
1179 3141 1253 3204 bau-

39 3218 79 3296 pro
95 3211 168 3280 tnitu
187 3222 375 3286 conditiones
395 3243 557 3306 apponere3
576 3245 612 3288 a·
651 3233 739 3302 stam,
756 3226 834 3306 quod
846 3224 966 3288 Messias
983 3225 1033 3286 illo
1049 3232 1181 3305 tempore
1196 3245 1251 3292 cett

41 3284 80 3351 ¹¹2⁸
94 3297 157 3362 nibil
174 3306 250 3366 certi
268 3324 305 3367 en
327 3306 386 3367 illis
405 3307 470 3370 erui
493 3319 609 3389 posset:
650 3307 711 3370 Rex
729 3309 951 3390 potentissimus
968 3308 1107 3372 advenire
1125 3309 1249 3389 debeat,

39 3385 128 3443 consta
149 3397 248 3450 autem
274 3407 308 3452 ex
335 3391 420 3453 dictis
448 3393 609 3470 vaticinia,
652 3393 702 3473 qui
722 3411 773 3455 eos
787 3392 894 3454 liberet
908 3393 945 3456 ab
962 3392 1147 3458 ethnicarum
1168 3394 1247 3472 iugo.

42 3459 130 3540 tenpus
153 3469 276 3534 Messias
294 3474 535 3551 determinantia,
554 3477 610 3539 ab·
650 3477 788 3538 —Haec
805 3475 981 3540 ludaeorum
1001 3479 1154 3558 persuasio
1170 3487 1251 3544 muta

40 3539 121 3624 otuu,
134 3554 198 3618 sine
213 3557 382 3620 conditione
398 3577 524 3636 annexa,
538 3579 609 3641 pro·
650 3569 712 3622 erat
727 3569 761 3622 ut
778 3559 890 3641 ubique
904 3561 1114 3639 divulgaretur,
1134 3572 1163 3626 et
1178 3563 1250 3645 ipsis

39 3617 82 3685 lata
96 3632 196 3728 ulpino.
219 3639 252 3718 b)
276 3641 411 3704 Absurda
428 3662 547 3724 quoqne
565 3657 611 3708 est
649 3645 979 3726 ethuicisscriptoribus
987 3646 1196 3712 innotesceret.
1206 3647 1251 3710 ld-

40 3711 140 3802 cttdttro
157 3742 174 3784 a
191 3722 307 3786 ludaeis
325 3726 472 3808 apposita:
488 3727 609 3791 Messias
643 3727 881 3809 ,eoSuetoniusin
892 3728 1248 3812 vitatespastaniscrtutc

39 3802 96 3888 turp
106 3806 200 3868 tenire
209 3807 312 3870 debuit
323 3809 354 3870 in
362 3811 525 3873 remedium
539 3832 609 3893 pac·
650 3832 666 3874 a
683 3812 898 3876 Percrebuerat
911 3814 941 3876 iu
956 3812 1078 3880 Oriente
1092 3822 1154 3878 toto
1167 3820 1248 3876 vetus

40 3883 90 3953 ⁰¹¹¹t
106 3885 245 3954 osonum
273 3911 341 3970 ergo
367 3902 411 3956 est
428 3895 526 3958 dicare
543 3898 608 3960 eius
648 3904 678 3958 et
695 3906 834 3960 constans
851 3897 971 3978 opinio,
992 3917 1057 3964 esse
1072 3899 1102 3960 iu
1116 3897 1195 3970 satis,
1215 3904 1248 3958 ut

39 3955 167 4048 alaentum
182 3975 223 4036 ob
239 3987 361 4058 peccata
385 3989 498 4059 patrata
516 3980 607 4043 luisse
647 3999 684 4041 eo
702 3988 835 4061 tempore
859 3980 1115 4062 Iudaea-prolecti
1146 3997 1247 4042 rerum

41 4034 148 4130 blatum,
159 4057 389 4122 sicutabsonum
400 4063 488 4139 toret,
499 4065 608 4126 aduena
629 4073 630 4078 ’
647 4064 825 4144 potirentur.
840 4085 856 4126 ι
870 4097 911 4112 «-
928 4066 965 4129 tu
986 4064 1105 4128 Tacitus
1122 4061 1169 4140 (ἢ)
1191 4063 1243 4126 ait:

39 4123 84 4186 illl
99 4140 195 4202 medici
218 4142 330 4206 differri
345 4145 384 4207 ob
403 4148 540 4210 morbum
555 4146 606 4208 in·
647 4146 815 4210 (Pluribus
827 4149 979 4230 persuasio
991 4148 1098 4218 inerat,
1116 4146 1246 4226 antiquis

39 4217 236 4290 transuectum.
253 4263 295 4274 —
309 4228 338 4309 c)
361 4227 480 4294 Messias
499 4237 604 4294 ventu·
645 4228 840 4294 Sacerdotem
860 4231 967 4295 litteris
985 4227 1144 4308 contineri,
1163 4249 1199 4294 eo
1216 4232 1246 4294 i·

61 4313 403 4393 titt.ta0ssu.ruc.,e.10
675 4335 896 4393 etcinsnma
